3162 5278
1267 353 1332 418 353

38 541 67 600 τά
91 541 232 622 διδόμενα,
259 545 329 604 ὥστε
356 542 451 620 πλήρη
480 541 521 602 ἀεὶ
550 545 682 615 σώζεσθαι
712 545 760 620 τὴν
788 543 979 622 βιβλιοθήκην.
1011 541 1045 607 δ’.
1073 546 1141 625 πρός
1169 545 1201 606 δὲ
1228 546 1331 618 τούτοις

39 663 185 741 ἀπεφάνθη,
216 665 290 734 ὅπως
321 664 335 722 δ
362 669 412 737 τῆς
435 664 647 742 Ἀποκαλίιιήιεως
678 663 751 745 ίερδς
780 668 846 737 ναός
876 666 1029 726 τοίιντεῦθεν
1061 665 1176 746 διατελῇ
1202 667 1253 728 όπδ
1283 669 1331 742 τῆν

37 783 192 862 προστασίαν
210 783 257 845 καί
275 784 413 862 ἐπίσκεψιν
433 789 487 846 τοῖν
510 784 688 846 διδασκάλοιν
711 785 821 866 ἀμφοῖν,
845 785 971 864 δηλονότι
994 789 1064 862 μετά
1079 807 1110 848 τε
1129 793 1179 864 τῆς
1197 795 1331 870 περιοχῆς

38 913 83 964 τῶν
110 905 252 967 κελλείων
281 906 327 968 καὶ
361 912 407 968 τοῦ
440 910 538 986 κήπου,
571 908 599 968 ἐν
622 902 645 988 ᾧ
669 907 845 988 ἐφημερείιειν
873 909 980 987 ἔχουσιν
1008 909 1040 970 ἐκ
1066 915 1120 969 τῶν
1148 911 1277 986 μαθητῶν
1305 909 1329 970 οί

37 1027 176 1108 ἰερωσίνης
205 1031 395 1106 τετυχηκότες.
431 1029 526 1104 ἐπειδὴ
558 1029 588 1088 δέ
615 1029 630 1088 δ
659 1031 738 1101 αἰιτδς
765 1032 831 1102 ναδς
858 1029 975 1112 ὑπάρχει
1001 1035 1047 1090 τοῦ
1074 1031 1146 1092 κατὰ
1172 1033 1221 1107 τὴν
1249 1033 1330 1107 αίιπῆν

37 1156 110 1226 νῆσον
132 1149 207 1230 ίεροίι
229 1155 463 1231 οταυροπηγιακοῡ
485 1153 565 1228 ἡμῶν
588 1152 778 1232 μοναοτηρίου,
805 1153 835 1212 δν
858 1151 883 1212 οἱ
907 1151 936 1212 ἐν
960 1150 1032 1230 αίπῷ
1054 1154 1171 1232 πατέρες
1197 1157 1331 1232 παρεῖχον

38 1271 70 1330 ἑνί
89 1293 139 1330 τινι
167 1272 208 1351 ἐφ’
233 1274 294 1351 όρου
321 1275 395 1348 ζωῆς
423 1275 502 1334 αίιτοῠ
528 1272 720 1347 λαμβάνοντες
747 1269 820 1345 άπαξ
847 1273 972 1335 διακόσια
993 1274 1130 1353 γρόσιαῆ
1157 1273 1203 1334 καὶ
1230 1273 1330 1352 πλείω,

36 1393 97 1464 τέως
120 1393 152 1453 δὲ
172 1389 206 1470 ῆν
230 1393 379 1470 δεδομένος
397 1391 435 1466 εἰς
456 1396 502 1454 τόν
526 1395 643 1474 ῥηθέντα
664 1399 714 1474 κῶρ
731 1393 886 1473 Βασίλειον,
910 1395 1051 1474 ἀπεφάνθη
1074 1393 1120 1456 καί
1142 1395 1203 1475 περὶ
1225 1398 1330 1474 τοότου,

37 1517 102 1586 Ξτως
125 1514 270 1596 μηδετέρῳ
293 1515 379 1591 ζημία
402 1516 568 1596 ἐπιγένηται,
592 1517 690 1576 ἀλλ’ό
714 1515 764 1591 μὲν
786 1520 835 1598 κῶρ
853 1516 997 1589 Βασίλειος
1020 1516 1184 1600 ἐπαναλοίβῃ
1207 1518 1241 1577 τά
1261 1519 1329 1600 άπερ

38 1635 150 1696 δέδωκεν
181 1633 211 1709 ἐξ
236 1635 342 1696 οἰκείων
372 1631 472 1717 άοπρσι,
500 1639 530 1698 τδ
555 1637 585 1696 δέ
609 1637 689 1716 ρηθέν
718 1639 896 1720 μοναστήριον
925 1639 978 1721 ἔχη
1004 1638 1158 1715 λαμβάνειν
1184 1640 1246 1700 κατ’
1270 1640 1330 1712 ἔτος

35 1759 101 1836 παρὰ
127 1763 182 1818 τῶν
210 1757 385 1819 διδασκάλων
413 1759 465 1818 ἀνά
487 1760 584 1838 γρόσισι
607 1756 772 1820 εἰκοσιπέντε
800 1761 893 1818 ἕνεκεν
919 1763 966 1820 τοῦ
988 1761 1068 1820 αὺτοῦ
1090 1763 1165 1824 ναοῦ.
1199 1759 1242 1820 έπί
1264 1761 1328 1822 τοίι-

36 1899 84 1950 τοις
111 1877 166 1957 οόν,
198 1879 348 1958 ἐπιτρόπων
376 1879 459 1940 όντων
488 1879 601 1940 ἐνταῦθα
628 1885 678 1956 τῆς
706 1879 789 1956 αὐτῆς
815 1880 924 1958 σχολῆς
952 1879 1026 1940 ἐσαεὶ
1055 1886 1109 1940 τῶν
1140 1881 1235 1956 τιμίων
1267 1881 1329 1942 ἐπι-

36 2005 134 2080 τρόπων
167 2005 215 2062 τοῡ
249 2001 438 2082 εἰολογημένου
473 2001 607 2082 ῥουφετίου
641 2007 695 2061 τῶν
724 2001 910 2082 γουναράδων,
945 2001 1008 2063 δέον
1043 2001 1136 2084 ἐκρίθη
1170 2003 1328 2064 καθιστάναι

35 2123 140 2182 κάκεῖσε
169 2124 197 2184 ἐν
222 2123 327 2202 Πάτμῳ
355 2124 512 2203 ἐπιτρόπους
539 2122 586 2184 καί
612 2122 768 2204 φροντιστὰς
793 2129 843 2202 τῆς
871 2124 954 2200 αὐτῆς
980 2123 1088 2202 σχολῆς
1110 2125 1257 2206 τέσσαρας,
1283 2124 1328 2184 δόο

36 2243 80 2318 μὲν
100 2245 133 2306 ἐκ
151 2251 204 2306 τῶν
220 2246 374 2306 ὁσιωτάτων
396 2247 520 2326 πατέρων
543 2249 589 2306 τοῦ
613 2245 741 2326 ῥηθέντος
763 2243 836 2326 ίεροίι
859 2245 1048 2326 μοναστηρίου,
1072 2247 1117 2305 τὀν
1139 2247 1210 2306 κατὰ
1233 2247 1327 2327 καιρόν

35 2367 180 2440 ἡγούμενον
203 2365 249 2426 καί
271 2361 339 2452 [τόν]
361 2366 577 2446 ἐκκλησιάρχην,
602 2365 696 2426 δόσδέ
717 2367 822 2426 ἐκτῶν
842 2366 1129 2445 λκίκῶνχριοτιανῶν
1151 2370 1328 2448 προεστώτων

34 2494 77 2562 τῆς
104 2489 185 2563 αίιτῆς
212 2490 322 2569 χώρας,
345 2488 441 2559 οἵτινες
463 2486 729 2567 παραλαμβάνοντες
753 2487 792 2560 εἰς
815 2490 911 2566 χεῖρας
934 2489 1021 2548 αὐτῶν
1043 2488 1077 2547 τά
1100 2488 1329 2564 ἀποστελλόμενα

37 2608 117 2668 ἐκεῖσε
141 2609 194 2668 άπδ
218 2607 411 2685 ἐλεημοσυνῶν
440 2605 529 2688 άσπρα
555 2609 662 2686 ἔχουσιν
684 2609 866 2670 ἀποστέλλειν
889 2607 933 2667 τδν
956 2609 1145 2690 λογαριασμδν
1173 2611 1241 2690 πρός
1267 2611 1329 2682 τοίις

37 2729 144 2790 ἐπαίθα
172 2731 340 2811 ἐπιτρόπους.
372 2735 455 2790 ταῦτα
481 2735 546 2808 γοῦν
575 2731 643 2790 οίπω
669 2736 746 2812 κοινῆ
775 2729 901 2812 συνοδικῆ
930 2729 1073 2808 διαγνώσει
1101 2733 1227 2811 κριθέντα
1249 2731 1328 2807 νομί-

36 2873 89 2924 μως
110 2874 140 2912 τε
167 2851 215 2912 καί
238 2851 351 2922 δικαίως
375 2851 547 2928 διαιτηθέντα
572 2849 619 2911 καὶ
643 2851 830 2930 ἀποφανθέντα
856 2853 923 2931 πρός
949 2852 1040 2927 καλὴν
1063 2857 1109 2912 τοῦ
1132 2851 1229 2913 λοιποῦ
1253 2850 1328 2925 διεξ-

38 2973 143 3052 αγωγὴν
175 2971 223 3033 καί
253 2973 376 3033 σόσταοιν
406 2979 455 3049 τῆς
488 2973 570 3050 αἰιιῆς
600 2973 706 3051 σχολῆς
741 2970 781 3044 εἰς
815 2973 908 3048 κοινῆν
940 2973 1122 3052 προκειμένης
1155 2978 1202 3033 τοῦ
1232 2975 1329 3052 γένους

36 3093 165 3172 ὠφέλειαν
189 3093 304 3170 ἐδέησεν
327 3095 524 3176 ἐπικυρωθῆναι
546 3094 594 3154 καί
618 3094 662 3154 διὰ
685 3097 880 3174 πατριαρχικοῶ
902 3093 1042 3154 σονσδικοῶ
1064 3096 1143 3169 ήμῶν
1164 3097 1328 3174 γράμματος

36 3217 95 3294 τρδς
125 3216 239 3292 διηνεκῆ
270 3215 317 3276 καὶ
348 3217 552 3296 ἀπαράτρεπτον
582 3217 717 3294 φυλακήν,
747 3215 913 3295 παράστασίν
936 3235 966 3274 τε
996 3214 1043 3274 καί
1074 3215 1234 3294 ἀσφαλειαν,
1266 3217 1327 3275 όθεν

36 3340 179 3416 γράφοντες
209 3337 356 3408 συνοδικῶς
386 3337 590 3414 ἀποφαινόμεθα
621 3336 691 3412 μετὰ
720 3341 773 3396 τῶν
803 3334 865 3416 περὶ
891 3337 966 3411 ἡμᾶς
993 3336 1147 3416 ίερωτάτων
1178 3335 1328 3417 ἀρχιερέων

37 3459 76 3517 καί
98 3459 261 3540 Ιὀπερτίμιυη
285 3465 338 3518 τῶν
363 3459 390 3518 ἐν
414 3459 483 3538 άγίῳ
506 3459 638 3533 πνεύματι
661 3457 809 3536 ἀγαπητῶν
829 3459 908 3534 ήμῶν
929 3457 1056 3537 ἀδελφῶν
1078 3456 1126 3518 καί
1149 3457 1327 3538 συλλειτουρ-

36 3588 96 3660 γῶν,
123 3581 168 3640 ἵνα
195 3585 242 3642 τοῦ
271 3579 413 3660 εἰρημένου
440 3579 614 3640 κωδικέλλου
641 3579 740 3658 ἀκόρου
768 3577 814 3638 καί
841 3579 983 3659 ἀνιοχίιρου
1009 3582 1097 3656 πάντ-η
1129 3579 1253 3656 νομίμως
1282 3579 1329 3640 καί

37 3710 180 3776 καιονικῶς
215 3689 440 3781 ἀποδειχθέντος,
475 3703 525 3761 ὅσα
555 3702 626 3762 κατὰ
655 3706 765 3780 καιροὺς
796 3699 961 3778 ἐξεδόθησαν
992 3702 1173 3782 πατριαρχικά
1203 3701 1329 3763 συνοδικά

37 3827 179 3901 γράμματα
210 3822 407 3903 ἐπερειδόμενα
439 3823 477 3901 τῷ
511 3823 582 3903 αυτῷ
611 3823 779 3902 κωδικέλλῳ
811 3825 894 3898 μήπω
926 3822 1152 3904 ἐξακριβωθέντι,
1184 3823 1237 3882 είτε
1267 3823 1329 3904 περί

37 3950 79 4018 τῆς
105 3945 241 4024 διαδοχῆς
268 3951 317 4022 τῆς
347 3945 375 4004 ἐν
404 3945 469 4026 αίιιῆ
496 3951 529 4026 τῇ
557 3945 648 4024 σχολῇ
677 3944 876 4022 διδασκαλικῆς
904 3944 1082 4025 προστασίας,
1111 3943 1164 4004 εἴτε
1191 3943 1328 4025 περὶτῶν

39 4065 144 4139 βιβλίων
172 4067 220 4128 καί
248 4069 399 4148 χρημάτων
429 4065 476 4126 καί
506 4065 610 4126 λοιπῶν
641 4065 787 4144 κτημάτων
817 4065 863 4126 καί
896 4067 1090 4149 ἀφιερωμάτων
1118 4067 1213 4145 αυτ-ῆς,
1242 4066 1329 4147 ἀκυρα

38 4191 143 4252 κάκεῖνα
165 4191 323 4266 διαμένωσι,
346 4187 393 4250 καί
416 4185 462 4274 [εἰ]
484 4189 534 4266 δψέ
549 4189 608 4249 ποτ’
626 4191 658 4247 ἀν
681 4188 878 4269 έμφανιοθείεν,
902 4188 960 4248 ἀντ’
980 4188 1090 4258 οίιδενδς
1111 4189 1195 4266 ἔχωσι
1214 4187 1328 4266 λογίζε-

39 4312 100 4392 σθαι,
123 4313 156 4372 τί
173 4313 197 4373 δ’
215 4311 342 4392 ἀνωτέρω
357 4309 557 4390 κεφαλαιωδῶς
572 4309 716 4369 ἐκτεθέντα
730 4307 792 4390 περί
807 4314 856 4384 τῆς
876 4308 1036 4383 διοικήσεως
1059 4313 1107 4384 τῆς
1123 4311 1206 4385 αὺτῆς
1222 4308 1329 4386 σχολῆς

39 4433 78 4490 καί
105 4441 158 4494 τῶν
189 4431 304 4508 βιβλίων
334 4430 382 4492 καί
410 4439 464 4492 τῶν
494 4435 644 4512 χρημάτων
674 4429 721 4492 καὶ
748 4430 853 4491 λοιπῶν
883 4431 1029 4504 κτημάτων
1059 4427 1106 4488 καί
1134 4430 1329 4510 ἀφιερωμάτωυ

40 4553 181 4632 ἐφείκσυσιν
209 4555 283 4633 ἔχειν
309 4555 339 4614 τδ
366 4557 448 4634 κῦρος
474 4552 521 4614 καὶ
548 4557 596 4629 τὴν
624 4551 700 4630 ἰσχίον
728 4552 932 4632 ἀπαράτρεπτον
959 4550 1005 4610 καί
1034 4545 1234 4626 ἀμεταποίητσν
1261 4551 1329 4610 κατὰ

39 4677 118 4736 πάντα
137 4679 244 4758 καιρόν,
269 4677 315 4735 ἀτε
333 4675 366 4750 δὴ
383 4677 507 4752 νομίμως
529 4675 576 4736 καί
592 4679 744 4746 κανονικῶς
760 4673 941 4754 διαιτηθέντα,
966 4673 1090 4751 εάλόγως
1104 4692 1134 4730 τε
1155 4669 1201 4730 καί
1217 4671 1330 4744 δικαίως

1087 4773 1121 4824 23
