3184 5288
1265 357 1325 420 123

47 548 160 621 ραναχῶν
182 550 233 621 τῆς
254 545 380 621 τοιαύτης
403 550 498 624 μονῆς,
521 549 568 605 τού
589 567 619 606 τε
643 547 822 628 ίερομονάχου
844 547 890 608 καί
912 545 1056 623 οἰκονόμου
1078 553 1159 630 κυρού
1175 549 1326 630 Ἀντωνίου,

45 667 81 722 τοῦ
104 668 224 742 μσναχού
250 670 330 744 κυροῡ
354 663 520 727 Ἰωαννικίου
543 665 589 726 καί
612 672 657 728 τοῦ
680 667 835 748 ναυκλήρου
858 673 939 750 κυρού
962 667 1108 730 Ἀντωνίου
1131 669 1324 750 έπληρσρορή-

45 787 126 864 θημεν,
155 785 323 862 ἐπεκτήσατο
354 787 401 847 καί
430 793 476 848 νύν
502 789 520 864 ἡ
552 789 708 864 δηλωθεῑσα
737 789 807 866 μονὴ
839 791 930 869 ἕτερον
960 790 1058 851 πλοῖον
1089 789 1248 870 ίδιόκτητον,
1279 787 1326 852 καί

46 907 142 981 ἐδέησεν
166 907 342 986 έξαμωθῆναι
365 915 452 992 τούτο,
475 911 631 991 προσῆλθον
653 910 691 990 τῷ
713 911 776 971 καθ’
791 913 866 986 ἡμᾶς
889 913 1008 992 σεκρέτῳ
1032 913 1089 972 ότε
1113 910 1205 990 ῥηθείς
1227 914 1324 988 τιμιιύ-

44 1050 109 1102 τατος
142 1031 350 1110 καθηγούμενος
388 1030 435 1092 καί
468 1031 493 1092 οἱ
527 1032 699 1110 δηλωθέντες
737 1032 854 1112 μοναχοῖ
891 1031 939 1092 καί
975 1033 1110 1116 ᾐτήσαντο
1150 1030 1326 1110 έξαμωθήναι

44 1158 106 1211 τοῦτο
134 1150 181 1212 καί
208 1151 398 1230 παραδοθῆναι
426 1154 515 1234 ρύτοῖς
542 1154 613 1214 κατὰ
639 1153 687 1228 τὴν
714 1158 760 1214 τού
787 1156 915 1234 σεκρέτου
941 1155 1092 1230 συνήθειαι.
1120 1155 1201 1230 ἡμεῖς
1224 1152 1270 1216 ούν
1292 1160 1325 1236 τῇ

43 1274 127 1332 τούτων
154 1271 258 1348 αἰτήσει
285 1278 462 1356 προσχόντες,
490 1273 549 1334 ἐπεὶ
576 1275 606 1334 τό
632 1278 844 1356 προσιστάμενον
869 1273 903 1354 ἦν
935 1276 1012 1338 ούδὲν
1044 1275 1088 1336 διὰ
1116 1277 1148 1336 τό
1174 1275 1326 1353 ίθιόκτητον

44 1390 149 1455 σίνοιτό
172 1400 290 1457 τοιοῦτον
312 1397 409 1458 πλοῖον
437 1403 486 1472 τῆς
514 1395 710 1476 θιαληρθείσης
737 1403 833 1478 μονῆς,
855 1399 1066 1478 παρεγενόμεθα
1091 1398 1118 1457 έν
1141 1396 1180 1478 τῷ
1202 1396 1324 1476 αἰγιαλῷ

41 1515 71 1595 τῷ
91 1517 235 1597 λεγομένῳ
257 1517 384 1600 Νεωρίῳ,
412 1517 440 1578 έν
464 1513 486 1598 ᾧ
509 1521 585 1578 τοῦτο
614 1519 857 1594 ἐλλιμενιζόμενον
879 1517 922 1599 ἦν,
953 1517 999 1579 καὶ
1026 1521 1167 1600 παρόντων
1196 1519 1249 1579 ἀπό
1272 1525 1324 1580 τῶν

42 1639 238 1719 έλαιτπαρόχων
260 1643 307 1699 τοῦ
333 1640 396 1698 καθ’
419 1641 495 1714 ἡμᾶς
523 1640 650 1719 σεκρέτου
680 1641 807 1699 Ἰωάννου
833 1644 880 1700 τοῦ
902 1640 1085 1724 Συροπούλρυ,
1109 1639 1256 1700 Βασιλείου
1278 1645 1325 1702 τού

42 1761 260 1839 Ἀρμενοπούλου,
292 1761 496 1820 Κωνσταντίνου
524 1765 570 1820 τού
597 1761 695 1841 Τζίτα,
724 1763 842 1834 Λέοντος
871 1765 918 1822 τού
949 1761 1063 1840 Ἀσίνου,
1096 1761 1248 1840 Παγκάλου
1279 1765 1324 1822 τού

41 1883 223 1960 Ῑρικλινιιύτου
253 1879 300 1942 καί
325 1887 379 1942 τῶν
406 1881 521 1962 λοιπῶν,
550 1877 628 1942 ἀλλὰ
655 1881 689 1958 δὴ
717 1882 764 1942 καί
790 1887 836 1944 τού
863 1885 1022 1958 τιμιωτάτου
1048 1883 1255 1962 καθηγουμένου
1277 1882 1324 1944 καὶ

41 2010 84 2062 τῶν
110 2009 248 2085 μοναχῶν,
276 2003 315 2083 τῷ
343 2005 449 2078 συνήθει
477 2001 572 2084 ἐξάμῳ
599 2007 675 2064 τούτο
697 2004 942 2080 καθυπεβάλομεν·
971 2003 1048 2080 μίτου
1071 2004 1125 2085 γὰρ
1152 2005 1324 2076 διαταθέντος

42 2123 77 2184 θεέ
96 2131 194 2206 χειρῶν
216 2129 263 2186 τοῦ
286 2146 316 2186 τε
339 2124 512 2201 δηλωθέντος
534 2124 707 2206 Συροπούλου
734 2124 781 2186 καί
804 2127 931 2186 Ἰωάννου
954 2117 1127 2205 ἀναγνώστου
1149 2130 1195 2186 τού
1218 2127 1323 2202 Καμα-

41 2251 118 2328 τηρού,
139 2252 185 2308 τοῦ
209 2248 384 2328 ἐνεργοῦντος
406 2248 436 2306 τ“ο
458 2247 747 2330 πρωτομανδατορικόν
771 2247 867 2326 δικαίῳ
890 2251 936 2307 τού
962 2245 1153 2320 πανσεβάστου
1179 2245 1252 2306 θείου
1278 2249 1325 2307 τοῦ

40 2374 155 2449 κραταιοῦ
175 2368 224 2429 καὶ
248 2369 326 2449 ἁγίου
347 2371 426 2447 ἡμῶν
450 2368 589 2442 βασιλέως
615 2368 661 2430 καί
692 2371 842 2448 λογοθέτου
864 2373 911 2430 τού
934 2367 1043 2449 δρόμου,
1071 2373 1152 2450 κυρού
1174 2370 1324 2428 Κωνσταν-

41 2493 100 2552 τόνου
125 2496 169 2552 τού
192 2491 321 2574 Τορνίκη,
353 2491 466 2571 εύρομεν
489 2491 518 2550 τό
542 2497 630 2567 μῆκος
657 2492 749 2552 τούτου
778 2492 830 2550 ἀπο
858 2494 903 2551 τού
930 2491 1074 2572 καταρτίου
1100 2492 1147 2550 καί
1171 2491 1254 2570 μέχρι
1275 2499 1325 2568 τῆς

42 2612 64 2670 έν
88 2619 118 2694 τῇ
146 2615 255 2696 πρύμνῃ
284 2620 414 2694 ρρακτής,
446 2613 507 2687 μεθ’
535 2609 702 2691 ὑπεξαίρεσιν
729 2619 778 2689 τῆς
809 2612 932 2692 ἀντλίας,
962 2616 1076 2692 πήχεων
1106 2613 1265 2674 δεκαοκτώ·
1294 2615 1324 2672 τό

40 2733 133 2808 πλάτος
158 2736 231 2796 κατὰ
260 2737 290 2794 τό
318 2733 480 2808 μεσαίτατον
507 2733 554 2794 καί
578 2735 660 2810 μόνον
687 2740 736 2810 τῆς
763 2736 828 2812 νηός
855 2737 968 2814 πήχεων
996 2736 1077 2795 ἐννέα
1105 2733 1153 2796 καί
1182 2738 1213 2796 τό
1241 2735 1325 2812 βάθος

38 2855 99 2915 κατά
119 2859 147 2918 τό
171 2857 236 2917 αθτά
259 2857 421 2931 μεσαίτατον
443 2859 557 2934 πήχεων
582 2857 627 2916 δύο
651 2857 718 2937 πρός
744 2854 783 2935 τῷ
805 2855 897 2933 ήμίσει
924 2850 971 2916 καί
997 2855 1036 2935 τῷ
1060 2859 1190 2938 τετάρτῳ,
1219 2858 1263 2936 ἀρ’
1287 2852 1324 2917 ὧν

39 2975 214 3050 ύπεξελόντες“
234 2977 287 3038 ἀπό
318 2976 369 3053 μέν
397 2981 442 3036 τοῦ
468 2978 590 3049 πλάτους
616 2985 705 3056 πῆχυν
734 2978 791 3056 ένα,
823 2979 875 3038 ἀπό
903 2977 933 3038 ἀὲ
960 2983 1007 3038 τοῦ
1034 2977 1135 3068 βάθους
1160 2982 1267 3057 πήχεος
1294 2981 1324 3040 τό

39 3102 152 3179 τέταρτον
183 3095 229 3158 διὰ
258 3101 289 3159 τό
319 3100 490 3179 μακρότατον
525 3095 594 3158 είναι
623 3099 653 3159 τό
683 3100 780 3158 πλοῖον
810 3099 856 3159 καὶ
884 3098 1097 3176 οτενοεπίμηκες
1124 3099 1171 3160 καί
1200 3101 1265 3179 έχον
1294 3098 1325 3174 ἐξ

40 3217 183 3302 όλοκλιήρου
211 3219 332 3300 ἰσότητα,
361 3221 406 3280 διό
432 3223 463 3281 τό
485 3221 534 3296 τήν
557 3221 678 3300 πρύμνην
706 3219 752 3280 καὶ
779 3221 828 3296 τήν
850 3223 960 3302 πρώραν
988 3223 1155 3302 στενωτέραν
1184 3216 1253 3282 εἶναι
1275 3228 1325 3298 τῆς

40 3344 115 3418 μέσης
142 3343 216 3403 κατά
245 3345 275 3403 τό
305 3343 421 3414 πλάτος.
449 3343 579 3415 ὡσαύτως
604 3341 651 3402 καί
677 3342 749 3402 κατὰ
774 3343 805 3402 τό
828 3343 922 3423 βάθος,
951 3343 994 3403 διό
1021 3344 1050 3402 τό
1079 3343 1323 3424 ύπερανεστηκυῖαν

40 3457 99 3522 εἶναι
123 3466 169 3540 τήν
196 3467 289 3545 τρόπιν
317 3464 345 3522 ἐν
368 3467 424 3534 τοῖς
452 3465 556 3544 ῥηθεῖσι
582 3465 687 3545 μέρεσι,
714 3465 932 3545 περιεστήσαμεν
954 3465 1003 3539 τήν
1026 3465 1118 3524 τούτου
1140 3459 1261 3546 χώρησιν
1285 3465 1324 3539 είς

40 3583 135 3657 μοάίσυς
156 3585 322 3658 θαλασσίους
350 3585 500 3664 δισχιλίους
525 3589 669 3666 τριάκοντα
691 3588 825 3667 τέσσαρας
848 3587 893 3645 σύν
915 3592 948 3668 τῇ
971 3592 1021 3662 τῆς
1044 3587 1169 3667 πρύμνης
1191 3589 1323 3669 χωρήσει,

39 3707 256 3790 καταλογισθείοῃ
287 3705 389 3782 μοάίων
417 3707 573 3768 θαλασσίων
605 3708 702 3768 έκατόν
731 3705 778 3768 καὶ
806 3705 845 3780 είς
874 3708 922 3783 τὴν
952 3714 1005 3768 τῶν
1037 3708 1167 3786 έγκοίτων
1197 3703 1244 3770 καί
1270 3708 1323 3770 τῶν

40 3827 151 3903 σχοινίων
178 3829 318 3910 ἀπόθεσιν,
346 3831 384 3900 ὡς
410 3835 460 3905 τῆς
486 3831 597 3910 πρώρας
624 3830 663 3905 μὴ
697 3829 813 3908 ἐχούσης
840 3829 995 3906 οίανόή-τινα
1017 3833 1137 3912 χώρησιν
1161 3829 1205 3890 ἀιά
1226 3832 1257 3890 τό
1280 3833 1324 3891 τόν

42 3942 163 4028 ἀρτὲμονα
189 3955 236 4011 τού
257 3951 376 4011 τοιούτου
403 3945 501 4010 πλοίου
527 3951 649 4010 ἵστασθαι
677 3949 717 4024 είς
738 3953 769 4010 τό
798 3951 880 4032 ἀκρον
908 3953 1010 4034 τούτου,
1039 3953 1172 4013 έκθέντων
1200 3945 1323 4012 καὶτῶν

41 4073 147 4147 συνήθως
174 4075 303 4150 ἐωμένων
332 4071 435 4148 μοδίων
460 4073 528 4133 δέκα
551 4072 617 4154 ύπὲρ
641 4073 757 4148 ἑκάστης
781 4075 940 4150 ἑκατοστῆς.
964 4075 1033 4134 ούτω
1057 4075 1143 4135 τοίνυν
1165 4079 1211 4135 τοῦ
1233 4075 1323 4134 τοιού-

40 4212 77 4250 :zu
103 4192 201 4270 ἐξάμου
232 4197 296 4275 παρ’
323 4197 403 4271 ήμῶν
436 4197 582 4273 γεγονότος
615 4195 753 4274 παρεδόθη
784 4197 814 4255 τό
843 4195 970 4270 δηλωθὲν
997 4198 1094 4257 πλοῖον
1124 4201 1159 4280 τῇ
1185 4197 1324 4268 πολλάκις

41 4311 142 4396 ῥηθείσῃ
170 4323 248 4398 μονῇ,
280 4315 390 4396 όρεῖλον
425 4315 646 4388 έξκουσσεύεσθοιι
678 4317 748 4376 κατά
777 4317 825 4391 τὴν
861 4317 1007 4399 περίληψιν
1042 4317 1089 4376 καί1
1124 4319 1236 4395 δύναμιν
1270 4323 1324 4378 τῶν

40 4438 179 4510 προσόντων
206 4440 272 4520 οωτῇ
300 4437 380 4498 θείων
407 4437 453 4497 καί
481 4437 631 4511 βασιλικῶν
657 4445 847 4518 τροσκυνητῶν
874 4438 1099 4520 χρυσοβούλλων.
1131 4439 1206 4520 είπερ
1230 4442 1324 4515 μέντοι

40 4560 244 4626 μετασκευααθέν
276 4561 307 4620 τό
342 4562 458 4619 τοιοῦτον
491 4559 588 4620 πλοῖον
623 4561 763 4642 ἐσύστερον
798 4561 895 4643 εὑρεθῇ
930 4563 1082 4642 χωρήσεως
1119 4561 1260 4637 πλείονος,
1294 4563 1323 4622 ού

40 4681 102 4736 κατά
123 4701 145 4739 τι
168 4684 258 4741 ἕνεκεν
280 4682 373 4740 τούτου
397 4682 622 4758 εὐθυνθησόμεθα.
647 4685 667 4762 †
