3160 5292
262 382 328 449 174

361 579 445 659 †‘0
480 579 620 654 είιτελὴς
654 579 777 660 ίερεύς,
812 579 949 654 νομικός
983 575 1039 638 καί
1075 577 1239 660 κληρικάς
1272 583 1331 654 τῆς
1365 577 1546 658 ἁγιωτάτης

259 700 442 778 ἐπισκοπῆς
463 703 604 781 κάστρου
626 703 681 761 τοῦ
704 701 818 780 Ἱεροῦ,
842 702 998 778 Ἰωάννης
1021 701 1036 759 ό
1058 701 1184 778 Κύμης.
1209 701 1230 780 γ

362 824 383 902 †
405 823 440 882 ‘H
462 819 679 904 ύποστήριξις
700 827 755 884 τοῦ
777 824 975 904 ἀρχιερέως.
999 825 1021 905 †

360 945 448 1025 †‘H
485 946 667 1026 παρούσαις
703 948 846 1027 πράσαις
878 945 1163 1025 προκομισθέντες
1196 949 1235 1024 τῇ
1268 945 1360 1018 ἡμῶν
1400 941 1548 1022 εύτελείρ

257 1067 345 1146 παρὰ
371 1072 434 1127 τῶν
462 1067 555 1138 ἐντός
582 1066 799 1146 δηλουμένων
822 1065 878 1127 καί
900 1059 1263 1152 ἀναμολογηθέν[των],
1287 1066 1330 1138 ὡς
1351 1065 1426 1145 παρ’
1450 1063 1547 1123 αῦτιῦν

257 1189 426 1268 γεγόνασι,
449 1188 706 1268 ύπεργράρησαν
728 1187 785 1250 καί
808 1189 882 1270 παρ’
905 1190 997 1266 ἡμῶν
1020 1185 1069 1261 είς
1091 1187 1286 1264 βεβαίωσιν.

360 1313 382 1390 †
405 1309 439 1369 ‘0
464 1311 606 1386 εύτελὴς
628 1310 811 1383 ἐπίσκοπος
834 1312 948 1392 Ἱεροῦ,
971 1309 1130 1386 Νικητας.

361 1439 512 1510 Εασπιρίαν
533 1440 619 1496 chart.
643 1439 721 1498 Reor.
745 1457 795 1494 ιινο
812 1441 949 1496 93-94,

511 1727 600 1792 LXI.
624 1725 849 1811 6724-1216,
873 1748 984 1792 mense
1007 1727 1130 1811 martio,
1154 1723 1218 1790 ind.
1244 1723 1301 1790 IV.

257 1857 381 1914 Βαιιῖίιιι
400 1857 527 1913 Θαύαίοσ
548 1863 573 1912 εί
595 1858 653 1912 σέτω
675 1875 745 1911 umor
771 1857 842 1926 Cale,
862 1855 926 1926 filia
944 1857 1099 1928 primicerii
1116 1855 1229 1927 Georqii
1243 1857 1369 1924 Proolae,
1393 1855 1548 1908 monasterio

372 1961 402 2018 S.
427 1963 539 2017 Ιοοιιιιίσ
560 1963 590 2016 in
612 1963 709 2017 Patmo
732 1963 851 2017 vendunt
873 1979 953 2033 αρτσι
976 1961 1041 2016 sitos
1063 1963 1092 2014 in
1114 1962 1219 2032 τιρίοιιι
1242 1959 1443 2032 Ρύμριίίοιτιιιι.

286 2113 383 2192 Σίγνον
427 2113 571 2172 Βασιλείου
657 2111 754 2189 Σίγνον
976 2111 1077 2188 Καλῆς
1099 2117 1149 2186 τῆς
1173 2111 1285 2188 συζύγου
1308 2109 1398 2190 αύτοῦ,

259 2203 412 2296 *tii*
422 2201 577 2310 W
604 2199 811 2314 θ-υγωρος-δὲ-
819 2199 1215 2314 τέρηιςίυιηρθ-υὲκεύούκυροῦ
1224 2232 1361 2313 Γεωργίου
1373 2237 1419 2293 τοῦ
1429 2233 1550 2312 Προωτᾶ.

361 2409 452 2490 γἘν
479 2409 590 2486 όνόμοιτι
617 2413 664 2470 τοῦ
691 2410 794 2490 πατρὸς
819 2407 866 2468 καί
894 2411 940 2468 τοῦ
962 2407 1019 2470 υἱοῦ
1045 2407 1092 2468 καί
1114 2411 1160 2470 τοῦ
1182 2407 1260 2486 ἁγίου
1281 2408 1444 2483 πνεύματος.
1468 2405 1552 2468 Βασί-

257 2533 335 2603 λειος
364 2532 379 2590 ό
408 2531 428 2590 Γ
430 2530 542 2606 αβαλάς
570 2529 617 2591 καί
645 2533 664 2605 ἡ
693 2530 761 2610 γυνὴ
793 2530 905 2606 σύμβιος
935 2532 1013 2605 ἡμῶν
1042 2530 1129 2607 ΚαλύΙ
1159 2531 1177 2605 ἡ
1206 2531 1354 2610 Ἀληθινη,
1385 2531 1403 2604 ἡ
1435 2530 1551 2606 θυγάτηρ

257 2657 338 2735 τυροῦ
360 2652 496 2734 Γεωργίου
524 2653 628 2712 ἐκείνου
654 2652 849 2733 πριμμικηρίου
874 2655 921 2712 τοῦ
949 2653 1079 2733 ίΙροωτά,
1111 2652 1256 2734 ἀμφότεροι
1285 2652 1348 2724 τοὺς
1373 2650 1478 2727 τιμίους
1507 2648 1553 2710 καί

257 2777 404 2849 ζωοποιούς
426 2776 553 2856 σταυροὺς
576 2773 762 2855 οίκειοχείρως
785 2775 814 2834 έν
836 2780 963 2857 καταρχῇ
985 2782 1033 2834 τοῦ
1054 2775 1187 2855 παρόντος
1209 2775 1289 2860 ύρους
1310 2775 1483 2853 ποιήσαντες,
1505 2773 1551 2846 τὴν

257 2903 394 2980 παροῦσαν
425 2899 561 2978 ἔγγραφον
588 2895 636 2958 καί
665 2896 848 2976 ένυπόγραρον
882 2897 990 2978 ἀπλῆν,
1017 2896 1179 2956 ἀπεντεῦθεν
1206 2897 1419 2978 ἀμετάτρεπτον,
1446 2895 1551 2969 ἀμετα-

257 3020 375 3102 κίνητον,
405 3019 605 3098 ἀναλλοίωτον,
634 3019 768 3100 καθαράν,
795 3019 844 3094 τὴν
875 3016 1014 3094 μηδέποτε
1044 3016 1132 3098 καιρῷ
1158 3021 1177 3092 ἦ
1203 3021 1295 3098 χρόνῳ
1323 3017 1510 3098 ἀνατραπῆναι
1535 3019 1551 3089 ἢ

257 3143 379 3203 ὁπωσοῦν
405 3141 648 3222 παρασαλευθῆνοι
674 3139 850 3221 δρειλουοαν,
877 3140 908 3200 οῦ
937 3141 1002 3220 παρ’
1029 3141 1108 3215 ἡμῶν
1139 3141 1227 3200 αῦτιῦν
1256 3145 1310 3200 τῶν
1339 3139 1550 3216 πιπρασκόντων,

258 3267 289 3326 οῦ
317 3265 381 3346 παρ’
405 3266 497 3346 ἑτέρου
523 3265 594 3336 τινὀς
616 3267 775 3343 συγγενικοῦ
802 3256 945 3344 προσώπου
973 3265 992 3337 ἡ
1019 3261 1066 3322 καὶ
1088 3262 1328 3343 ἠλλοτριωμένου,
1359 3258 1437 3322 ἀλλά
1466 3267 1551 3321 πᾶσαν

258 3385 333 3466 ίσχῦν
362 3387 411 3463 τὴν
442 3387 475 3448 ἐκ
503 3391 557 3446 τῶν
587 3384 755 3465 ιριλευοεβιῦν
786 3387 877 3460 νόμων
908 3383 1068 3462 ὀφείλουσαν
1095 3385 1170 3462 ἔχειν
1199 3381 1275 3444 ἐσαεὶ
1305 3383 1375 3461 μετά
1401 3385 1552 3458 καθολικῆς

258 3509 436 3588 δερενσιιῦνος
466 3508 589 3589 καθαρὰν
619 3505 668 3568 καί
694 3507 810 3588 ρανερόιν
837 3511 933 3587 πρᾶσιν
960 3507 1090 3582 τιθέμεθα
1116 3503 1162 3568 καί
1188 3511 1319 3582 ποιοῦμεν
1348 3505 1479 3578 ἑκουσίως
1508 3503 1550 3564 καί

258 3631 488 3712 ἀμεταμέλητος,
518 3631 568 3692 οῦκ
596 3630 630 3689 έκ
656 3649 727 3702 τινος
757 3629 788 3688 δὲ
818 3629 980 3707 ἀνάγκηςῆ
1009 3627 1070 3701 βίας
1091 3631 1110 3704 ἡ
1134 3627 1216 3688 δόλου
1238 3631 1257 3703 ἢ
1278 3627 1385 3707 χλεύης
1406 3631 1424 3704 ἢ
1449 3629 1551 3702 ἀπάτης

257 3756 276 3830 ἦ
299 3751 473 3835 ῥᾳδιουργίας
493 3755 511 3827 ἢ
535 3750 691 3832 ἀγροικίας,
719 3749 797 3810 ἀλλά
826 3750 872 3810 σῦν
898 3749 1034 3832 προθυμίᾳ
1062 3749 1172 3836 μᾶλλον
1199 3751 1331 3830 όλοψύρῳ
1354 3769 1385 3812 τε
1415 3752 1549 3832 προθέσει,

258 3875 491 3955 μεμεριμνημένιρ
524 3871 618 3952 σκοπῷ
651 3871 698 3933 καὶ
730 3870 887 3954 γρονιαίας,
922 3875 960 3945 ὼς
995 3870 1096 3954 εἰπεῖν,
1124 3880 1174 3950 τῆς
1203 3872 1378 3954 διαιρέσεως,
1408 3875 1477 3954 πρός
1506 3875 1551 3948 τὴν

257 3995 408 4072 σεβασμίαν
439 3995 524 4071 μονὴν
553 3998 599 4054 τοῦ
625 3993 654 4054 έν
677 3994 842 4066 ἀποστόλοις
864 3995 1044 4073 ἠγαπημένον
1072 3993 1223 4071 έπιστηθίου
1248 3995 1376 4056 Ἰωάννου
1403 3999 1451 4055 τοῦ
1479 3995 1549 4058 Θεσ-

258 4117 344 4196 λόγσυ
370 4121 419 4193 τῆς
442 4116 554 4192 Πάτμου
580 4113 628 4174 καί
651 4115 688 4176 δι’
711 4116 793 4192 αῦτης
814 4117 881 4196 πρός
908 4115 939 4174 ιδ
961 4115 1004 4175 ὑπ’
1029 4116 1112 4192 αῦτίην
1135 4117 1263 4195 μετόχιον
1284 4121 1331 4177 τοῦ
1358 4116 1437 4196 ἁγίου
1460 4118 1480 4176 Γ
1483 4139 1550 4198 εωρ-

257 4234 331 4319 γίου,
358 4239 388 4298 τό
414 4243 461 4299 τοῦ
486 4241 601 4299 Δυσικοῦ
628 4239 827 4319 ἐπιλεγόμενον
853 4237 900 4298 καί
928 4237 957 4298 ἑν
985 4241 1042 4310 τοῖς
1069 4238 1232 4318 Φυγέλλοις
1256 4232 1438 4320 διακείμενον,
1461 4241 1551 4310 καθὼς

257 4361 288 4420 τό
309 4361 373 4441 ύρος
394 4361 517 4421 κάτωθεν
544 4360 692 4442 δηλώσειε,
716 4359 764 4422 καί
785 4361 840 4440 γὰρ
861 4365 911 4436 τῆς
938 4361 967 4420 έν
990 4362 1046 4434 τοῖς
1069 4359 1232 4440 Φυγέλλοις
1255 4361 1431 4438 διακειμένης
1455 4363 1550 4438 ἀκινη-

258 4503 307 4560 της
332 4489 445 4560 γονικῆς
471 4485 550 4560 ἡμῶν
576 4484 750 4556 ὑποστάσεως
784 4481 831 4544 καὶ
862 4479 901 4554 είς
930 4481 1045 4564 προίκαν
1071 4485 1137 4558 ἡμῖν
1170 4483 1367 4564 περιελθούσης
1399 4483 1476 4564 παρὰ
1501 4489 1551 4543 τῶν

257 4607 362 4684 γονέων
389 4607 478 4688 ἠμιῦν,
506 4605 591 4685 ἤγουν
618 4605 652 4666 τά
683 4605 729 4666 δύο
755 4607 896 4681 κομμάτια
920 4607 1049 4685 χωράρια
1073 4603 1108 4664 τά
1135 4605 1323 4684 ἐπιλεγόμενα
1349 4611 1399 4681 τῆς
1425 4603 1550 4682 Ἀμπλα-

257 4727 364 4808 καίνης,
387 4727 421 4786 τά
443 4728 523 4807 έτερα
547 4726 593 4787 δύο
616 4733 664 4804 τῆς
687 4725 768 4807 ἁγίας
792 4727 946 4807 Ἑρμιόνης,
969 4726 1003 4786 τά
1027 4728 1108 4806 έτερα
1132 4725 1178 4788 δύο
1203 4727 1389 4806 ἐπιλεγόμενα
1404 4728 1550 4808 Τριγώνια,
