3184 5288
233 361 294 424 102

335 554 354 628 †
376 553 492 627 Ἐδέησε
507 553 553 613 καί
567 555 648 613 πόλει
669 553 806 624 πολλάκις
821 555 861 612 ότι
877 554 997 627 μάλιστα
1011 555 1201 634 τετειχισμένῃ
1217 555 1313 624 καλῶς
1328 551 1376 613 καὶ
1390 554 1521 622 παντοίαις

230 675 423 755 ήσραλισμένῃ
450 676 620 752 πανταχόθεν
656 671 788 747 ἐπαλξεσι
814 675 862 734 καί
883 695 955 747 τινος
981 675 1071 735 ἄλλον
1097 675 1324 756 προτειχίσματος
1351 671 1453 746 ἔξωθεν
1480 673 1521 732 καὶ

232 797 357 877 δευτέρου
379 795 463 855 πάλιν
486 795 568 855 οἱονεὶ
589 801 835 878 προπυργώματος,
859 799 910 875 ούχ
932 799 971 869 ώς
998 797 1156 876 ἐπισφαλῶς
1184 798 1286 878 ἐχούσῃ
1308 795 1356 856 καί
1378 796 1521 876 ἀνισχύρως

231 921 286 990 τοῖς
317 921 431 998 πρώτοις
463 916 576 990 ἐκείναις
607 919 699 992 μόνοις
731 919 872 998 ἐρύμασιν,
903 919 959 978 οὔδ’
984 921 1021 990 ώς
1052 918 1196 994 ἀποσοβεῖν
1227 917 1332 978 ἐκεῖθεν
1362 917 1521 997 ἀδυνατούση

230 1039 293 1112 τούς
316 1039 490 1114 ἐπεμβαίνειν
514 1039 672 1116 ἐθέλοντας,
697 1039 763 1100 ἀλλ’
781 1043 819 1110 ώς
842 1041 875 1100 ἄν
897 1061 948 1100 που
970 1040 1016 1100 καί
1045 1041 1125 1115 αύτῆς
1152 1040 1310 1120 προσβολῆς
1338 1037 1461 1112 ἐναντίας
1481 1038 1522 1100 καί

231 1164 387 1238 πολεμικῆς
409 1161 538 1233 παντοίας
562 1162 759 1240 ἐπιχειρήσεως
783 1159 897 1238 ἐξάντης
919 1163 1006 1237 πάντη
1029 1161 1076 1221 καί
1100 1157 1228 1240 ἀνωτέρω
1252 1161 1465 1241 διαραλάττοιτο,
1488 1161 1521 1238 τῷ

231 1293 285 1344 τῶν
308 1281 494 1364 ὀχυρωμάτων
524 1280 603 1360 διττῷ
630 1286 660 1344 τό
685 1290 735 1359 τῆς
766 1285 900 1354 ἁλώσεως
930 1286 1021 1363 ώσπερ
1052 1287 1232 1366 προορωμένη
1263 1283 1435 1346 ἀνέλπιστον.
1466 1283 1522 1344 οὒδὲ

231 1413 264 1486 τῆ
287 1406 358 1466 κατὰ
380 1407 428 1480 τὴν
451 1411 532 1480 νῆσον
555 1408 620 1482 γοῦν
646 1405 756 1479 [Ιάτμον
780 1405 939 1488 διακειμένη
967 1405 1104 1488 σεβασμίᾳ
1126 1410 1197 1486 μονῇ
1219 1405 1266 1464 καί
1290 1406 1332 1465 ἐπ’
1349 1407 1461 1481 όνόματι
1483 1409 1523 1464 τού

231 1527 410 1605 ἠγαπημένον
433 1528 555 1602 μαθητοῦ
577 1525 623 1585 καί
649 1527 783 1606 παρθένου
812 1527 937 1586 Ἰωάννου
959 1529 1006 1587 τού
1029 1525 1173 1606 Θεολόγου
1195 1525 1242 1586 καί
1264 1527 1395 1609 ἱδρυμένη
1417 1525 1464 1587 καί
1485 1549 1523 1586 τι-

233 1650 363 1730 μωμένη,
386 1651 425 1720 ώς
448 1647 492 1707 ἐπὶ
516 1648 636 1728 ἀγκύρας
659 1649 761 1726 σαθροῖς
786 1649 820 1706 τὰ
841 1654 891 1724 τῆς
913 1648 973 1708 κατ’
998 1649 1079 1722 αύτλν
1103 1649 1271 1724 σαλευούσης
1292 1649 1422 1721 παντοίας
1445 1649 1523 1708 ἐλευ-

232 1771 334 1850 θερίας,
357 1768 472 1829 καὶτοῦ
498 1772 630 1848 παρόντος
658 1769 756 1844 ἐδέησε
778 1776 827 1846 τῆς
856 1771 935 1847 ήμών
966 1773 1140 1850 μετριότητος
1166 1770 1376 1846 ύπομνήματσς·
1404 1771 1525 1850 πρόσεστι

231 1892 285 1972 γὰρ
308 1893 390 1974 ταύτῃ
421 1892 508 1970 λόγος
536 1891 745 1970 χρυσόβουλλος
774 1896 820 1951 τού
851 1891 879 1950 ἐν
903 1892 1025 1974 μακαρίᾳ
1047 1899 1079 1974 τῇ
1103 1890 1183 1967 λήξει
1212 1892 1360 1970 γεγονότος
1390 1891 1525 1965 βασιλέως

232 2016 311 2090 ήμῶν
334 2011 380 2072 καί
402 2015 504 2092 πατρός
527 2017 572 2072 τοῦ
595 2014 754 2092 θεοστερούς
775 2014 854 2088 ήμῶν
879 2015 1085 2094 αύτοκράτορος,
1105 2017 1151 2073 τού
1170 2012 1293 2088 ἀοιδίμου
1316 2012 1425 2088 δηλαδὴ
1448 2016 1526 2091 κυροῖ

233 2132 362 2207 Ἀλεξίου
384 2138 431 2195 τού
458 2135 613 2212 Κομνηνού,
637 2135 666 2194 ού
690 2133 836 2209 βασιλικῆς
859 2135 940 2210 μόνον
968 2133 1013 2194 καὶ
1040 2134 1170 2206 παντοίας
1196 2139 1356 2214 σεκρετικῆς
1381 2134 1430 2208 τὴν
1460 2133 1526 2208 όλην

232 2263 314 2332 νῆσον
344 2257 442 2331 ταύτην
473 2255 657 2315 ἀπαλλάττων
685 2257 780 2336 χειρός
805 2253 853 2316 καὶ
880 2256 954 2335 μόνῳ
984 2256 1082 2330 ταύτην
1111 2257 1245 2336 καθιερών
1268 2254 1313 2333 ,τῷ
1344 2253 1400 2332 θεῷ
1422 2253 1468 2316 καὶ
1490 2253 1526 2333 τῷ

234 2379 263 2438 ἐν
285 2385 318 2460 τῇ
343 2383 413 2458 μονῇ
441 2379 598 2457 τιμωμένῳ,
626 2373 704 2436 ἀλλὰ
734 2375 780 2436 καί
811 2377 1005 2437 αύτοδέσποτον
1035 2376 1082 2436 καὶ
1112 2373 1281 2448 αύτέξουσιον
1308 2377 1389 2451 αἰπήν
1424 2377 1453 2448 ἐς
1486 2375 1528 2435 ἀεί

234 2501 419 2580 σινιηρεῖσθαι
454 2498 671 2575 ἐγκελευόμενος
704 2497 751 2558 καί
775 2499 872 2576 μηδενί
894 2503 1030 2580 προσώπῳ
1053 2500 1115 2558 καθ’
1132 2499 1284 2575 σίονδήτινα
1305 2501 1403 2580 τρόπον
1436 2501 1528 2559 όπωσ-

234 2623 336 2696 δήποτε
359 2621 573 2700 καθυπάγεσθαι,
598 2619 664 2680 ἀλλ’
682 2620 709 2680 ἐν
732 2626 812 2681 πᾶσιν
837 2622 911 2699 ἔχειν
934 2623 964 2680 τό
981 2620 1145 2701 ἐλευθέριον,
1170 2622 1208 2692 ώς
1231 2623 1297 2696 αύτῆ
1322 2619 1413 2696 ἐκείνη
1435 2623 1453 2697 ῆ
1478 2622 1528 2701 ρη-
1590 2669 1591 2688 2

233 2745 311 2804 θεῖσα
337 2743 544 2824 χρυσόβουλλος
566 2743 656 2822 γραρίη
680 2743 863 2822 διατάττεται,
886 2737 957 2824 ᾗπερ
977 2744 991 2801 ό
1016 2742 1134 2821 ἐντυχών
1157 2743 1292 2803 πλειόνων
1315 2745 1345 2802 ού
1368 2743 1531 2820 δεηθήσεται
1590 2755 1591 2758 ’

234 2866 328 2945 λόγων
343 2865 409 2944 πρός
429 2866 459 2924 τό
479 2864 526 2924 καί
544 2866 590 2924 τόν
610 2867 707 2944 τρόπον
727 2871 777 2940 τῆς
794 2864 952 2944 ἐλευθερίας
976 2865 1082 2945 μαθεῖν,
1106 2856 1162 2936 οἶος
1186 2864 1240 2943 οῖρα
1261 2865 1344 2947 ταύτῃ
1368 2864 1530 2945 δεδώρηται,

234 2989 273 3059 ώς
297 2986 551 3067 ἀνακρωτηρίαστος
573 2987 726 3066 παντελῶς,
750 2987 789 3058 ὡς
811 2983 889 3046 παντὶ
911 2988 1049 3065 προσώπῳ
1072 2984 1235 3066 ἀρχοντικῷ,
1260 2985 1479 3066 ἐκκλησιαστικῷ
1502 3007 1530 3046 τε

234 3108 281 3169 καί
308 3105 447 3190 ἰδιωτικῷ,
469 3113 561 3168 πᾶσαν
589 3107 745 3168 ἀποκλείων
775 3109 856 3187 θύραν
885 3109 985 3180 παντός
1016 3108 1120 3168 δικαίου
1142 3109 1171 3168 ἐν
1193 3113 1226 3190 τῇ
1249 3115 1328 3191 μονῆ.
1354 3106 1399 3168 ἐπί
1420 3109 1532 3187 τοιούτῳ
1589 3121 1590 3152 ³

234 3236 299 3311 γοῦν
322 3231 407 3302 ούτως
430 3230 546 3309 ἀσφαλεῖ
569 3228 692 3308 θεμελίῳ
714 3234 764 3305 τῆς
791 3229 962 3306 δηλωθείσης
991 3228 1166 3309 ήδρασμένης
1195 3235 1291 3310 μονῆς,
1324 3228 1446 3304 ἐμέλησε
1477 3234 1532 3301 τοῖς

235 3353 264 3413 ἐν
287 3353 354 3434 αἰτῇ
378 3353 521 3430 μοναχοῖς,
544 3351 611 3429 πρός
633 3350 749 3410 πλείονά
771 3371 802 3408 τε
827 3351 926 3410 τούτων
955 3351 1106 3430 ἀσφάλειαν
1136 3350 1183 3410 καὶ
1212 3356 1262 3428 τῆς
1292 3357 1378 3428 μονῆς
1408 3351 1532 3430 φυλακὴν

234 3475 281 3534 καί
302 3476 459 3554 συντήρησιν
482 3471 529 3532 καὶ
550 3473 581 3532 τδ
604 3472 805 3552 ἀνεπηρέαστον
826 3473 879 3531 ἀπό
894 3492 925 3531 τι
945 3479 998 3530 τών
1021 3473 1092 3532 κατὰ
1114 3473 1196 3532 τόπον
1218 3473 1282 3552 παρ’
1298 3475 1376 3546 ήμῶν
1400 3471 1533 3533 ἀποστελ-

234 3597 360 3670 λομένων
385 3592 509 3673 ἐξάρχων
532 3591 578 3652 καί
600 3594 701 3664 παντός
725 3595 817 3673 ἑτέρου
838 3591 992 3674 προσώπου,
1019 3599 1052 3676 τῆ
1078 3596 1158 3670 ἡμῶν
1188 3595 1349 3674 προσελθεῖν
1381 3597 1535 3676 μετριότητι
1588 3643 1589 3664 ,

234 3715 280 3776 καί
303 3718 342 3789 ώς
365 3715 483 3796 δευτέρῳ
517 3715 714 3794 ἐπιτειχίσματί
736 3737 766 3776 τε
793 3715 840 3776 καί
866 3717 1023 3797 όχυρώματι
1049 3715 1087 3794 τῷ
1114 3719 1224 3797 παρόντι
1252 3718 1335 3793 αύιῆς
1361 3717 1534 3794 ὑπομνήματι

233 3838 268 3899 τὰ
290 3844 339 3914 τῆς
357 3837 510 3909 παντελοῦς
526 3838 684 3918 ἐλευθερίας
706 3837 753 3898 καί
775 3839 858 3898 πάλιν
880 3844 913 3920 τῇ
936 3839 996 3898 κατ’
1018 3837 1112 3909 αύτούς
1135 3837 1247 3918 ἑδράσαι
1270 3843 1352 3918 μονῇ,
1375 3837 1422 3898 καί
1444 3843 1536 3916 πάσης

234 3961 467 4041 προσδοκωμένης
489 3959 554 4032 ῖσως
576 3956 738 4032 ἀπαλλάξαι
762 3961 856 4020 ἑαυτόν
884 3958 1013 4040 ἐπηρείας
1035 3981 1065 4019 τε
1088 3959 1135 4020 καί
1158 3961 1312 4038 ὀχλήσεως.
1335 3965 1395 4031 πῶς
1418 3956 1461 4019 σύν
1488 3962 1538 4020 ούκ

235 4083 290 4143 ἔδει
320 4089 353 4164 τῆ
384 4083 483 4141 τούτων
514 4080 560 4141 καὶ
590 4083 664 4158 ἡμᾶς
699 4079 803 4156 αἰτήσει
837 4083 978 4161 προσχεῖν,
1015 4080 1063 4141 καί
1093 4081 1199 4162 ἀνδρῶν
1229 4083 1304 4162 μόνῳ
1338 4085 1445 4153 ζώντων
1481 4081 1537 4162 θεῷ

235 4204 340 4265 δικαίαν
369 4204 437 4262 οθτω
464 4201 510 4264 καί
539 4205 639 4284 εύχερῆ
667 4203 792 4278 ἀσμένως
819 4203 967 4284 ἐκπερᾶναι
990 4200 1108 4282 ἀξίωσιν,
1137 4201 1216 4264 ούδέν
1240 4203 1314 4264 ἀλλο
1335 4201 1383 4263 καί
1405 4204 1467 4262 τότε
1493 4206 1537 4263 αἰν-

234 4347 323 4407 τικρυς
355 4323 519 4400 αἰτουμένων
550 4325 648 4399 λαβεῖν
671 4329 688 4400 ἢ
714 4327 776 4386 αύτό
799 4327 865 4406 όπερ
890 4325 994 4406 ’έχουσιη
1017 4326 1103 4386 τοίνυν
1126 4325 1172 4386 καὶ
1197 4325 1368 4406 διοριζόμεθα
1391 4327 1481 4385 πάντα
1505 4326 1539 4386 τίι

234 4453 267 4528 τῇ
294 4447 494 4528 χρυσοβούλλῳ
528 4447 711 4522 διειλημμένα
737 4454 828 4529 γραρῆ
858 4449 907 4507 ούκ
941 4446 984 4506 ἐπί
1010 4451 1066 4517 τοῖς
1093 4444 1193 4518 άλλοις
1217 4449 1317 4536 μόνον,
1330 4449 1387 4518 τοῖς
1415 4447 1539 4527 ἐμφερο-

235 4571 327 4644 μένοις
356 4569 439 4650 ταύτῃ
470 4568 633 4647 προσώποις,
663 4569 740 4628 ἀλλά
762 4589 796 4647 γε
828 4567 867 4646 ἐφ’
888 4569 953 4644 ἡμῖν
984 4569 1084 4648 αὺτοῖς,
1114 4571 1222 4640 πάντως
1250 4568 1281 4628 δὲ
1308 4567 1355 4627 καὶ
1380 4571 1437 4640 τοῖς
1464 4572 1540 4630 κατὰ

234 4689 344 4768 καιρούς
372 4690 514 4765 ἐσομένοις
541 4689 701 4762 ἀκολούθως
729 4690 890 4768 ἁγιωτάτοις
915 4687 1095 4770 πατριάρχας
1121 4692 1151 4748 τό
1175 4685 1296 4770 άρραγές
1317 4692 1467 4766 κεκτῆσθαι
1492 4692 1540 4752 καί
1585 4693 1586 4700 '
