3186 5286
250 283 316 350 392

250 481 413 540 rectoribus
439 499 692 558 quarumcumque
718 485 864 538 terrmm
892 487 920 537 et
952 481 1082 538 locorum
1108 485 1282 549 nocherum,
1311 483 1346 538 ad
1374 502 1446 559 quoe
1477 503 1553 557 pre·

250 594 348 646 sentes
381 585 585 662 pervenerint,
617 585 742 642 salutern
775 589 805 641 et
839 583 1007 642 dilectionis
1035 584 1185 642 allectum.
1219 584 1419 660 Signideamns
1447 587 1552 654 robis,

251 691 326 768 quod
354 691 410 747 bac
438 709 522 748 mane
550 689 581 747 iu
609 695 708 748 nostro
735 687 858 746 consilio
887 732 1172 746 ............
1199 689 1404 748 advocatorum
1432 735 1553 750 .....

251 793 358 852 nostris
381 799 465 871 capta
487 793 545 850 fnit
567 813 633 869 pars
656 793 766 852 tenoris
790 792 980 869 mbasompti,
1009 792 1159 862 videlicet,
1181 794 1260 870 quod
1281 793 1342 870 ipse
1364 795 1466 851 littere
1491 796 1553 851 du·

250 901 327 958 cales
349 899 456 976 scripte
479 900 532 956 sub
554 897 605 956 die
620 897 697 956 XVI
719 897 794 956 iunii
819 897 955 974 preteriti
977 916 1031 974 per
1053 896 1132 956 viros
1154 897 1267 955 nobiles
1287 917 1335 956 ser
1354 899 1553 956 Franciscum

250 1005 352 1072 Zame,
390 1023 438 1062 ser
463 1003 630 1060 iohannem
658 1002 771 1072 leuno,
811 1022 859 1060 ser
892 1001 1111 1079 Hieronymum
1146 1001 1309 1072 Barbacbo,
1347 1022 1395 1060 ser
1419 1005 1552 1060 Petrum

251 1107 406 1182 llocenigo
428 1111 460 1164 et
480 1125 529 1166 ser
542 1107 736 1164 Laurentium
752 1108 865 1176 Mauro,
888 1105 1065 1164 consiliariis
1080 1105 1282 1175 Venetiamm,
1304 1113 1335 1163 ct
1355 1125 1421 1183 pars
1443 1127 1564 1182 super-¹

252 1213 322 1270 inde
352 1211 448 1287 posita
477 1210 508 1268 in
539 1210 659 1284 rogatis,
691 1230 745 1288 per
771 1230 844 1288 quas
873 1210 1063 1286 scripserunt,
1093 1211 1171 1288 quod
1202 1209 1356 1268 duodecim
1383 1211 1553 1287 presbiteri

252 1321 431 1393 ponerentur
454 1315 485 1374 iu
507 1315 717 1392 possessionem
739 1316 796 1374 loci
820 1321 851 1372 ct
873 1315 976 1374 casalis
992 1315 1030 1372 de
1049 1315 1136 1373 Stillo
1157 1315 1209 1372 siti
1232 1315 1263 1372 in
1285 1315 1420 1372 districtu
1434 1315 1566 1384 sance,

252 1427 404 1498 tamquam
433 1419 534 1478 littere
564 1419 671 1496 scripte
705 1427 737 1477 et
766 1439 833 1496 pars
862 1423 948 1496 capta
979 1439 1018 1476 ex
1047 1419 1125 1477 mala
1154 1417 1374 1488 informatione,
1404 1419 1567 1496 qnoniam

252 1525 348 1584 dictus
370 1524 473 1584 cssalis
499 1529 530 1582 et
557 1525 637 1582 locus
658 1525 696 1582 de
719 1523 806 1582 Stillo
828 1543 886 1582 uon
909 1529 954 1582 est
976 1523 1100 1580 dominii
1123 1522 1225 1593 nostri,
1253 1523 1303 1580 sed
1325 1524 1361 1580 ab
1382 1523 1470 1579 annis
1492 1523 1553 1579 du·

251 1629 346 1690 centis
373 1628 449 1688 citra
475 1627 535 1688 luit
563 1647 709 1704 possessus
738 1633 769 1686 et
795 1635 841 1686 est
870 1627 1041 1686 monasterii
1068 1627 1168 1686 Sancti
1190 1627 1332 1685 lobannis
1354 1627 1552 1702 Evangeliste

252 1735 290 1794 de
311 1735 454 1804 Pelmosa,
478 1732 655 1802 incidantur,
678 1739 837 1804 cassentur,
860 1737 1037 1792 revocentur
1058 1737 1090 1790 et
1111 1733 1299 1790 annullentur
1319 1750 1387 1790 cum
1406 1732 1552 1789 omuibus

251 1838 312 1897 anis
340 1837 448 1896 reontio
474 1837 619 1914 exemplis
648 1843 679 1896 et
706 1837 912 1913 dependentiis
938 1838 1021 1908 adeo,
1052 1837 1130 1914 quod
1160 1838 1198 1894 de
1226 1841 1323 1896 cetero
1352 1836 1463 1894 nullius
1493 1857 1551 1894 cx·

252 1943 343 2000 istaut
370 1941 502 2001 efficacia
524 1943 573 2002 vel
596 1941 717 2018 rigoris,
745 1961 779 2000 ac
801 1941 827 2000 si
849 1959 1000 2019 uunquam
1021 1942 1132 2000 factum
1154 1941 1241 2012 foret,
1268 1945 1437 2000 revertente
1465 1941 1552 1999 dicto

254 2047 431 2106 monasterio
453 2046 555 2106 Sancti
577 2046 721 2106 lobannis
743 2047 781 2104 de
802 2046 938 2104 Palmosa
964 2051 995 2104 et
1021 2045 1163 2121 calogeris
1188 2045 1249 2104 suis
1275 2046 1305 2104 in
1331 2045 1552 2122 possenionem

251 2151 353 2212 mealia
375 2157 406 2210 et
428 2151 484 2210 loci
508 2151 546 2208 de
561 2151 657 2221 Stillo,
681 2157 769 2227 prout
791 2155 884 2226 erant,
907 2155 1066 2228 antequem
1089 2150 1152 2226 ipse
1174 2149 1273 2208 littere
1295 2149 1402 2226 scripte
1423 2155 1457 2206 et
1481 2171 1552 2226 pars

251 2261 336 2333 capta
362 2257 449 2314 loret.
481 2255 596 2314 Idcirco
618 2253 757 2313 fidelitati
779 2261 878 2314 vestre
904 2273 972 2314 cum
994 2254 1073 2313 dicto
1095 2259 1194 2312 nostm
1216 2253 1336 2312 oonsilio
1362 2255 1551 2317 mandamus,

253 2367 287 2418 ut
309 2359 458 2418 observari
485 2357 701 2418 inviolabiliter
722 2359 819 2418 lacere
842 2359 984 2430 debeatis,
1012 2359 1153 2418 habentes
1175 2363 1206 2416 et
1232 2363 1365 2417 tenentes
1390 2359 1470 2434 ipsas
1500 2360 1551 2416 lit-

251 2471 329 2524 ieras
355 2469 386 2521 et
412 2469 526 2539 partem
552 2481 605 2540 pro
631 2481 690 2520 nou
716 2462 833 2540 scriptis
860 2467 891 2520 et
917 2463 1010 2539 captis
1037 2469 1068 2520 et
1090 2463 1198 2521 nullius
1220 2463 1348 2522 valentie
1369 2461 1550 2536 aurigeris,

252 2589 285 2626 ac
301 2569 325 2626 si
347 2567 456 2644 scripte
479 2571 510 2624 et
531 2566 627 2642 posita
649 2585 707 2624 non
728 2567 863 2638 fuissent,
887 2568 1062 2626 reducentes
1084 2567 1197 2626 dictum
1218 2567 1428 2625 monasterium
1443 2567 1551 2624 Sancti

251 2671 396 2730 lobannis
418 2671 456 2728 de
479 2671 613 2730 Palmosa
639 2671 671 2730 in
693 2671 905 2748 possessiouem
928 2671 1001 2730 dicti
1024 2671 1126 2730 casalis
1148 2677 1180 2730 et
1201 2671 1257 2730 loci
1280 2673 1316 2730 de
1339 2672 1434 2742 Stillo,
1460 2678 1552 2748 prout

252 2781 344 2846 erant,
373 2781 531 2854 antequam
554 2775 616 2852 ipso
639 2775 740 2835 littere
767 2776 877 2852 scripte
903 2777 1002 2834 forent
1028 2781 1060 2834 et
1086 2796 1152 2853 pars
1175 2781 1267 2854 capta,
1294 2776 1338 2834 ita
1363 2781 1397 2834 ut
1422 2775 1551 2852 pacifice

252 2881 289 2938 do
308 2879 474 2938 redditibus
496 2885 527 2938 et
550 2880 750 2938 usufructibus
772 2882 900 2956 gaudere
921 2886 951 2940 et
967 2881 1064 2940 lacere
1085 2881 1207 2958 possint,
1229 2885 1316 2958 prout
1337 2881 1433 2956 primo
1454 2881 1550 2938 facie·

251 2989 330 3044 bant.
362 2985 402 3042 Et
429 2983 453 3042 si
481 2983 595 3061 aliquid
617 2983 720 3060 rigore
748 2986 894 3044 dictarum
921 2984 1088 3044 litterarum
1117 2985 1174 3062 ipsi
1204 2983 1378 3044 monasterio
1407 2989 1439 3042 et
1470 2986 1551 3042 calo-

252 3090 329 3166 geris
362 3097 513 3166 arreptum
543 3088 633 3160 soret,
664 3089 696 3146 id
723 3109 790 3148 cum
816 3089 989 3164 integritate
1015 3089 1072 3148 sibi
1103 3089 1220 3149 restitui
1249 3088 1365 3148 faciatis
1393 3089 1484 3158 adeo,
1517 3097 1551 3146 nt

251 3195 364 3252 nullum
389 3195 529 3250 damnum
551 3197 711 3269 reportent,
735 3192 879 3252 facientes
900 3195 953 3252 has
977 3199 1089 3254 nostras
1110 3194 1224 3253 litteras
1245 3193 1394 3269 registrari
1414 3199 1446 3251 et
1469 3194 1549 3268 regi·

252 3303 358 3358 stratas
380 3297 452 3374 ipsis
474 3296 615 3372 calogeris
637 3296 765 3356 restitui.

354 3402 431 3460 Del.
456 3401 491 3458 in
515 3406 636 3460 nostro
659 3400 778 3458 ducali
803 3401 950 3477 palatio,
985 3401 1190 3462 indictione
1216 3403 1269 3472 X⁸,
1300 3402 1357 3460 die
1384 3403 1547 3472 XVIllI,

252 3505 381 3564 mensis
404 3505 580 3563 februarii
606 3505 845 3566 Mccccnxl.

357 3655 462 3706 Archet.
487 3656 632 3708 membran.
668 3657 762 3723 Bayet.
790 3673 838 3708 nro
861 3661 886 3720 b,
913 3675 938 3723 p.
968 3659 1111 3710 ils-tta.
1149 3659 1203 3709 Sub
1226 3675 1273 3709 nro
1298 3657 1379 3724 ΗΜ)
1410 3661 1548 3727 exemplar

252 3743 361 3795 membr.
386 3744 495 3792 missum
524 3743 558 3792 sd
585 3747 715 3794 rectorem
734 3744 849 3808 Canem,
878 3761 938 3794 cum
957 3746 1144 3812 inscriptione:
1167 3745 1308 3796 Nobilibus
1330 3751 1358 3796 et
1379 3749 1548 3813 sapientibus

252 3833 323 3894 viris,
342 3829 480 3880 Ludovico
493 3829 611 3892 Gabriel,
629 3830 663 3880 de
674 3846 723 3882 sno
742 3831 867 3882 mandato
877 3834 974 3882 rectori
986 3831 1103 3896 caueae,
1121 3839 1149 3884 et
1167 3833 1326 3884 consiliariis
1344 3834 1400 3884 suis
1413 3838 1545 3885 eteorum

252 3916 456 3978 successoribus,
474 3915 597 3966 fidelibus
620 3915 725 3967 dilectis
743 3923 794 3969 etc.
821 3919 881 3969 Vid.
901 3935 982 3986 supra
999 3919 1016 3970 l.
1038 3921 1081 3969 18:
1101 3920 1202 3970 idcirco
1224 3919 1355 3970 fidelitate
1373 3925 1464 3972 vestre
1486 3938 1546 3972 oum

252 4005 324 4056 dioto
342 4010 432 4054 nostro
448 4002 561 4052 consilio
574 4003 739 4066 mandamus,
758 4009 900 4070 quatenus,
919 4021 966 4073 per
978 4013 1109 4072 quantum
1122 4007 1157 4058 ad
1168 4023 1216 4058 vos
1228 4012 1338 4073 spectat,
1350 4007 1501 4073 predictum
1520 4014 1546 4058 et

252 4091 343 4142 omnia
361 4095 388 4140 et
408 4089 555 4155 singularia
573 4091 600 4139 iu
611 4103 652 4168 ⁴ea
670 4095 797 4142 contenta
815 4093 955 4144 observare
973 4099 1001 4144 et
1023 4096 1120 4160 exequi
1142 4109 1174 4145 ao
1197 4095 1331 4146 observari
1353 4093 1546 4145 iuviolabiliter

255 4175 378 4245 [faciatis]
400 4183 450 4229 eto.
481 4179 513 4229 ln
541 4179 703 4242 membrana,
730 4179 913 4232 confirmatum
942 4184 976 4232 30
999 4181 1157 4248 septembris
1178 4183 1243 4231 1560
1266 4197 1283 4232 a
1305 4182 1394 4232 Marco
1413 4182 1546 4245 Cornelio,

253 4269 356 4316 rectore
375 4265 490 4329 (laneae,
509 4272 537 4318 et
555 4268 613 4317 eins
631 4265 800 4331 consiliariis,
818 4285 879 4320 oum
897 4267 986 4336 sigillo
1005 4271 1115 4320 rectoris
1133 4275 1161 4320 et
1177 4269 1371 4336 subscriptione
1392 4270 1546 4322 cancsllsrii

254 4357 282 4402 et
309 4353 498 4417 inscriptiones
524 4353 641 4404 Tratts
662 4352 753 4404 dallo
776 4357 919 4420 registro
943 4357 1045 4421 major
1068 4355 1121 4408 del
1144 4363 1237 4422 msg⁰⁰
1258 4355 1284 4408 S.
1303 4356 1472 4407 Lodovioo
1491 4357 1544 4406 Ga·

254 4437 340 4488 briei
369 4443 400 4488 et
427 4438 621 4504 dignissimo
644 4439 689 4490 Rs·
711 4439 745 4490 di
773 4446 889 4506 questa
916 4439 1001 4492 cittb
1031 4441 1121 4492 della
1142 4441 1250 4493 Canen
1270 4443 1351 4492 i049.
1380 4442 1545 4509 Recepnts

254 4524 307 4574 die
326 4523 371 4574 XI.
392 4528 509 4576 mensis
529 4527 605 4576 maii
628 4527 702 4576 1462.
729 4526 824 4590 Esset,
845 4545 870 4594 p.
892 4529 951 4584 140,
