3186 5286
1278 352 1341 416 373

56 545 159 620 γράφετε
185 541 233 601 καὶ
263 541 423 618 διαμηνθετε
446 551 479 624 τῇ
504 543 649 624 ἐκκλησίρι,
681 547 726 602 τὀν
755 545 903 622 ἀφανισμόν
931 545 977 604 καὶ
1007 547 1087 622 αθτῆς
1114 553 1163 620 τῆς
1188 549 1340 623 περιφῆμου

57 665 163 741 σχολῆς,
194 663 370 738 ἐλυπήθημεν
397 662 509 742 καιρίως
536 664 583 724 καὶ
612 665 775 742 ἐπλήγημεν
801 667 850 740 τῆν
872 669 970 742 ψυχήν.
1002 669 1064 726 όθεν
1086 667 1104 742 ἠ
1128 665 1273 744 ἐκκλησία,
1301 667 1339 738 ὡς

55 789 192 862 προνοοῦσαι
221 791 275 844 τῶν
304 785 426 846 καθόλου
457 783 503 844 καί
533 787 722 862 κηδεμονικῶς
750 789 935 866 προϊσταμένη
968 787 1015 846 καὶ
1046 789 1126 868 ἔργον
1160 787 1261 865 ἐχουσα
1290 787 1339 862 τἠν

56 908 163 966 οίττασιν
184 913 239 966 τῶν
258 908 551 985 τοισότωνθεαρέστων
567 908 614 968 καί
636 909 822 990 κσινωφελῶν,
846 911 915 970 οθτω
937 909 983 970 καὶ
1005 915 1059 968 τῶν
1083 908 1126 970 ἐπὶ
1149 911 1262 990 μέρους,
1285 913 1339 968 τῶν

55 1029 132 1088 άοτόθι
158 1029 296 1108 δηλονότι,
324 1031 373 1088 οθκ
400 1029 550 1108 ἀνασχετόν
574 1031 697 1108 ἡγήσατο
724 1031 846 1110 παριδεῖν
871 1031 935 1090 αθτόι
959 1031 1125 1108 ἠμελημένα
1152 1029 1198 1090 καὶ
1230 1031 1337 1090 ἀκατα-

54 1150 160 1220 στασίαις
191 1149 238 1209 καὶ
268 1151 454 1230 ἀνωμαλίαις,
486 1152 594 1229 θλίψεσί
615 1173 644 1212 τε
674 1151 720 1212 καὶ
749 1147 821 1226 βίαις
853 1153 1015 1227 ἐταζόμεθα.
1050 1152 1097 1212 καὶ
1124 1151 1186 1229 περὶ
1214 1153 1265 1226 μὲν
1292 1156 1337 1212 τοῦ

52 1269 113 1348 ἱεροῦ
141 1272 320 1352 μοναστηρίσυ
350 1273 458 1351 ἐγένετο
489 1272 662 1352 καὶγίνεται
690 1273 795 1354 φροντίς
824 1275 958 1354 ἀγρυπνος
985 1273 1046 1353 περὶ
1076 1273 1227 1352 ἀσφαλείας
1258 1275 1336 1332 αὀτσῦ

51 1391 88 1448 καὶ
120 1391 158 1464 είς
188 1393 223 1452 τά
255 1395 346 1471 πρόσω
381 1393 536 1472 αθξῆσεως,
572 1397 747 1470 βελτιώσεῶς
772 1416 803 1456 τε
833 1395 879 1456 καίΙ
915 1393 1152 1475 εἰνκαταστοίσεως,
1186 1389 1257 1454 κατόι
1289 1396 1335 1454 τόν

52 1514 118 1571 οιτον
146 1513 178 1572 δὲ
205 1514 290 1588 ζῆλον
313 1513 416 1592 γίνεται
446 1515 659 1592 ἐκκλησιαστικὴ
686 1519 798 1595 πρόνοια
820 1516 866 1576 καί
895 1517 940 1576 διδι
962 1517 1010 1591 τὴν
1035 1517 1125 1576 αθτόθι
1148 1515 1264 1594 σχολήν.
1288 1513 1335 1574 καὶ

51 1637 163 1710 σκέψεως
189 1643 284 1712 κοινῆς
306 1639 459 1713 γενομένης
487 1633 557 1712 μετὰ
583 1645 636 1697 τῶν
663 1643 832 1714 τιμιωτάτων
861 1640 975 1698 ἐνταῦθα
1000 1640 1149 1718 ἐπιτρόπων
1175 1641 1222 1696 τοῦ
1250 1637 1333 1696 εάλο-

48 1759 159 1832 χημένου
194 1757 330 1836 ῥουφετίσυ
364 1763 417 1817 τῶν
451 1761 630 1839 γουναραίδων
665 1761 803 1838 ἀπεφάνθη
839 1761 1005 1839 διορίσασθαι
1040 1757 1206 1818 διδάσκαλον
1236 1757 1275 1830 ὡς
1304 1759 1335 1816 τό

48 1885 144 1954 πρῶτον
167 1881 212 1937 τδν
228 1883 277 1958 κῦρ
294 1881 409 1957 Δανιῆλ,
433 1880 651 1942 ότοδιδάσκαλον
675 1882 706 1940 δὲ
729 1885 774 1940 τ’σν
797 1886 846 1962 κάρ
870 1881 986 1954 Μισαὴλ
1010 1880 1038 1939 ἐν
1060 1885 1094 1960 πῆ
1118 1881 1208 1938 αὺτόθι
1232 1879 1333 1960 σχολῇ,

48 1997 84 2056 διόι
109 1999 145 2056 νά
172 1999 336 2082 ἐπαναλοίβῃ
365 2003 430 2076 αθιη
457 2003 505 2079 τἠν
534 2002 651 2080 ἀρχαίαν
680 2003 761 2077 αθτῆς
788 2003 931 2076 καλλονὴν
959 1999 1005 2060 καί
1027 2001 1218 2080 λαμπρότητα,
1241 1999 1334 2070 καθὼς

46 2119 84 2177 καί
106 2121 302 2198 προλαβόντως
325 2122 479 2199 ἐσταληοαν
503 2125 717 2200 ἐκκλησιαστικόι
745 2125 786 2184 ἐπ’
811 2123 882 2202 αθτῷ
904 2125 990 2202 τούτῳ
1011 2125 1163 2200 γράμματα
1191 2119 1237 2179 καὶ
1259 2120 1334 2200 παρὰ

46 2251 89 2298 τῶν
119 2243 277 2322 ἐπιτρόπων,
311 2243 356 2303 διά
382 2245 416 2302 νόι
444 2245 596 2326 ἐπικυρωθῇ
625 2245 655 2304 δὲ
678 2247 695 2320 ἡ
719 2247 936 2316 ἀποκατάστασις
962 2246 1038 2318 ὑμῶν
1064 2247 1118 2302 τῶν
1146 2243 1332 2320 διδασκάλων,

44 2368 175 2442 γράφομεν
194 2367 278 2426 παίλιν
298 2365 344 2425 καί
361 2366 550 2441 ε’ντελλόμεθα
572 2367 632 2440 ὑμῖν
657 2368 899 2444 ἐκκλησιαστικῶς,
923 2368 989 2425 όποῡ
1010 2365 1155 2444 προθίνμως
1178 2364 1211 2421 νά
1228 2363 1331 2422 ἐπανα-

44 2485 142 2560 λάξοητε
170 2489 218 2560 τὴν
245 2487 370 2565 φροντίδα
398 2493 446 2561 τῆς
474 2487 580 2564 σχολῆς
606 2488 705 2563 ποιότης
732 2487 778 2547 καί
805 2488 876 2546 κατὰ
901 2489 932 2546 τό
958 2485 1077 2545 παλαιόν
1099 2485 1133 2544 νόι
1156 2485 1276 2558 διοικῆτε
1298 2483 1332 2543 τόι

44 2613 85 2679 τῆς
113 2609 221 2685 σχολῆς
252 2608 426 2680 διδάσκοντες
457 2609 562 2680 ἀόκνως
593 2608 639 2668 καὶ
672 2609 881 2684 ἐπιμελοόμενσι
907 2613 960 2667 τῶν
992 2609 1129 2682 μαθητῶν.
1165 2605 1212 2664 καί
1239 2607 1253 2664 ό
1282 2605 1332 2680 μὲν

43 2735 139 2804 πρῶτος
163 2730 332 2802 διδάσκαλος
354 2731 388 2788 νά
410 2725 567 2810 προΐσταται
589 2730 635 2790 καί
658 2731 692 2788 νόι
716 2731 844 2813 ἐφορεθῃ,
872 2729 918 2790 καί
945 2729 978 2787 νόι
1002 2729 1103 2808 διορίζῃ
1125 2729 1175 2799 τάς
1199 2726 1331 2786 διδασκα-

42 2849 98 2920 λίας
124 2858 177 2910 τῶν
206 2853 385 2926 μαθημάτων.
417 2853 432 2910 ό
460 2853 491 2912 δὲ
522 2851 742 2923 θπσδιδάσκαλος
772 2853 806 2910 νόι
835 2851 931 2932 ὑπείκῃ
961 2849 1000 2927 τῷ
1026 2851 1125 2928 πρώτῳ
1157 2847 1329 2925 διδασκάλῳ,

41 2967 81 3027 καὶ
102 2971 134 3030 νά
158 2973 323 3048 ἐπιμελῆται
351 2971 484 3054 περὶτῆς
508 2971 631 3044 εὐταξίας
654 2972 700 3033 καί
726 2973 904 3047 κοσμιότητος
926 2977 979 3030 τῶν
1002 2971 1075 3044 ἠθῶν
1098 2973 1152 3027 τῶν
1174 2962 1326 3046 φοιτώντων

41 3093 170 3172 μαθητῶν,
194 3093 401 3172 φυλαττομένης
420 3101 469 3170 τῆς
492 3094 609 3173 ἀρχαίας
632 3093 758 3170 εθνομίοις
780 3091 827 3152 καί
849 3093 941 3168 καλῆς
966 3092 1125 3166 διοικήσεως
1148 3094 1198 3162 τῆς
1220 3087 1327 3165 σχολῆς

41 3218 128 3292 ταύτης
150 3215 236 3295 χωρὶς
260 3219 305 3276 τοῦ
327 3215 448 3294 γίνεσθαι
473 3216 502 3286 ἐς
523 3217 629 3276 τοθπιδν
651 3215 842 3296 παρείσφρησίν
857 3235 915 3273 τινα
937 3217 955 3288 ῆ
976 3214 1037 3288 βίαν
1053 3215 1071 3286 ἢ
1088 3211 1161 3270 ἀλλο
1177 3230 1200 3268 τι
1224 3209 1328 3290 ἀπᾷδον

39 3337 78 3394 καὶ
104 3337 225 3397 ἐναντίον
256 3335 295 3406 είς
322 3336 356 3394 τά
383 3339 548 3416 συμφέροντα
575 3344 608 3419 τῇ
637 3337 727 3419 σχολῇ
754 3337 846 3418 ταύτῃ.
877 3335 924 3396 καὶ
952 3337 981 3395 σὺ
1008 3333 1266 3411 όκαθηχοθμενος,
1289 3332 1328 3402 ὡς

41 3457 173 3538 ἐπίτροπος
204 3457 251 3518 καί
279 3458 411 3538 ἐπιφέρων
438 3465 488 3534 τῆς
515 3459 665 3534 ἐκκλησίας
693 3461 837 3538 πρόσωπον
868 3456 907 3529 εἶς
933 3457 982 3532 τἠν
1010 3453 1141 3534 ἐξαρχίαν
1167 3454 1267 3527 ταύτην
1294 3452 1328 3510 νά

41 3577 206 3662 ἐπαγρίοπνῇς
236 3579 281 3638 διὰ
307 3582 408 3650 παντός
435 3578 482 3640 καὶ
504 3581 538 3639 νόι
560 3583 699 3662 προσέχῃς
722 3579 832 3660 καλῶς,
856 3581 922 3639 όποῶ
944 3579 977 3636 νά
1000 3578 1038 3652 μὴ
1061 3574 1165 3655 γίνεταί
1186 3595 1252 3633 ποτε
1275 3595 1327 3633 τα-

38 3703 102 3776 ρτχῆ
118 3722 157 3772 τις
180 3705 198 3775 ῆ
223 3700 269 3772 βίοι
293 3700 332 3772 είς
351 3722 381 3760 τε
403 3701 451 3778 τὴν
475 3702 583 3778 σχολὴν
605 3703 702 3777 ταότην
725 3699 772 3760 καὶ
795 3699 835 3774 είς
857 3703 887 3759 τό
908 3699 1026 3778 ’γεραρόν
1050 3698 1238 3775 μοναστῆριον,
1263 3696 1326 3756 ουδὲ

38 3823 66 3878 κά
89 3829 261 3904 παρορῶνται
287 3831 516 3905 περιφρσνητικῶς
545 3825 579 3884 τδι
607 3824 698 3884 δίκαια
729 3823 775 3884 καὶ
805 3823 838 3882 τόι
867 3823 1003 3903 προσόντα
1029 3822 1119 3890 αυτοῖς
1149 3819 1325 3896 ἀμφοτέροις,

39 3943 90 4002 οὔτε
116 3947 191 4018 δλως
218 3941 252 4004 νά
279 3953 487 4006 καταπατῶνται
509 3947 543 4005 τά
564 3947 639 4026 παρὰ
660 3952 710 4022 τῆς
734 3943 885 4018 ἐκκλησίας
909 3943 1143 4021 ἐπιχορηγηθέντα
1170 3939 1257 3998 πάλαι
1279 3937 1326 3998 καὶ

37 4069 74 4122 νίν
99 4071 248 4147 προνόμια,
279 4065 340 4127 οὔτε
366 4069 400 4126 νά
428 4065 558 4146 ἀνέχεσαι
585 4070 633 4143 πἠν
661 4071 841 4147 σμικροτάτην
869 4069 955 4126 αὐτῶν
979 4065 1102 4142 βλάβην,
1132 4059 1230 4136 ζημίαν
1253 4063 1324 4134 τεὴ

37 4185 183 4264 ἐνόχλησιν,
210 4189 305 4263 ἐπειδὴ
325 4191 398 4269 παρὰ
418 4192 496 4264 σοῶή
519 4190 653 4263 ἐκκλησία
678 4186 841 4261 ἐξετάζουσα
865 4188 1007 4261 ἀπαιτήσει
1028 4188 1136 4256 πάντως
1158 4183 1208 4254 τὰς
1230 4182 1324 4240 όπὼσ-

34 4327 92 4368 ποτε
113 4310 325 4387 συμβησομένας
346 4311 536 4391 παρεκτροπόις
558 4317 611 4370 τῶν
634 4309 756 4385 νομίμων
783 4307 830 4368 καί
852 4309 1027 4380 καθηκόντων
1054 4305 1100 4365 καί
1128 4305 1176 4376 τὰς
1203 4323 1324 4383 γενησο-

35 4431 110 4504 μένας
132 4435 267 4513 ταραχάς,
292 4433 402 4508 βλάβας
417 4454 446 4492 τε
462 4437 479 4508 ἢ
496 4432 606 4512 ζημίας,
629 4425 677 4492 καὶ
699 4431 818 4510 όφειλεις
843 4431 933 4490 δοῦναι
955 4430 1004 4500 ’.ἀς
1027 4427 1180 4506 ἀπολογίας
1203 4430 1319 4505 εὐπροσ-

35 4553 114 4627 ῶπους
143 4557 171 4615 ἐν
199 4549 278 4614 παντί
311 4553 406 4634 καιρῷ.
440 4558 609 4631 κατανόησον
636 4553 724 4614 τοίνυν
750 4555 780 4613 τό
812 4553 982 4628 ἐπικείμενόν
1005 4573 1048 4612 σοι
1074 4551 1158 4630 χρέος
1186 4550 1233 4609 καί
1261 4549 1322 4610 ἐπι-

34 4677 112 4746 μελοῦ
132 4677 212 4738 παντί
227 4698 273 4738 σου
294 4679 382 4739 σθένει
401 4683 450 4752 τῆς
472 4676 626 4748 εθσταθείας
645 4679 691 4736 τοῦ
707 4680 824 4758 γεραροῦ
845 4670 1026 4754 μοναστηρίου
1044 4671 1091 4735 καί
1106 4677 1155 4750 τῆς
1171 4695 1185 4754 ρ
1203 4673 1321 4750 θμίσεως
