3184 5288
1281 299 1343 362 119

65 492 285 570 «κατεστρώθη
310 490 408 570 ἐντῷ
431 493 578 572 σεκρὲτῳ
605 497 668 550 τῶν
695 490 887 572 οἰκειακῶν,
912 491 989 568 μηνί
1012 487 1109 574 μαίῳ,
1135 492 1343 566 ἰνδικτιῶνσς

62 609 110 671 ν’».
131 615 150 688 ι

148 733 167 809 †
189 734 234 792 Tb
256 735 359 812 παρὀν
379 733 449 794 ἴσον
464 731 507 811 τῷ
528 734 760 813 ἐμρανισθέντι
777 755 832 809 μοι
851 737 1049 815 πρωτστῦπῳ
1064 738 1341 816 κατεστρωμένον

62 854 258 933 τροτκννητῷ
289 854 456 934 βασιλικῷ
489 855 546 916 καὶ
576 855 653 934 θείῳ
683 858 914 936 προστάγματι
948 853 982 928 ἐξ
1013 856 1196 932 ἀντιβολῆς
1227 855 1341 929 ἰσάζον

62 974 149 1053 εὑρὼν
170 977 353 1057 ὑπέγραψα.
377 980 397 1057 †

151 1099 227 1176 †'0
251 1099 414 1175 σεβαστός
436 1097 491 1159 καὶ
518 1102 626 1178 μέγας
650 1101 872 1180 δρουγγάριος
896 1145 1096 1162 .......
1120 1101 1134 1159 ό
1160 1147 1296 1162 .....
1320 1103 1342 1180 †

150 1220 227 1298 †'0
248 1226 545 1302 πρωτοασηκρῆτις
568 1221 741 1294 Νικόλαος
763 1223 958 1303 όΖινναρᾶς
981 1223 1016 1282 τό
1039 1223 1142 1302 παρόν
1166 1220 1234 1282 ἴσον
1260 1224 1343 1298 μετὰ

58 1345 103 1399 τοῦ
127 1341 380 1421 ἐμφανισθὲντος
403 1364 456 1418 μοι
483 1345 697 1424 πρωτοτῦπου
719 1348 947 1424 προσκυνητοῦ
969 1346 1228 1424 προστάγματος
1251 1345 1339 1406 ἀντι-

57 1463 160 1536 βαλὼν
182 1466 222 1536 ὡς
248 1463 359 1537 ἰσάζον
380 1464 423 1544 τῷ
445 1466 646 1546 πρωτοτίιπῳ
670 1466 855 1545 ὑπέγραψα.
880 1469 900 1546 ’ρ

151 1585 232 1662 †‘0
262 1586 478 1662 δικαιοδότης
511 1585 694 1660 Θεοδόσιος
726 1588 739 1646 ό
768 1587 963 1666 ίίαντεχνής
997 1586 1185 1662 ἀντιβαλὼν
1220 1589 1341 1664 ὁμοίως

56 1703 273 1787 ίτέγραψα.ή

148 1828 227 1906 †‘O
258 1829 437 1910 κοιαίστιορ
471 1829 638 1910 Γεώργιος
666 1877 897 1896 ........
929 1829 985 1891 καὶ
1019 1832 1115 1902 αῦτός
1150 1827 1340 1904 ὰντιβαλὼν

57 1947 168 2022 ἑμσίως
190 1951 374 2030 ὑπέγραψα.
398 1953 419 2030 †

147 2078 299 2148 Εισεπιμίατ
320 2079 405 2134 σόαι-ἰ.
430 2079 505 2132 Hor.
530 2095 580 2132 ιινο
605 2081 653 2134 60.

261 2433 389 2500 XXXI.
414 2433 640 2518 6694-1186,
665 2457 774 2500 mense
799 2437 951 2518 ianuan'o,
975 2435 1039 2501 ind.
1065 2436 1122 2502 IV.

57 2607 196 2676 Imperator
214 2608 343 2662 Ισαασίτισ
363 2608 481 2680 Amyclae
503 2607 644 2676 confirmat
662 2607 812 2679 privileqia
834 2609 992 2662 ανοιιασίετίι·
1013 2609 1155 2679 eximieque
1177 2611 1234 2663 αἰιιιν
1257 2629 1340 2664 naves

523 2713 678 2782 peculiares
702 2731 720 2766 a
742 2713 854 2767 decima.

145 2921 292 3000 ήΚαινόν
320 2923 428 3000 ἡγεῖται
458 2923 488 2982 τό
517 2926 633 3002 πρᾶγμα
666 2923 680 2996 ή
712 2922 839 2998 βασιλεία
871 2943 932 3002 μου,
967 2923 1040 2994 όπινς
1074 2925 1089 2982 ό
1121 2924 1149 2984 ἐν
1184 2923 1338 2997 βασιλεῦσιν

56 3040 148 3114 ἐκεῖνος
174 3042 299 3118 ἀοίδιμος
326 3042 456 3119 βασιλεὺς
482 3041 529 3102 καὶ
555 3045 716 3122 πρόπαππος
743 3049 792 3120 τῆς
820 3043 963 3117 βασιλείας
986 3063 1046 3124 μου,
1074 3046 1148 3125 κῦρις
1173 3041 1339 3117 Ἀλέξιοςό

55 3163 196 3244 Καμνηνός,
227 3164 327 3236 ἀτελὲς
357 3165 488 3224 κατέλιπε
516 3165 546 3224 τό
572 3165 671 3245 καλόν,
702 3167 793 3245 ὥσπερ
816 3185 855 3236 τις
882 3163 968 3224 οἰκίον
999 3165 1168 3246 προθέμενος
1199 3163 1337 3246 ξυναρμό-

56 3285 151 3366 σατόαι,
184 3281 243 3345 είτα
267 3285 363 3362 βαλὼν
386 3284 542 3366 ῦποβάθρας
563 3284 610 3344 καὶ
632 3285 739 3363 τοίχους
764 3284 943 3366 ἐπανεγείρας
965 3283 1011 3344 καί
1035 3285 1130 3366 όρορον
1154 3288 1193 3362 μὴ
1216 3285 1335 3359 συνθείς·

56 3404 262 3486 ἐπεβροβείνσατο
289 3409 344 3488 γὰρ
371 3408 476 3476 ἐκεῖνος
507 3407 551 3466 διὰ
577 3405 791 3484 χρυσοβοόλλων
819 3408 912 3486 λόγων
941 3413 974 3488 τῇ
1002 3407 1030 3466 ἐν
1058 3413 1091 3486 τῇ
1126 3410 1201 3487 νήσῳ
1233 3409 1337 3486 Πάτμῳ

56 3526 174 3612 σεβασμίρ
202 3535 283 3610 μονῇ,
309 3535 343 3611 τῇ
373 3529 415 3588 ἐπ’
439 3530 551 3604 όνόματι
574 3529 725 3610 τιμιωμένρ
751 3533 797 3588 τοῦ
826 3524 988 3609 ἐπιστήθίου,
1011 3529 1192 3607 ήγαπημένου
1216 3530 1338 3606 μαθητοῦ

55 3647 86 3724 τῷ
114 3657 208 3732 σωτῆρι
231 3649 340 3730 Χριστῷ
371 3649 417 3709 καὶ
449 3649 645 3729 εὐαγγελιστοῦ
672 3648 800 3710 Ἰωάννου
833 3653 880 3710 τοῦ
902 3649 1046 3729 Θεολόγον
1076 3647 1247 3723 ἑξκουσσείαν
1274 3653 1337 3712 καθ’

56 3769 204 3853 ὁλόκληρον,
232 3767 270 3832 ὧν
297 3772 331 3832 ἂν
359 3771 421 3854 είπρ
447 3793 488 3842 τις
514 3771 682 3851 κεφαλαίων,
704 3770 791 3851 χωρὶς
817 3777 868 3848 τῆς
895 3771 1049 3853 δεκατείας,
1078 3771 1228 3851 πλοιαρίων
1257 3779 1336 3853 τριῶν

57 3891 87 3964 μὴ
116 3895 385 3973 καταγεγραμμένον
420 3893 449 3953 ἐν
483 3891 588 3969 κώδήξι
621 3893 813 3972 δήμοσιακοῐς,
848 3893 931 3953 όντων
961 3913 990 3952 τε
1024 3898 1175 3973 χωρήσειας
1208 3895 1337 3971 χιλιάδος

57 4018 109 4084 μιᾶς
127 4018 239 4098 πρόςτῇ
262 4015 383 4097 ἡμισείᾳ,
406 4013 453 4074 καὶ
476 4017 571 4094 μικρόν
586 4035 610 4074 τι
632 4016 736 4095 πρόςή
761 4015 885 4096 ἔλαττον,
909 4015 1093 4093 διοριζομὲνου
1115 4016 1145 4074 τό
1168 4017 1238 4074 ὥστε
1262 4015 1337 4092 ἔχειν

59 4135 111 4193 σίτα
137 4134 169 4196 τὰ
195 4139 283 4198 πλοῖα
310 4138 352 4197 ἐπ’
381 4137 475 4208 ἀδείας
501 4137 597 4197 πλέειν
629 4138 787 4216 ἁπανταχοῦ
816 4141 869 4195 τῶν
897 4143 947 4213 τής
976 4137 1134 4212 Ῥωμαικῆς
1165 4136 1336 4216 ἐπικρατείας

58 4265 143 4340 μερῶν,
170 4264 259 4336 πάσης
291 4259 458 4335 οἱασδήτινος
489 4260 621 4340 ἐλεύθερα
652 4261 822 4334 συζητήσεως
848 4279 879 4317 τε
906 4257 952 4318 καί
978 4259 1116 4337 ἐπηρείας,
1149 4259 1212 4317 οἶνειι
1244 4259 1336 4333 μέντοι

58 4383 97 4450 τής
120 4379 268 4461 όεκατείας,
297 4383 335 4451 ὡς
365 4381 479 4462 εἴρηται.
515 4379 574 4440 ἐπεὶ
605 4381 636 4440 δὲ
667 4381 692 4441 οί
722 4382 792 4440 κατὰ
821 4383 869 4456 τήν
905 4381 1031 4460 ῥηθεῖσαν
1065 4377 1215 4454 σεβασμίαν
1250 4381 1335 4456 μονήν

59 4502 158 4580 μαναγοὶ
183 4503 317 4586 ήτήσαντο
344 4503 392 4578 τήν
419 4501 561 4577 βασιλείαν
584 4523 635 4578 μου
664 4499 886 4574 ἐξκουσσεῦεσθαι
912 4497 946 4561 τότ
968 4505 1077 4562 τοιαῦτα
1099 4501 1184 4560 πλοῖα
1212 4501 1258 4560 καί
1282 4502 1334 4561 ἀπο

58 4623 94 4676 τοῦ
116 4623 260 4702 κεραλαίσν
286 4629 335 4698 τῆς
363 4623 516 4701 δεκατείας,
546 4623 630 4684 ε’ίτουν
657 4624 837 4702 κομμερκίον,
864 4624 922 4695 πῶς
951 4625 999 4682 σῦν,
1027 4625 1058 4681 ἂν
1085 4623 1103 4697 ή
1133 4622 1261 4696 βασιλεία
1285 4643 1336 4698 μου
