3160 5292
277 354 338 418 178

271 548 326 610 καὶ
356 547 526 623 βασιλέως
552 547 609 609 καί
634 551 938 631 παρακοιμώμενος
961 547 1115 624 Ἀλέξισς
1138 551 1153 609 ό
1176 551 1358 630 Κρατερός.
1386 550 1435 624 τὴν
1463 549 1495 609 δὲ
1514 570 1556 626 γε·

272 672 381 751 γονυῖον
404 673 479 752 παρά
501 689 541 731 σοι
563 671 780 732 ἀποκατάστασιν
803 671 909 730 στεῖλσν
933 671 1014 746 αὐτὴν
1036 674 1104 752 πρός
1126 692 1185 748 με»
1211 674 1232 752 †

375 793 430 852 Τον
459 794 531 854 θεῖον
560 792 646 853 τοίνυν
675 790 723 852 καὶ
750 793 932 872 προσκυνητδν
962 794 1073 873 όρισμδν
1104 790 1256 868 δεξάμενος
1289 791 1337 852 καὶ
1369 794 1400 851 τ“ο
1431 794 1557 852 πιττάκιον

271 917 318 973 τοῦ
348 913 427 993 ἁγίου
450 933 507 989 μου
534 915 660 976 αίιθέντου
690 912 737 974 καὶ
767 913 953 986 πανσεβάοτου
982 916 1247 995 παρακοιμωμένου,
1277 913 1324 974 καὶ
1354 913 1487 996 παρουσίᾳ
1514 919 1558 972 τῶν

272 1031 330 1095 άνω
359 1037 561 1114 γεγραμμένων
591 1036 731 1117 μαρτόρων
766 1034 813 1096 καὶ
842 1040 888 1096 τοῦ
919 1035 1090 1113 δηλουμένου
1118 1039 1320 1117 πανιερωτάτου
1354 1036 1486 1096 δεσπότου
1516 1056 1558 1110 μου

272 1157 398 1232 Μιλήτου
424 1155 472 1217 καὶ
495 1153 629 1238 ἐξάρχου,
661 1162 742 1238 κυροθ
765 1158 914 1232 Μανουήλ,
938 1158 1071 1237 ἀναγνοὺς
1098 1155 1275 1239 ἐξῃτησάμην
1298 1159 1359 1234 μετ’
1384 1157 1500 1234 ἐντολῆς
1519 1165 1559 1231 τῆς

271 1279 351 1338 αἰετοῦ
374 1279 531 1359 ἁγιότητος,
554 1279 607 1359 ἵνα,
634 1280 707 1350 όστις
734 1277 872 1338 ἐπίσταται
901 1279 935 1338 τὰ
961 1277 1021 1359 περὶ
1047 1285 1098 1356 τῆς
1121 1281 1320 1359 Παναχράντου
1347 1277 1441 1339 δίκαια
1463 1278 1502 1350 εἰς
1521 1281 1559 1338 τόν

270 1401 389 1482 Πόργον,
409 1399 538 1482 ὑποδείξῃ
554 1399 631 1480 αθτά,
654 1399 701 1460 καὶ
725 1399 894 1475 δικαιώματα
915 1399 1039 1481 χαρτῷα,
1062 1401 1122 1462 όποι
1146 1403 1178 1460 ἂν
1200 1399 1248 1460 καί
1269 1396 1329 1480 είσί,
1350 1402 1559 1481 καθομολογηοη

271 1525 347 1583 αὑτά.
370 1521 417 1582 καὶ
439 1527 546 1602 πρῶτος
567 1523 583 1580 ό
606 1521 755 1601 άγιωτατός
778 1541 829 1596 μου
853 1519 1055 1601 μητροπολίτας
1077 1521 1124 1582 καί
1148 1522 1318 1598 δηλούμενος
1341 1526 1417 1602 κῡρις
1433 1522 1559 1614 Μανοάηλ

271 1640 377 1717 ἐξεῖπεν
405 1643 480 1722 ἔχειν
503 1643 532 1701 ἐν
557 1642 597 1722 τῷ
623 1641 834 1724 χαρτορυλακίῳ
861 1643 942 1702 αὺτοῦ
967 1641 1082 1721 χαρτῷα
1104 1641 1274 1718 δικαιώματα
1297 1647 1348 1719 τῆς
1371 1644 1560 1723 Παναχράντυυ

270 1773 356 1842 μονῆς
394 1765 449 1826 είτε
485 1765 623 1846 παροίκων
660 1763 818 1845 ὑπογραφάς
861 1763 908 1823 καὶ
940 1764 1118 1839 τελεομάτων
1152 1771 1206 1824 τῶν
1240 1765 1378 1844 μετοχίων
1413 1767 1496 1841 αὐτῆς
1528 1765 1561 1822 ότι

268 1887 404 1950 πλείστων
445 1886 563 1963 πλησίον
603 1887 661 1959 τοῖς
694 1885 845 1958 Παλατίσις
887 1885 933 1946 καὶ
976 1886 1133 1967 ἐκδοτηριον
1173 1889 1241 1967 πρδς
1278 1888 1324 1946 τὀν
1359 1889 1561 1966 Ἀνεμοπράτην

270 2011 374 2070 ἐκεῖνον
403 2008 450 2070 καὶ
478 2009 668 2090 περιορισμοίνς
696 2015 750 2067 τῶν
778 2009 852 2068 ὅλων
879 2010 1024 2082 κτημάτων
1053 2009 1136 2084 αὑτῆς
1168 2007 1215 2068 καὶ
1242 2011 1322 2068 συλτοῦ
1349 2013 1396 2068 τοῦ
1420 2011 1562 2088 ὡρισμένον

270 2133 388 2212 Πίιργου,
414 2131 564 2211 παράδοσιν
591 2132 697 2210 ὀρεινῆς
723 2135 777 2207 γῆς
806 2127 853 2188 καὶ
880 2131 996 2208 θπέργου
1024 2129 1070 2189 καί
1097 2129 1272 2207 νομαδιαίας,
1299 2131 1341 2210 ὑφ’
1364 2125 1399 2206 ἧς
1427 2128 1474 2190 καὶ
1501 2129 1562 2190 ὑπο-

269 2257 396 2315 τέτακται
426 2254 547 2316 δίδοσθαι
576 2253 642 2330 ὑπὲρ
672 2253 851 2333 χωροοτάκιου
881 2250 948 2323 ὅλος
975 2251 990 2309 ό
1015 2251 1132 2332 Πόργος,
1165 2252 1242 2312 ἀλλὰ
1271 2251 1319 2311 καί
1351 2249 1381 2325 ἐξ
1414 2255 1493 2312 αὺτοῦ
1523 2255 1564 2310 τσῦ

268 2375 475 2457 χρυσοβοίνλλου
504 2375 590 2452 λόγου
619 2378 665 2434 τοῦ
694 2373 818 2448 ἀοιδίμου
847 2375 928 2452 κυροῡ
955 2373 1074 2450 Μιχαὴλ
1103 2374 1152 2447 τὴν
1184 2373 1330 2449 βεβαίωσιν
1358 2375 1495 2454 φέροντος.
1522 2371 1565 2431 καί

269 2518 340 2570 τινες
356 2497 407 2573 μὲν
425 2500 549 2577 πάροικοι
565 2493 792 2574 Παναχραντηνοί
816 2490 892 2573 είχσν
916 2495 997 2568 αὐτὴν
1021 2494 1142 2554 ἀπὸτοῦ
1164 2497 1226 2554 τότε
1247 2497 1353 2574 καιροῦ,
1376 2497 1423 2554 ότε
1445 2498 1463 2570 ἡ
1487 2496 1563 2570 βασι-

269 2619 387 2680 λεόουσα
415 2618 506 2678 ίστατο
535 2623 589 2676 τῶν
617 2617 742 2696 πόλεων,
772 2621 1004 2697 χωρσπακτικῶς,
1027 2616 1098 2687 τινὲς
1126 2614 1157 2675 δὲ
1183 2622 1237 2676 τῶν
1268 2617 1297 2676 ἐν
1324 2617 1402 2677 τέλει
1430 2618 1565 2694 δημοσίας

268 2743 331 2802 καθ’
360 2743 496 2821 ἁρπαγήν,
527 2740 623 2811 οἵτινες
650 2740 721 2815 μετὰ
747 2741 795 2814 τὴν
819 2740 933 2818 ἅλωσιν,
961 2739 1095 2818 ἐλευθέρα
1122 2735 1230 2814 οὖοαη
1258 2745 1296 2818 γῆ
1323 2737 1371 2798 καί
1398 2741 1438 2814 μὴ
1464 2759 1564 2812 κεκτη-

270 2865 339 2940 μένη
366 2865 411 2922 τὀν
438 2861 507 2922 ἴδιον
535 2863 678 2941 δεσπότην,
701 2863 716 2920 ό
739 2861 909 2936 βουλόμενος
931 2861 1110 2940 ἐκαλλιὲργει
1132 2862 1230 2938 ταότην
1253 2861 1292 2932 ὡς
1314 2859 1418 2920 οἰκείαν
1442 2862 1563 2940 ἄρουραι.

268 2988 351 3044 ταῦτα
377 2983 422 3044 οὖν
448 2985 630 3055 πιστευθέντες
658 2979 689 3054 ἐξ
716 2983 799 3058 οιύτῖης
827 2983 958 3058 ἀληθείας
985 2981 1032 3042 καὶ
1059 2982 1246 3064 πληροφορίας
1273 2983 1421 3062 ἀληθινῆς,
1451 2982 1499 3042 καὶ
1529 2985 1564 3058 μὴ

269 3106 343 3184 ἔχειν
373 3107 436 3184 όρον
464 3105 527 3176 τους
555 3104 745 3176 Παλατιανοθς
774 3105 804 3163 ἐν
830 3111 863 3186 ιῄ
891 3104 1035 3186 τοποθεσίᾳ
1061 3109 1107 3165 τοῦ
1135 3105 1252 3185 Πόργου,
1283 3105 1350 3166 ἀλλ’
1383 3100 1456 3165 εἶναι
1486 3105 1564 3182 αθτίμ

269 3228 377 3287 ἅπασαν
406 3231 456 3300 τῆς
486 3224 659 3300 δηλουμένης
694 3231 780 3300 μονῆς
815 3230 864 3300 τῆς
895 3226 1105 3306 Παναχράντου,
1137 3223 1307 3298 εἰσελθόντες
1337 3225 1385 3286 καὶ
1417 3227 1493 3300 ἐντὀς
1521 3231 1564 3286 τοῦ

269 3348 377 3426 nup-(ou
403 3345 450 3406 καὶ
476 3345 717 3424 ἀναθεωρηοαντες
743 3346 841 3420 ταύτην
868 3345 937 3420 μετὰ
967 3349 1012 3406 τοῦ
1043 3347 1195 3425 ἀρχιερέως
1227 3345 1274 3406 καὶ
1303 3354 1357 3406 τῶν
1389 3348 1563 3425 δηλουμένων

269 3469 410 3548 μαρτύρων
440 3464 487 3525 καὶ
516 3467 546 3524 τό
576 3465 687 3540 βέβαιον
717 3468 925 3541 πιστωσάμενοι,
955 3467 1153 3540 καταλιπόντες
1182 3473 1271 3528 πᾶσαν
1301 3469 1490 3550 εθρεσιλογίαν
1518 3469 1563 3530 καὶ

269 3589 331 3660 τοὶις
352 3591 506 3662 κάμνοντας
528 3588 625 3663 ταυτην
641 3588 888 3670 Παναχραντηνοθς
909 3589 1054 3669 παροίκους
1076 3588 1122 3650 καί
1145 3589 1338 3664 Παλατιανοθς
1351 3577 1415 3651 τῶν
1440 3593 1469 3652 ἐν
1490 3593 1563 3651 τέλει

269 3709 316 3770 καὶ
343 3711 458 3768 ἕκαστον
484 3711 703 3784 καταστήσοντες
730 3708 769 3782 είς
794 3711 824 3770 τό
851 3709 951 3770 οἰκεῖον
973 3713 1073 3792 χωρεῖν
1096 3714 1206 3790 ηονικδν
1235 3712 1282 3773 καὶ
1311 3709 1365 3786 ἔξω
1389 3718 1437 3774 τοῦ
1460 3714 1563 3794 Πόρησυ

269 3832 405 3910 γενέσθαι,
429 3830 455 3889 οἱ
478 3831 661 3910 εὑρισκόμενοι
689 3832 718 3890 ἐν
741 3829 813 3909 αυτῷ
835 3830 1050 3908 κατοδεξάμενοι
1073 3831 1119 3893 καὶ
1143 3833 1217 3895 αἰετοὶ
1240 3839 1317 3896 τοῦτο
1342 3831 1499 3912 ἀπέστησαν
1519 3843 1563 3894 τοῦ

271 3955 378 4033 Πόργου
398 3953 523 4033 τελείως,
538 3957 584 4013 τοῦ
600 3955 665 4029 μηδ’
678 3953 752 4022 όλως
774 3952 849 4030 ἔχειν
873 3953 901 4012 ἐν
925 3953 996 4032 αὐτῷ
1019 3955 1117 4036 μερίδα
1140 3959 1157 4030 ἢ
1181 3955 1295 4038 δίκαιον,
1318 3959 1391 4018 κατὰ
1412 3959 1462 4033 τὴν
1486 3959 1563 4032 βασι-

269 4077 352 4149 λικὴν
378 4073 512 4134 κέλευαιν.
541 4072 580 4151 τῷ
607 4095 647 4133 τοι
677 4073 724 4134 καὶ
751 4074 799 4149 την
825 4079 961 4153 παροῦσαν
988 4077 1241 4153 ἀποκαταστατικὴν
1268 4080 1375 4159 γραρὴν
1404 4071 1577 4156 ποιήσαντες

269 4196 316 4256 καὶ
345 4197 391 4254 τόν
417 4198 499 4255 τόπον
525 4198 672 4270 στησαντες
699 4195 774 4268 ἐντός
803 4195 875 4255 δυοῖν
896 4201 1058 4272 ποταμικοῖς
1085 4200 1159 4278 όροις
1181 4199 1382 4276 ἐδικαιώοαμεν
1404 4202 1440 4262 τὰ
1461 4202 1564 4282 προδη-

270 4318 393 4392 λοθμενα
431 4317 511 4376 τόπια
548 4324 597 4393 τῆς
632 4318 829 4398 Παναχράντου
866 4320 933 4398 προς
969 4321 1017 4394 τὴν
1050 4320 1190 4393 πολλάκις
1225 4323 1354 4402 ῥηθεῖσαν
1393 4325 1480 4400 μονὴν
1517 4331 1565 4398 τῆς

271 4441 393 4514 Πάτμαυ.
418 4438 460 4498 διδ
483 4439 536 4497 ἀπό
558 4459 593 4516 γε
615 4443 661 4498 τοῦ
683 4443 727 4498 νῦν
751 4440 781 4498 οὺ
810 4437 920 4513 μεθέξει
946 4461 985 4512 τις
1014 4447 1067 4500 τῶν
1089 4445 1320 4522 προνοιασθέντων
1344 4443 1386 4518 είς
1406 4424 1442 4505 τὰ
1466 4446 1565 4506 Παλά-

269 4581 313 4621 τια
335 4563 445 4636 ζήτησιν
468 4559 528 4640 περὶ
551 4563 597 4620 τοῦ
613 4561 719 4639 Πόργου
742 4561 817 4631 όλως
839 4563 1000 4635 ποιήσασθαι
1022 4565 1041 4638 ὴ
1066 4564 1297 4646 Παναχρανιηνθς
1319 4569 1452 4648 πάροικος
1474 4571 1493 4643 ἢ
1513 4573 1566 4626 τῶν

271 4681 300 4740 ἐν
327 4679 460 4760 δημοσίῳ,
488 4681 555 4740 ἀλλ’
580 4682 643 4741 σίιδὲ
671 4681 785 4758 ὄχλησίν
811 4702 869 4739 τινα
895 4686 1053 4762 προσφέρειν
1081 4689 1190 4746 πωπστε
1217 4695 1251 4771 τη·
1279 4689 1393 4770 ῥηθείσῃ
1421 4697 1492 4772 μονῇ
1517 4695 1566 4761 τῆς
