3184 5288
1287 353 1328 416 79

46 533 174 590 καὶτοῦτο
196 535 307 612 κρατεῖν
329 529 408 590 παντὶ
431 533 522 612 τρόπῳ
544 529 776 610 παρεκελεύσατο.
800 529 874 606 πλὴν
898 527 921 588 εἰ
934 531 972 604 μή
995 549 1046 588 που
1068 549 1108 600 τις
1129 528 1226 608 βαρεῖα
1241 549 1328 608 προσ-

45 659 148 713 πεσοῦσα
169 655 247 725 νόσος
269 654 314 712 τ’σν
336 654 436 733 χρόνον
460 651 609 730 ἀναγκάσει
631 651 797 726 συσταλῆναι
819 655 869 728 τῆς
892 649 1056 725 δοκιμασίας
1077 653 1095 724 ῆ
1118 647 1140 708 εἰ
1154 651 1192 724 μή
1215 649 1266 708 ποθ
1288 671 1328 721 τις

47 774 81 848 εἴη
102 775 165 856 ἀνὴρ
186 775 310 850 εῦλαβὴς
332 773 379 835 καὶ
402 777 447 835 τάν
470 775 622 853 μοναχικδν
645 773 703 848 βίον
728 773 756 832 ἐν
778 771 817 851 τῷ
839 770 964 854 κοσμικῷ
988 773 1114 832 διανθων·
1141 770 1184 831 ἐπὶ
1206 771 1260 852 γάρ
1283 775 1329 830 τοῦ

45 897 148 956 τοιοῦτον
178 895 276 978 ἀνδρὸς
303 895 344 969 εἰς
374 895 524 976 ἀπόπειραν
553 895 676 970 παντελῆ
711 895 726 954 δ
750 893 925 970 ἑξαμηνιαῖος
952 894 1062 974 ἀρκέσει
1088 895 1222 974 χρόνος».
1251 891 1328 952 ἀλλὰ

45 1019 186 1092 ταῦταμὲν
208 1017 346 1098 περὶτῶν
374 1019 428 1079 ἀπό
455 1021 588 1094 κοσμικοῖι
615 1017 675 1093 βίου
701 1019 945 1098 προσερχομένων.
970 1015 1029 1076 ἐπεὶ
1053 1015 1085 1076 δὲ
1109 1013 1182 1087 εἰκός
1205 1015 1259 1076 ἐστι
1281 1013 1328 1076 καί

47 1140 83 1218 ἀφ’
104 1141 198 1220 ἐτέρων
228 1137 414 1220 μοναστηρίων
441 1139 516 1210 τινάς
543 1140 696 1220 προσιέναι,
719 1139 836 1217 γινέσθω
862 1135 909 1198 καὶ
933 1137 977 1197 ἐπ’
1001 1139 1090 1210 αῦτοῖς
1111 1137 1146 1196 τά
1167 1139 1224 1208 τοῖς
1246 1136 1329 1208 θείοις

45 1263 123 1320 κανόσι
140 1262 404 1340 τεθεσμοθετημένα,
426 1261 495 1342 πρδς
518 1259 619 1320 δὲκαὶ
642 1261 711 1340 άπερ
733 1261 749 1319 ό
772 1259 844 1340 ἱερός
867 1257 914 1318 καὶ
937 1259 1026 1339 μέγας
1048 1257 1195 1330 Βασιλειος
1218 1259 1247 1318 ἐν
1271 1261 1329 1330 τοῖς

46 1383 185 1458 άσκητικοῖς
208 1385 288 1444 αὐτοῦ
311 1385 478 1464 συντάγμασι
500 1382 561 1464 περὶ
584 1383 683 1444 τούτων
705 1383 938 1462 παρεκελεύσατο.

132 1502 183 1576 κζ’.
208 1506 304 1584 Ἀλλ’,
320 1502 342 1564 ὦ
359 1505 458 1585 Χριστέ
474 1509 571 1584 σῶτερ,
593 1503 754 1564 ἐνυπόστατε
774 1504 844 1581 λόγε
865 1505 937 1582 θεοῦ,
962 1500 1043 1582 θεῷ
1065 1501 1144 1583 πατρὶ
1166 1505 1327 1583 συνάναρχε,

45 1624 81 1684 καί
101 1625 137 1704 τῷ
157 1627 289 1702 πνεύματι
312 1625 437 1701 όμσοίισιε
459 1625 506 1686 καὶ
529 1626 659 1704 όμότιμε,
688 1622 711 1684 ὦ
733 1627 779 1684 νέε
803 1625 892 1699 Ἀδὰμ
915 1625 981 1684 δλον
1003 1626 1049 1684 τόν
1070 1623 1190 1686 παλαιόν
1212 1626 1329 1704 φορέσας

46 1746 137 1826 Ἀδάμ,
158 1748 233 1823 πλὴν
260 1754 310 1826 τῆς
337 1746 487 1828 ἁμαρτίας,
517 1746 564 1808 καὶ
592 1747 687 1823 μείνας
713 1748 728 1804 ὃ
755 1743 803 1828 ᾖς,
830 1745 877 1806 καὶ
907 1747 1033 1825 γεγονὼς
1059 1747 1126 1825 ὅπερ
1154 1745 1271 1824 ἐκεῖνος,
1293 1745 1329 1804 ἵν’

46 1869 134 1927 ἐκεῖνον
157 1869 338 1949 ἀπστελέσῃς,
362 1871 430 1948 ὅπερ
453 1869 543 1946 αὐτάς,
566 1861 614 1928 καί
642 1864 712 1944 μετὰ
734 1868 782 1942 τήν
807 1869 920 1947 ἄρρητον
944 1869 1037 1926 ἕνωσιν
1060 1863 1184 1946 φυλάξας
1206 1866 1328 1944 ἀσυγχύ-

45 2010 94 2060 τσνς
117 1991 165 2061 τὰς
189 1991 322 2070 ἑκατέρας
348 1990 453 2070 φίισεως
482 1987 619 2066 ἰδιότητας
648 1987 696 2049 καὶ
722 1989 816 2048 παθῶν
844 1989 957 2060 ἀπαθῶς
987 1987 1031 2047 διὰ
1062 1989 1108 2048 τὀν
1134 1988 1256 2048 παθόντα
1281 1986 1329 2049 καί

45 2113 120 2170 θανὼν
146 2108 284 2192 οαρκικῶς
310 2110 355 2170 διά
381 2113 428 2172 τδν
454 2111 584 2192 θανόντα,
611 2107 658 2170 καί
681 2110 806 2183 καταβὰς
837 2107 875 2182 εἰς
905 2105 997 2184 Ἅιδην
1028 2109 1073 2170 διά
1101 2110 1150 2180 τὰς
1181 2110 1209 2168 ἐν
1238 2108 1329 2170 Ἅιδου

44 2235 220 2310 κατεχομένας
249 2233 350 2311 ψυχάς,
381 2230 427 2292 καὶ
453 2239 487 2314 τῇ
519 2233 597 2313 θεῖκῇ
624 2253 671 2292 σου
694 2232 807 2307 δυνάμει
838 2231 950 2303 «πύλας
976 2230 1128 2312 χαλκᾶς»,
1155 2238 1329 2312 προφητικῶς

45 2357 123 2430 φάναι,
158 2352 226 2412 «καὶ
253 2352 378 2430 μαχλοθς
408 2352 533 2432 σιδηροῦς
559 2354 742 2434 συντρίψας».
770 2351 839 2412 «καὶ
867 2354 981 2412 θάνατον
1007 2355 1186 2432 καταργήσας
1213 2350 1260 2412 καὶ
1282 2353 1327 2411 τόν

45 2476 68 2532 τό
91 2477 186 2555 κράτος
214 2475 315 2553 ἔχοντα
341 2478 387 2534 τοῦ
413 2477 530 2536 θανάτου
556 2477 754 2548 καταπατήσας
782 2473 935 2550 διάβολον»
969 2471 1016 2532 καὶ
1047 2474 1091 2534 διὰ
1120 2479 1166 2534 τοῦ
1193 2475 1328 2554 ἡμετέρου

46 2599 185 2675 ρνράματος
208 2596 365 2676 ἐγκαινίσας
387 2597 453 2672 ἡμῖν
476 2596 505 2656 ἐν
528 2595 632 2674 σεαυτῴ
655 2597 703 2672 τἠν
719 2596 862 2656 ἀνάστασιν
884 2593 931 2654 καί
954 2595 1112 2672 συνυψιόσοις
1134 2592 1181 2654 καὶ
1204 2595 1327 2672 συγκαθ-

46 2717 139 2796 ιδρῦσας
164 2720 240 2794 ῆμάς
270 2717 309 2798 τῷ
336 2717 459 2798 πατρικῷ
487 2719 588 2798 θρόνῳ,
615 2717 661 2778 καὶ
689 2715 855 2790 συνδοξάσας
883 2715 923 2789 είς
950 2718 1023 2792 ζωὴν
1050 2715 1158 2776 αἰώνιον
1185 2714 1232 2776 καὶ
1255 2716 1328 2790 ἀκή-

46 2859 125 2920 ρατον,
155 2839 248 2918 δέχοιο
278 2841 327 2914 πἠν
358 2839 456 2915 εῦτελῆ
486 2837 532 2898 καὶ
565 2836 672 2918 οίκτράν
703 2860 755 2913 μου
785 2839 971 2918 παράκλησιν,
1002 2841 1062 2908 ταῖς
1093 2837 1250 2918 πρεσβείαις
1279 2845 1328 2914 τῆς

46 2961 168 3041 1’περφυῶς
194 2959 242 3021 καὶ
265 2962 427 3041 ἀπορρήτοις
448 2963 586 3038 κυησάσης
609 2981 639 3020 σε
663 2959 841 3041 ἀειπαρθένου
862 2959 909 3021 καὶ
932 2961 1099 3040 θεομήτορος
1121 2958 1168 3019 καὶ
1190 2963 1236 3020 τοῦ
1258 2961 1327 3039 ήγα-

46 3087 151 3157 πημένου
173 3105 221 3144 σου
244 3085 367 3160 μαθητοῦ
392 3081 440 3144 καὶ
463 3083 612 3162 θεολόγον,
635 3081 682 3142 καὶ
709 3083 748 3157 μὴ
780 3083 863 3162 ἐάσης
886 3082 1001 3157 ἀνήνυτα
1023 3079 1070 3142 καὶ
1093 3083 1217 3160 ἄπρακτα
1239 3102 1327 3140 κατα-

47 3202 171 3282 λειφθῆναι
198 3205 233 3264 τά
258 3205 323 3283 παρ’
348 3205 415 3280 ἐμοῦ
442 3207 510 3284 πρός
537 3205 587 3279 σὴν
618 3205 789 3284 εθαρέοτησιν
815 3206 871 3272 τοῖς
899 3203 976 3278 ἐμοῖς
1003 3203 1133 3282 ἀδελφοῖς
1155 3200 1202 3262 κσιὶ
1223 3203 1328 3273 τέκνοις

48 3323 207 3406 διαταγέντα,
236 3325 310 3402 μηδὲ
341 3327 402 3397 «ὡς
428 3325 462 3384 τά
488 3320 563 3406 παρά
588 3326 637 3400 τήν
664 3323 727 3384 όδδν
754 3327 772 3398 ῆ
795 3325 857 3395 τοὺς
886 3324 1036 3405 πετρώδεις
1065 3325 1328 3404 τόπουςσπαρέντα

48 3449 297 3528 καταπατηθῆναι»,
325 3441 344 3529 ᾖ
367 3469 428 3528 φησι
450 3449 481 3508 τό
497 3446 568 3526 ἱερόν
583 3445 630 3506 καί
646 3449 799 3506 πάνσεπτον
816 3445 1023 3526 εὐαγγέλιον,ῆ
1050 3443 1256 3526 «ξηρανθῆναι»
1282 3445 1328 3504 καὶ

49 3567 236 3651 ἀιελεσφάρητοι
262 3571 367 3648 μεῖναι,
396 3569 463 3630 ἀλλ’
493 3569 593 3648 ἐνεργὰ
619 3566 667 3628 καὶ
694 3570 837 3649 ἔμπρακτα
864 3570 1000 3648 γένοιντο,
1028 3567 1103 3648 κύριε
1128 3566 1175 3627 καὶ
1202 3569 1258 3641 θεέ,
1283 3565 1328 3626 καὶ

48 3689 167 3769 πολῦγουν
187 3690 228 3771 τῷ
250 3689 369 3772 γεωργῷ
390 3692 575 3771 προσφέροντα
597 3691 642 3750 τὀν
665 3692 779 3770 καρπόν.

135 3809 188 3888 κη’.
213 3810 294 3889 Ἐμοὶ
325 3810 377 3888 μὲν
407 3806 468 3891 οὖν,
503 3809 526 3872 ιθ
556 3809 671 3890 ἀδελφοὶ
705 3809 752 3870 καὶ
781 3812 911 3892 πατέρες,
948 3813 963 3869 ὁ
992 3810 1087 3892 παρὼν
1116 3817 1166 3887 τῆς
1196 3809 1329 3889 διαταγῆς

51 3930 146 4010 ἐπετέθη
172 3933 314 4014 θεμέλιος,
338 3933 416 4008 ῶςή
443 3936 490 3994 τοῦ
516 3935 580 3992 θεοῦ
606 3933 688 4012 χάρις
716 3932 875 3992 ἐπένευσεν·
904 3931 977 4006 ὑμῶν
1006 3932 1038 3992 δὲ
1065 3934 1178 4003 ἕκαστος
1201 3931 1329 4006 βλεπέτω

50 4059 98 4124 πῶς
121 4053 309 4131 ἐποικοδομεῖ·
340 4055 477 4114 «ἑκάστου
503 4056 598 4136 γάρ»,
625 4053 697 4114 κατὰ
722 4053 768 4112 τὀν
796 4051 920 4132 εἰπόντα,
952 4053 1070 4112 «ὁποῖον
1099 4051 1154 4112 ἐστὶ
1181 4054 1211 4112 τό
1239 4053 1328 4132 ἔργον,

52 4177 145 4254 φανερόν
170 4179 356 4254 γενήσεται».
389 4174 457 4236 «καὶ
485 4177 618 4256 μακάριος
645 4176 660 4234 ό
684 4175 784 4247 δοῦλος
812 4175 931 4254 ἐκεῖνος,
955 4175 985 4234 δν
1012 4174 1102 4235 ἐλθὼν
1130 4175 1258 4254 όκθριος
1281 4174 1329 4232 εῦ-

52 4296 114 4370 ρήσει
133 4301 267 4377 ποιοῦντα,
292 4299 329 4368 ὡς
356 4299 547 4377 προσετάγην.
576 4297 659 4356 ἀκουε
681 4297 767 4356 τοίνυν
790 4297 805 4354 ό
826 4299 975 4376 προεστώς,
998 4295 1023 4355 τί
1045 4317 1121 4373 φησιν
1149 4297 1164 4354 ό
1187 4297 1275 4374 μέγας
1300 4295 1329 4354 ἐν

53 4414 166 4501 θεολογίφ
192 4420 357 4501 Γρηγόριος·
390 4412 490 4491 «οὗτος
517 4421 580 4498 ὅρος
605 4415 696 4494 πάσης
721 4424 906 4494 πνευματικῆς
932 4417 1110 4499 προστασίας,
1136 4421 1277 4496 πανταχοῦ
1299 4418 1329 4476 τό

53 4539 104 4596 καθ’
129 4541 216 4600 έαιτθν
243 4545 373 4620 περιορᾶν
398 4542 467 4621 προς
494 4543 522 4600 τό
551 4547 605 4599 τῶν
636 4539 733 4600 ἀλλων
762 4543 937 4620 συμφέρον»,
966 4540 1108 4618 ἀγάπησσν
1135 4535 1180 4597 οὖν
1208 4561 1254 4599 σου
1281 4541 1330 4614 τήν

55 4656 205 4738 ἀδελφότητα
226 4667 281 4722 τῶν
304 4662 354 4720 ὑπό
378 4661 419 4720 σοὶ
440 4665 615 4740 τεταγμένων
637 4664 756 4738 πάντων,
780 4663 819 4733 ὡς
847 4659 920 4721 ἰδίων
944 4663 1045 4720 τέκνων
1069 4661 1260 4741 ἀντιποιήθητι,
1283 4653 1331 4719 καὶ
