3160 5292
265 342 329 406 202

263 537 334 596 κατὰ
354 539 400 596 τὸν
422 539 544 617 παρόντα
565 538 676 618 ὁρισμὸν
697 543 748 616 τῆς
771 538 913 616 βαοτλείας
929 560 990 616 μου,
1013 539 1043 598 θν
1066 537 1113 598 καί
1136 537 1328 616 ἀντιστρέψατε
1349 535 1389 614 τῷ
1409 538 1484 616 μέρει
1503 543 1542 612 εής

264 658 435 734 δηλωθείσης
459 664 545 734 μονής
569 657 607 730 είς
629 661 753 736 παντελῆ
777 659 937 740 ἀσφάλειαν.
962 662 984 739 †

367 781 388 860 †
411 773 494 858 Εἶχε
517 783 566 840 τό·
590 779 669 856 μηνί
691 775 787 862 μαίῳ,
811 779 1020 854 ίνθικτιῶνος
1040 780 1081 860 β’,
1109 781 1153 842 δι’
1181 781 1326 862 ἑρυθρῶν
1352 782 1542 861 γραμμάτων

262 905 320 977 τῆς
342 901 435 972 θείας
456 899 512 961 καί
535 900 716 980 βασιλικῆς
738 906 863 984 χειρός.
887 905 908 984 †

365 1023 452 1103 ήΤο
471 1024 577 1104 παρὸν
600 1022 671 1084 ίσον
698 1028 752 1084 τοῦ
775 1023 865 1085 θείου
891 1023 946 1084 καί
967 1028 1192 1106 προσκυνητοὺ
1220 1025 1398 1100 βασιλικοῦ
1420 1025 1542 1104 ὁρισμοῦ

263 1143 451 1220 ἀντιβαλὼν
473 1143 529 1205 καί
550 1145 634 1206 κατὰ
656 1149 762 1206 πάντα
785 1145 898 1217 ἰσάζον
921 1146 1025 1226 εὑρὼν
1047 1147 1230 1227 ὑπέγραψα
1254 1148 1275 1226 †

365 1269 386 1348 †
409 1266 444 1326 Ὀ
467 1267 623 1339 ταπεινάς
647 1269 897 1348 μητροπολίτης
919 1269 1072 1344 Μιλήτου
1094 1271 1296 1350 Νικηράρος.
1321 1270 1342 1347 †

365 1395 515 1465 Exemplar
536 1397 645 1451 παπὺν.
668 1398 802 1466 καάρίνπν
824 1414 843 1450 a
865 1403 938 1468 ίενρο
961 1397 1123 1468 ampla&
1144 1415 1245 1452 αυεεαε
1266 1397 1358 1452 bullae
1384 1396 1542 1467 ἀιιρσοίυεὺ

260 1499 404 1556 Μίυίιαὲἰίυ
426 1500 587 1572 Ρυίαεοίορί
608 1519 679 1556 anno
700 1503 793 1556 1259.
819 1501 895 1557 βίον.
918 1519 968 1556 nro
985 1503 1035 1558 28.

473 1787 663 1853 Lxxvm.
688 1783 936 1874 [6767-1259],
959 1807 1070 1852 mense
1092 1787 1176 1872 iao,
1200 1787 1264 1854 ina.
1287 1789 1332 1854 11.

260 1917 413 1988 Imperator
435 1917 555 1972 Μίοίιοὲἰ
576 1917 756 1989 Ραίοεοίορυσ
780 1923 870 1972 tuetur
894 1917 1089 1987 passessionem
1118 1918 1182 1990 οφν·
1209 1919 1258 1972 siti
1284 1935 1374 1990 prope
1402 1919 1544 1973 ιπείοείιίυπ

260 2021 348 2094 Ρμνρί
360 2023 456 2076 donati
473 2022 643 2092 monasterio,
663 2028 757 2077 cantra
772 2023 925 2076 νεπαιίοπεε
944 2021 1079 2076 hommum
1092 2021 1203 2077 Mariae
1218 2023 1364 2078 Gammae
1376 2023 1545 2077 Laaaart'nae.

362 2209 383 2285 †
406 2206 519 2284 Ἀνεψιά
542 2212 592 2283 τῆς
615 2205 757 2282 βασιλείας
772 2227 833 2286 μου,
856 2206 1067 2286 πρωτοοεβασπή
1090 2206 1159 2287 κυρά
1178 2206 1273 2288 Μαρία
1288 2208 1421 2284 Κομνηνή
1440 2208 1546 2267 Λαοκο-

259 2329 327 2408 ρίνα.
355 2327 490 2403 ἀιέμαθεν
512 2329 530 2403 ή
554 2327 681 2404 βασιλεία
704 2347 764 2408 μου,
793 2327 831 2400 ὡς
853 2329 884 2388 τὸ
900 2329 984 2408 μέρος
1005 2333 1054 2403 τῆς
1080 2327 1151 2388 κατά
1176 2323 1245 2414 [τὴν]
1267 2327 1378 2404 Πάτμον
1401 2327 1547 2404 οεβαρμίας

260 2457 345 2528 μονῆς
367 2453 417 2527 τῆς
444 2449 587 2526 βασιλείας
611 2471 672 2528 μου,
700 2453 746 2510 τοὺ
772 2451 834 2509 κατ’
859 2445 996 2530 ἐξαίρετον
1018 2449 1198 2530 ἠγαπημένον
1220 2449 1328 2532 Χριστῷ
1358 2449 1406 2510 καί
1435 2453 1548 2532 εὑαγγε-

258 2573 350 2632 λιοτοὺ
373 2570 517 2651 Θεολόγου
545 2572 659 2652 εὑρίσκει
687 2571 843 2632 δυναστείαν
873 2571 920 2631 καὶ
949 2571 1065 2650 ὄχλησιν
1092 2573 1146 2632 ἀπίι
1173 2579 1227 2633 τῶν
1258 2573 1405 2654 ἀνθρώπων
1434 2595 1479 2634 σου
1509 2571 1548 2632 ἐπὶ

257 2701 290 2777 πή
319 2693 363 2754 a&
388 2694 594 2774 χρυσοβοὺλλου
622 2695 705 2770 αὑτῆς
733 2693 878 2772 ἀωρηθέντι
905 2700 938 2776 τῇ
964 2695 1074 2778 τοιαὺτῃ
1105 2701 1175 2776 μονῇ
1204 2695 1336 2774 χωραρίῳ
1368 2694 1407 2775 τῷ
1437 2695 1548 2772 πλησίον

257 2820 304 2877 τοὺ
326 2817 454 2894 μετοχίου
477 2820 524 2876 τοῦ
544 2815 651 2896 Πὺργου
684 2815 731 2876 καί
755 2816 993 2891 ἐπονομαζόμενον
1015 2817 1034 2892 ή
1053 2816 1142 2876 Γυνία
1164 2820 1210 2877 τοὺ
1231 2817 1353 2892 Πετοίκη.
1377 2815 1425 2877 καὶ
1448 2816 1470 2877 εί
1493 2818 1548 2894 ἔχει

258 2938 327 2998 οὑτω
348 2937 383 2997 τά
408 2944 458 3015 πής
483 2937 651 3018 ὑποθέσεως,
679 2937 824 3016 διορίζεταί
845 2957 888 2996 σοι
913 2938 931 3011 ή
960 2936 1088 3011 βασιλεία
1111 2959 1172 3016 μου,
1196 2939 1235 3011 ὡς
1258 2942 1291 2997 ἀν
1315 2939 1470 3022 ἐπιρωνήσρ
1491 2940 1548 3009 τοὺς

257 3059 391 3131 τοιοὺτους
419 3061 575 3139 ἀνθρώπους
598 3079 656 3138 σου,
681 3054 757 3117 ἀλλά
781 3057 814 3132 δή
841 3055 888 3117 καὶ
910 3058 972 3128 τοὺς
994 3059 1124 3139 χωρίτας,
1152 3059 1265 3137 ἀπέχειν
1287 3059 1386 3120 τέλεον
1411 3059 1442 3134 ἐξ
1464 3062 1547 3120 αὑτοῦ.

259 3179 318 3241 ἐπεί
339 3185 404 3261 γοῦν
427 3181 567 3241 ἀπέσπασε
589 3183 664 3240 τοῦτο
687 3181 704 3254 ἡ
728 3177 856 3254 βασιλεία
879 3199 931 3254 μου
954 3179 1007 3240 ἀπὸ
1030 3185 1075 3240 τοὺ
1098 3183 1198 3260 μέρους
1213 3201 1270 3263 σου,
1292 3180 1317 3240 τὶ
1341 3181 1445 3243 δίκαιον
1468 3183 1547 3259 ἔχου-

258 3323 298 3364 σιν
321 3303 345 3363 οί
368 3303 502 3382 ἄνθρωποί
516 3323 564 3360 σου
586 3301 739 3376 ἐμποδίζειν
762 3299 809 3362 καί
832 3300 958 3361 διασείειν
982 3304 1011 3362 τ“ο
1034 3304 1118 3382 μέρος
1140 3307 1190 3378 τῆς
1213 3302 1341 3383 βηθείοης
1363 3311 1451 3382 μονῆς
1470 3307 1548 3364 ἕνεκα

257 3425 362 3504 τοὺπου;
393 3421 440 3484 καὶ
470 3423 508 3499 μὴ
540 3423 662 3505 θελήσῃς
696 3421 742 3482 καί
773 3423 810 3482 ἔτι
842 3422 995 3500 ὀχλήθῆναι
1025 3421 1087 3503 περὶ
1116 3425 1209 3485 τοὺτου
1239 3425 1287 3498 τὴν
1318 3425 1462 3500 βασιλείαν
1487 3447 1547 3502 μου,

257 3545 335 3606 ἀλλά
356 3545 469 3620 ποίησον
492 3545 680 3624 ἀνυπερθέτως
701 3543 772 3604 κατά
793 3545 839 3602 τὀν
861 3546 982 3623 παρόντα
1005 3544 1113 3625 ὑρισμὺν
1136 3550 1187 3620 τῆς
1209 3545 1354 3622 βασιλείας
1369 3569 1432 3627 μου,
1455 3550 1483 3607 ἀν
1501 3545 1547 3606 καί

258 3665 429 3744 ἀντίοτρεψον
451 3663 489 3742 τῷ
513 3666 591 3742 μέρει
612 3669 662 3740 τῆς
685 3663 831 3744 εἰρημένης
855 3669 941 3741 μονῆς
965 3664 1004 3738 είς
1026 3665 1186 3746 ἀσράλειαν.
1211 3669 1232 3746 †

361 3788 382 3864 †
406 3783 492 3860 Μηνὶ
516 3783 640 3870 ίουλίῳ,
666 3784 878 3860 ίνδικτιῶνος
901 3785 980 3865 β’.ή

361 3913 503 3983 Archetyp.
527 3914 612 3968 σίιανπ.
638 3914 711 3967 Flar.
736 3931 786 3968 nro
805 3915 852 3969 78.
879 3915 984 3984 Confer.
1006 3933 1057 3970 nro
1074 3919 1115 3972 28
1142 3918 1256 3972 αίίενκυνι
1280 3921 1420 3988 αοεικρίαν
1443 3919 1545 3974 tabulae

256 4020 375 4088 scriptae
395 4037 413 4072 a
428 4025 501 4090 ίετρο
522 4018 684 4088 &amplat-is
705 4035 806 4072 aureae
825 4019 915 4074 bullae
932 4020 1074 4074 Μίοίιυέίάν
1091 4021 1250 4093 Ραίαεοίυρί
1267 4023 1356 4078 editae
1378 4042 1450 4078 anno
1469 4024 1547 4076 1259

257 4129 282 4178 et
304 4123 486 4192 aubem'ptaa:
508 4117 548 4176 Το
563 4115 648 4194 παρὺν
664 4113 720 4174 ἴσον
736 4120 781 4176 τοῦ
803 4115 875 4176 θείου
898 4115 945 4177 καί
966 4123 1150 4197 προσκυνήτοὺ
1173 4119 1317 4194 βασιλικοῦ
1340 4121 1450 4198 ὑρισμοὺ
1473 4121 1545 4178 ἀντι-

258 4219 354 4295 βαλὼν
388 4219 434 4278 καὶ
467 4215 539 4279 κατά
572 4221 659 4279 πάντα
691 4215 781 4290 ἰσάζον
817 4221 901 4299 εὑρὼν
935 4221 1088 4302 ὑπέγραψα.
1120 4225 1141 4302 †
1171 4224 1210 4282 ‘0
1241 4227 1398 4297 ταπεινὸς
1430 4244 1546 4304 μητρο-

258 4325 399 4400 πολίτης
421 4323 571 4399 Μιλήτου
593 4324 791 4403 Νικηρέρος.
816 4325 837 4402 †
