3228 5294
1323 361 1366 426 35

66 553 263 632 περιτείχισμα,
290 552 338 613 καί
359 555 390 613 τδ
416 550 575 634 προάστειον
606 555 637 612 τδ
666 554 799 629 Τεμένιον
829 553 877 613 καὶ
904 555 935 614 τδ
968 555 1128 634 Παρθένιον,
1158 554 1192 613 τδι
1218 553 1289 614 κατὰ
1315 555 1364 630 τὴν

66 679 142 748 νῆσον
171 675 261 754 Λέρον
287 675 468 753 ιτιγχάνοντα,
497 673 654 755 ἐδωρήσατο
681 675 696 734 ό
723 674 904 754 περιπόθητός
927 695 979 750 μου
1008 671 1065 746 υίδς
1094 673 1141 734 καὶ
1171 674 1301 750 βασιλεὺς
1326 671 1365 753 τῷ

66 795 180 874 μοναχῷ
203 795 395 876 Χριστοδούλῳ
417 795 463 857 καί
486 797 626 878 ήονχαστῆ
648 796 688 875 τῷ
714 795 849 876 Λατρηνῷ
875 795 947 856 κατὰ
973 793 1085 856 τελείαν
1112 793 1159 855 καί
1187 795 1365 876 ἀναφαίρετον

67 915 233 996 δεσποτείαν,
257 917 327 992 μετὰ
349 918 439 993 πάσης
462 917 549 978 αύτῶν
571 923 620 993 τῆς
642 922 776 998 περιοχῆς
805 915 852 978 καὶ
880 915 1085 998 διαιραεήσεως
1114 914 1161 977 καί
1182 917 1276 988 καθώς
1299 913 1365 978 εἰσιν

68 1035 94 1110 ἐξ
122 1037 292 1118 ὁλοκλήρου,
322 1037 550 1118 προοεδωρήσατο
582 1038 614 1100 δέ
644 1039 729 1117 τούτῳ
758 1040 776 1113 ή
808 1037 937 1112 βασιλεία
966 1039 1046 1114 ἡμῶν
1076 1035 1123 1098 καὶ
1155 1039 1205 1113 τῆν
1231 1037 1366 1118 πρόσοδον

68 1161 164 1220 τούτων
188 1161 305 1235 ἅπασαν,
330 1160 375 1220 οἵα
398 1159 445 1220 καὶ
467 1162 517 1236 δση
537 1160 602 1222 ἐστί.
625 1159 672 1222 καί
695 1160 806 1220 κελεύει
821 1181 871 1236 σοι,
897 1159 1000 1238 εἴδησιν
1022 1159 1146 1236 λαβόντα
1168 1165 1218 1236 τῆς
1238 1161 1306 1240 πρός
1320 1160 1367 1220 τδν

68 1283 189 1360 μονοχδν
212 1281 320 1364 δωρεᾶς
341 1280 457 1342 καὶτοῦ
480 1281 724 1362 ἐπιβραβευθέντος
751 1281 824 1360 αύτῷ
854 1281 1063 1360 χρυσοβούλλου
1084 1278 1148 1362 περὶ
1170 1281 1270 1342 τούτων
1292 1281 1367 1362 παρά

67 1407 109 1462 τοῦ
130 1403 274 1484 κρατίστου
297 1423 349 1478 μου
372 1401 512 1478 βασιλέως
533 1401 581 1462 καί
597 1404 778 1483 περιποθήτου
800 1401 867 1482 υίού,
890 1403 1054 1478 ποιήσασθαι
1076 1401 1125 1478 τὴν
1147 1403 1247 1463 τούτων
1269 1404 1363 1483 παρά-

69 1523 136 1584 δοσιν
157 1526 227 1606 πρός
248 1526 279 1584 τδ
302 1526 388 1604 μέρος
409 1530 459 1600 τῆς
481 1523 542 1583 κατ’
559 1525 637 1584 αύτδν
661 1529 748 1601 μονῆς
772 1521 802 1597 ἐξ
817 1523 985 1604 ὁλοκλήρου,
1001 1523 1093 1596 καθείς
1109 1521 1169 1606 εἰσι,
1186 1524 1257 1600 μετὰ
1271 1525 1362 1599 πάσης

69 1647 150 1705 οὔτῶν
173 1651 224 1722 τῆς
243 1651 377 1726 περιοχῆς
396 1645 443 1706 καί
467 1646 683 1726 διακροτήοεως.
707 1643 730 1704 εἰ
751 1649 826 1723 τάχα
848 1647 901 1726 γὰρ
924 1643 971 1704 καί
995 1645 1204 1720 ἐνταλματικῶς
1227 1643 1365 1724 διώρισταί
1388 1698 1392 1706 .

69 1787 106 1827 σοι
127 1771 237 1826 πάντων
259 1767 419 1848 ἀναγραφὴν
445 1767 639 1848 ἠκριβωμένην
664 1768 828 1842 ποιήσασθαι
857 1765 904 1826 καί
931 1763 1034 1840 είδηοιν
1062 1765 1154 1827 δούναι
1183 1765 1366 1846 περὶτούτων

67 1887 103 1966 τῷ
125 1890 247 1969 σεκρὲτῳ
269 1889 440 1968 λεπτομερῆ,
463 1887 531 1948 ἀλλ’
554 1889 604 1948 ούκ
626 1887 744 1967 ὀφείλεις
767 1888 976 1968 ἀναγράψασθαι
997 1889 1089 1964 ταῦτα,
1113 1883 1175 1945 σύτε
1197 1885 1252 1962 μὴν
1275 1887 1304 1946 ἐν
1326 1885 1365 1964 τῷ

67 2009 205 2090 πρακτικῷ
234 2015 286 2084 τῆς
318 2009 478 2092 ἀναγραφῆς
508 2010 625 2072 ἐνθεῖναι
655 2011 685 2070 τδ
721 2009 851 2087 σύνολον,
882 2011 973 2089 ὅτιπερ
1008 2007 1065 2068 οὔδ’
1090 2008 1119 2068 ἐν
1144 2007 1184 2086 τῷ
1213 2007 1364 2088 σεκρετικῷ

68 2129 205 2210 πρακτικῷ
228 2131 391 2211 ἀνάγροτττα
412 2135 495 2192 ταύτα
517 2134 703 2211 τυγχάνουσιν,
728 2131 796 2191 ἀλλ’
813 2128 1008 2208 ἐξεβλήθησαν
1036 2126 1067 2202 ἐξ
1090 2128 1195 2190 ἐκείνου
1210 2129 1364 2208 παντελῶς,

69 2253 105 2323 ὡς
132 2252 289 2334 δωρηθέντα
315 2251 354 2331 τῷ
382 2251 498 2332 μοναχῷ
529 2253 599 2328 μετὰ
627 2258 677 2328 τῆς
702 2253 853 2332 προσούσης
877 2251 967 2322 αύτοῑς
987 2250 1124 2332 προσόδου
1146 2249 1193 2310 καί
1216 2251 1296 2311 αύτοῦ
1317 2254 1365 2310 τού

68 2373 162 2446 τέλους
183 2380 233 2450 τῆς
256 2375 394 2454 παρούσης
416 2373 590 2446 ίνδικτιιῖινος.
614 2374 768 2454 παράδοσσν
791 2371 837 2434 ούν
858 2375 938 2446 αύτδς
956 2371 1094 2450 ταῦτατῷ
1110 2373 1187 2452 μέρει
1202 2377 1252 2448 τῆς
1267 2378 1363 2452 μονῆς,

69 2495 105 2566 ὡς
134 2495 280 2556 θιέοτικται
310 2495 424 2576 ἀνωθεν,
455 2495 502 2556 καί
531 2496 644 2572 ποίησον
673 2490 721 2556 καί
750 2495 886 2576 πρακτικὰ
914 2495 960 2556 δύο
986 2501 1037 2570 τῆς
1067 2495 1153 2554 αύτιῖιν
1185 2492 1364 2575 παραδόσεως

69 2617 243 2698 ήκριβωμένα
271 2617 319 2678 καὶ
348 2619 553 2696 λελογισμένα·
583 2617 630 2678 καί
656 2618 757 2678 τούτων
783 2617 814 2678 τδ
845 2617 896 2693 μὲν
922 2617 952 2676 ἐν
976 2615 1068 2690 ἐπίδος
1089 2619 1146 2689 τοῖς
1168 2619 1302 2695 μοναχοῑς
1325 2612 1365 2686 εἰς

70 2739 227 2820 ἀσφαλειαν,
251 2742 282 2801 τδ
307 2739 338 2802 δέ
361 2743 454 2821 ἕτερον
477 2741 639 2802 ἀπόστειλον
659 2739 699 2813 εἰς
714 2742 744 2801 τδ
765 2743 902 2820 οέκρετον,
924 2739 1034 2819 δφεῖλον
1054 2735 1219 2814 ἀποτεθῆναι
1241 2738 1270 2798 ἐν
1293 2737 1365 2818 αύτῷ

71 2859 103 2918 δι’
127 2859 225 2938 εἴδησιν
247 2868 302 2922 τῶν
324 2862 532 2943 παραδοθέντων
559 2863 597 2944 τῷ
625 2865 703 2943 μέρει
730 2869 779 2938 τῆς
802 2869 898 2940 μονῆς.
924 2862 970 2924 ἐοο
987 2861 1018 2922 δὲ
1034 2859 1126 2940 εἰδώς,
1149 2861 1188 2933 ὡς
1211 2859 1272 2922 ούτε
1293 2859 1365 2919 κατά

70 2981 115 3054 τὴν
136 2988 273 3062 παροῦσαν
297 2982 450 3044 ἰνδικτιῶνα
472 2985 592 3064 δφείλεις
615 2983 761 3060 ἀπαντῆσαί
783 3005 807 3044 τι
831 2982 862 3057 ἐξ
885 2985 982 3062 αύτῶν,
1006 2980 1066 3043 ούτε
1089 2980 1129 3054 εἰς
1150 2983 1181 3042 τδ
1204 2979 1280 3059 ἑξῆς,
1303 2979 1364 3041 ούτε

73 3103 120 3162 ὀπδ
141 3109 193 3164 τῶν
215 3104 337 3184 χωρίων,
360 3104 420 3166 οὔτε
444 3106 497 3166 ἀπδ
519 3113 569 3183 τῆς
593 3113 688 3189 μονῆς,
711 3108 793 3187 χάριν
815 3106 914 3177 τέλους
936 3105 1024 3166 αύτιῖνν
1038 3107 1057 3178 ῆ
1072 3105 1175 3163 πάκτου
1190 3107 1238 3163 τού
1259 3102 1364 3163 οίουοῦν

71 3227 191 3304 χρήσεως
214 3227 469 3304 ἀναλαμβάνεσθαι,
494 3227 555 3289 ούτε
578 3229 623 3288 σὺν
646 3227 744 3308 εἰσόδῳ
768 3227 808 3300 είς
833 3233 917 3288 ταῦτα
929 3221 1122 3307 ἐἰσέρχεοθαι,
1150 3225 1228 3286 ἀλλὰ
1253 3226 1365 3300 μάλλον

71 3345 115 3405 καὶ
136 3349 193 3421 τούς
216 3349 330 3422 λοιπούς
352 3347 517 3410 ἀπελαύνειν
540 3349 652 3410 ἐκείνων
667 3351 817 3430 πόρρωθεν,
841 3347 888 3408 καί
910 3347 1048 3428 διατηρεῖν
1070 3352 1154 3408 ταῦτα
1176 3348 1365 3427 ἀνεπηρέαστα

73 3467 117 3527 καὶ
138 3470 338 3546 ἀκαινοτόμητα
361 3469 408 3530 καί
434 3473 523 3546 πάσης
550 3471 702 3552 ἀγγαρείας
728 3472 861 3550 ἀνώτεροι.
886 3469 933 3530 καὶ
956 3472 993 3542 ὡς
1016 3466 1034 3552 ή
1056 3469 1095 3549 τῷ
1118 3471 1239 3551 σεκρέτῳ
1264 3468 1365 3544 εἷδηοις

74 3595 123 3648 τῶν
138 3589 329 3675 διωρισμένων,
344 3593 519 3674 κατεστρώθη
537 3592 566 3652 ἐν
581 3591 620 3672 τῷ
643 3592 715 3672 αύτῷ
738 3597 784 3653 τού
807 3591 967 3672 Μυρελαίου
990 3593 1110 3671 σεκρέτῳ
1133 3589 1180 3651 καί
1202 3593 1220 3666 ή
1243 3595 1365 3670 παροῦσα

75 3718 120 3786 τῆς
147 3711 290 3786 βασιλείας
319 3716 399 3789 ἡμων
430 3711 585 3794 πρόσταξις.
617 3712 694 3790 μηνὶ
722 3711 845 3792 ίουνίῳ,
874 3712 1083 3784 ίνδικτιῶνσς
1108 3711 1133 3774 ι’.
1169 3711 1226 3772 καὶ
1258 3715 1277 3786 ή
1311 3711 1364 3771 διδ

76 3841 167 3914 κηροῦ
189 3837 333 3912 συνήθης
356 3834 495 3916 σφραγίς
517 3841 575 3913 τῆς
598 3835 699 3914 ἁγίας
721 3836 814 3911 ήμῶν
838 3833 1024 3910 δεσποίνης.

171 3960 269 4032 Ούτως
291 3954 407 4020 οὖνκαὶ
431 3959 589 4040 ἀμφοτέρων
611 3965 665 4018 τῶν
687 3957 768 4018 θείων
790 3960 837 4018 καί
859 3963 1048 4040 προσκυνητῶν
1074 3953 1250 4036 προστάξεων
1273 3955 1366 4016 διακε-

78 4077 224 4155 λευομένων
247 4103 294 4158 μοι
316 4082 356 4161 τῷ
379 4082 532 4157 δηλωθέντι
563 4081 702 4160 Εύσταθίῳ
732 4079 885 4161 στρατηγῷ,
911 4085 1048 4161 προνοητῆ
1074 4077 1240 4158 Σάμου,τῷ
1263 4074 1367 4156 ἀναξίῳ

79 4197 161 4280 δούλῳ
181 4209 231 4280 τῆς
253 4203 336 4282 ἁγίας
360 4205 448 4264 αύτῶν
471 4202 625 4282 βασιλείας,
649 4201 683 4262 δι’
701 4203 857 4278 ἀποστολῆς
871 4200 918 4262 καί
938 4200 1080 4281 ἐνεργείας
1101 4201 1230 4284 Ἰωάννου
1244 4199 1366 4280 νοταρίσυ

79 4325 120 4380 τού
140 4325 235 4396 Ἀντζᾶ
259 4325 430 4402 ἐποιησάμην
451 4326 501 4400 τήν
523 4325 673 4406 παράδοσιν
696 4328 742 4384 τού
763 4324 879 4400 ἡμίσεος
905 4325 1022 4402 κάστρου
1044 4325 1090 4382 τού
1112 4322 1268 4400 λεγομένου
1292 4321 1365 4381 Παν-

80 4443 162 4504 τελίου
176 4447 219 4506 σύν
234 4449 289 4519 τοῖς
306 4445 364 4507 δυσὶ
379 4445 559 4526 προαστείοις,
576 4444 614 4526 τῷ
629 4465 660 4506 τε
675 4443 802 4526 Τεμενίῳ
814 4479 815 4484 1
825 4443 872 4506 καὶ
894 4443 933 4522 τῷ
957 4442 1109 4524 Παρθενίῳ,
1133 4443 1171 4502 ἔτι
1194 4442 1226 4502 δέ
1248 4440 1296 4502 καί
1317 4448 1367 4518 τῆς

80 4568 153 4640 νήσου
173 4574 220 4644 τῆς
242 4569 339 4648 Λειψὼ
362 4567 392 4642 ἐξ
415 4570 572 4647 δλοκλήρου
594 4570 662 4648 πρός
683 4569 745 4638 τούς
767 4567 920 4644 λεχθέντας
940 4567 1088 4646 μσναχούς,
1109 4566 1154 4625 τόν
1169 4585 1200 4624 τε
1215 4566 1367 4644 Γεράσιμον

82 4685 196 4768 δηλαδή,
223 4693 361 4772 Νεόφυτον
390 4689 439 4750 καὶ
466 4691 609 4769 Λεόντιον,
635 4690 697 4760 τούς
725 4689 777 4748 ἀπδ
800 4694 850 4765 τῆς
873 4694 959 4763 μονῆς
980 4692 1027 4747 τού
1049 4691 1131 4767 κυρού
1153 4687 1365 4768 Χριστοδούλου.

1127 4807 1160 4858 3}
