3160 5292
1251 363 1312 428 201

35 561 142 639 ἀρχῆθεν
170 561 381 640 προσηνωμένον
410 561 493 644 ταύτῃ
524 561 666 638 ἐτύγχανε.
695 557 807 632 καθέξει
834 555 919 620 τοίνυν
946 561 964 633 ἡ
993 560 1102 636 τοιαύτη
1133 561 1202 634 μονὴ
1231 563 1314 618 ταῦτα

34 681 217 759 ἀνενοχλητως
242 683 329 758 πάντη
356 679 402 742 καὶ
429 681 605 754 ἀόιασείστως
631 679 678 742 καὶ
705 681 914 761 ἀνεπηρεάστως
939 679 986 740 κάὶ
1013 681 1091 753 ἐκτός
1115 682 1205 758 πάσης
1231 681 1313 757 συζη-

33 807 124 876 τησεως
147 801 196 863 καί
218 803 406 884 ἀπαιτήσεως,
433 804 526 876 καθὼς
549 803 595 864 καὶ
619 805 750 886 πρότερον
772 805 886 880 κατεῖχε
907 807 991 864 ταῦτα
1013 801 1060 863 καί
1083 803 1205 882 ἐνέμετο,
1228 801 1246 878 ἢ
1268 799 1314 862 καὶ

33 925 201 1005 ἰσχυροτέρως
227 921 273 985 καὶ
303 925 486 1006 βεβαιοτέρως
513 932 546 1008 τῇ
574 926 686 1000 δυνάμει
708 929 754 986 τοῦ
774 929 908 1005 παρόντος
930 925 1135 1005 χρυσοβούλλου
1157 925 1244 1003 λόγον
1265 929 1315 999 τῆς

34 1046 163 1120 βασιλείας
192 1067 258 1124 μου,
286 1048 317 1118 ός
343 1045 390 1107 καὶ
417 1048 540 1128 ἀρραγὴς
569 1046 615 1108 καί
643 1047 834 1128 ἀπερίτροπος
862 1047 999 1122 διαμένειν
1026 1045 1144 1127 ἀρειλων
1168 1045 1207 1118 είς
1230 1043 1315 1106 αἰῶνα

32 1171 69 1226 τἐν
100 1171 206 1230 ἄπαντα
240 1168 428 1249 ἐπεβραβεῦύη
462 1177 495 1251 τῇ
529 1170 638 1250 τοιαύτη
672 1175 743 1250 μονῇ
776 1176 825 1244 τῆς
854 1165 980 1249 Πάτμου,
1014 1171 1200 1248 γεγενημένος
1232 1167 1315 1228 κατὰ

33 1297 109 1364 μῆνα
128 1291 185 1350 τὀν
201 1293 309 1374 μάιον,
330 1297 388 1366 τῆς
404 1289 565 1372 δευτέρας
582 1290 799 1370 ίνόικτιῦνος,
821 1295 876 1352 τοῦ
900 1289 1192 1369 ἑξακισχιλιοστοῦ
1216 1291 1311 1350 ἑπτα-

32 1417 195 1474 κοσιοστοῦ
222 1410 406 1487 ἑξηκοστοῦ
434 1412 579 1488 ἑβδόμου
609 1413 715 1492 ἔτους,
744 1413 772 1472 ἐν
795 1407 818 1493 ᾧ
840 1411 887 1474 καὶ
913 1413 944 1474 τά
970 1415 1105 1494 ἡμέτερον
1128 1413 1238 1490 εύσεβὲς
1268 1411 1315 1473 καὶ

32 1534 227 1616 όεστρόβλητον
249 1535 442 1612 ύπεσημήνατο
464 1537 573 1616 κράτος.
598 1537 618 1616 †

123 1659 144 1736 †
169 1655 320 1735 Μιχαήλ,
344 1656 378 1716 έν
400 1655 531 1737 Χριστῷ
553 1655 597 1736 τῷ
619 1653 682 1735 θεῷ
709 1659 823 1730 πιστός
846 1657 1004 1732 βασιλεὺς
1026 1656 1082 1718 καὶ
1105 1659 1315 1737 αῦτοκράτωρ

32 1778 194 1852 Ῥωμαίων
216 1779 344 1852 ῦούκας
366 1777 530 1858 Ἀγγελος
553 1779 728 1855 Κομνηνάς
751 1781 765 1839 ό
788 1779 1039 1857 Παλαισλόγος.
1062 1781 1083 1858 ’s

122 1907 269 1978 Διέλσόμμ.
292 1908 400 1962 membr.
424 1907 501 1962 Flor.
518 1925 568 1962 ιιιυ
584 1909 633 1962 27.
659 1907 742 1964 Edid.
767 1909 792 1964 Ι.
815 1907 957 1963 Sakkdion
978 1909 1007 1964 εἰν
1025 1909 1164 1980 periodica
1186 1910 1316 1980 inscripto

32 2005 134 2066 ῦελτίον
156 2011 207 2081 τῆς
230 2005 365 2086 ἱστορικῆς
387 2003 434 2066 καὶ
457 2006 637 2084 ἐύνολογικὴς
661 2007 778 2087 ἑταιρίας
800 2012 849 2082 τῆς
865 2004 1015 2078 Ἑλλάδος.
1045 2013 1118 2068 Tom.
1136 2013 1178 2068 ΙΙ.
1194 2013 1267 2084 fasc.
1287 2015 1314 2068 6.

29 2119 248 2184 p.271-275.
280 2118 315 2170 In
345 2118 482 2172 tabulario
512 2123 604 2172 alant
633 2117 712 2171 ύυάυε
740 2117 849 2172 tabulae
876 2117 1043 2187 εαενιιμύταία
1072 2123 1199 2188 maor
1225 2117 1239 2186 (
1307 2159 1314 2172 .

32 2239 72 2274 υιο
87 2219 243 2290 28-31),·
265 2239 315 2276 nro
332 2224 373 2276 30
392 2224 522 2292 ἀστερόεντα
537 2227 577 2276 εει
595 2239 667 2276 anno
680 2223 765 2276 1780
785 2228 809 2277 ει
828 2223 1023 2292 νυύσοττμόυνιιι
1047 2213 1082 2274 Ὁ
1104 2213 1316 2296 όρχιμανόρίτης

31 2317 69 2376 καὶ
93 2319 303 2396 καθηγούμενος
332 2324 382 2396 τῆς
410 2321 522 2396 Πάτμου
553 2317 582 2406 (ό
607 2317 708 2402 Ξένος)
739 2322 880 2400 μαρτυρεῖ,
911 2319 951 2378 ότι
978 2313 1038 2380 ίσον
1069 2317 1133 2380 ἐστί.
1161 2317 1316 2398 Νικηρόρος

32 2421 204 2502 ἱερομάναχος
226 2421 273 2482 καὶ
295 2427 487 2503 γραμματικός
509 2429 558 2500 τῆς
581 2424 657 2504 ἱερᾶς
678 2427 724 2485 τοῦ
748 2423 944 2503 εὐαγγελιστοῦ
959 2423 1088 2484 Ἰωάννου
1110 2427 1156 2484 τοῦ
1172 2421 1315 2501 Θεολόγου

32 2535 106 2603 μονῆς
141 2534 283 2609 μαρτυρῶ,
315 2529 354 2588 ότι
386 2529 543 2608 ἀντέγραψα
574 2529 605 2588 τό
638 2529 740 2589 ἀνωθεν
771 2527 978 2608 χρυσόβσυλλον
1009 2527 1233 2608 ἀπαραλλάκτως
1264 2527 1316 2588 ἀπο

32 2636 70 2692 τοῦ
89 2633 272 2713 πρωτοτύπου.

248 2926 421 2992 LXXVII.
446 2925 696 3016 [6767-1259]‚
719 2949 830 2992 mense
853 2929 945 3011 maio,
969 2925 1033 2992 ind.
1050 2927 1092 2992 Π.

35 3074 176 3144 Imperator
191 3074 310 3130 Μίάιαόό
326 3075 506 3146 Palemque
529 3077 600 3129 τὐόεῦ
620 3076 696 3130 tradi
715 3075 875 3128 ιιιυπαεισπόο
892 3073 921 3128 S.
940 3075 1051 3128 Ιοοαιιόε
1066 3092 1172 3145 αρπυυι,
1197 3093 1273 3144 quem
1289 3077 1316 3128 ei

357 3179 478 3248 donavit,
502 3180 582 3234 situm
601 3197 689 3250 μτομε
711 3178 868 3234 πιειοούίανιι
891 3179 987 3250 Ρμπμὶ.

126 3361 265 3442 ύΟἰκεῑε
292 3369 342 3439 τῆς
370 3361 512 3436 βασιλείας
536 3383 597 3442 μου,
622 3359 734 3436 Ἀλέξιε
757 3363 898 3445 Χερῆμσν,
925 3361 972 3422 καὶ
999 3363 1038 3442 σύ,
1063 3359 1127 3436 όούξ
1149 3369 1199 3440 τῆς
1220 3365 1316 3443 χώρας

34 3485 223 3566 λίελανουόίου,
247 3483 368 3546 Θεόόοτε
395 3483 549 3544 Καλόύετε.
576 3485 594 3558 ἠ
623 3483 751 3557 βασιλεία
774 3506 825 3560 μου
852 3485 1009 3564 ἐδωρήσατο
1037 3485 1081 3546 όιά
1109 3484 1316 3565 χρυσοβούλλου

34 3607 106 3684 εἰτής
127 3613 160 3689 τῇ
182 3605 253 3667 κατά
277 3601 335 3691 [τὴν
355 3601 447 3690 νῆσον]
474 3605 585 3682 Πάτμον
608 3601 756 3691 [σεβασμίᾳ
779 3611 849 3688 μονῇ
871 3612 920 3683 τῆς
944 3605 1088 3682 βασιλείας
1114 3627 1165 3682 μον
1188 3611 1233 3668 τοῦ
1255 3607 1315 3667 κατ’

36 3727 160 3808 ἐξαρετσν
181 3721 371 3812 ἠγαπημένον]
392 3727 499 3806 Χριστῷ
522 3725 569 3787 καὶ
592 3726 787 3806 εύαγγελιστοῦ
808 3725 951 3807 θεολόγον
974 3729 1004 3788 τό
1025 3731 1164 3810 χωράφιον
1187 3731 1217 3790 τό
1240 3731 1317 3805 πλη-

36 3847 115 3920 τάζσν
141 3849 189 3926 μὲν
215 3849 255 3928 τῷ
282 3849 404 3928 μετσχίῳ
430 3853 479 3926 τῆς
506 3855 602 3925 μονῆς.
629 3853 675 3909 τοῦ
700 3849 821 3929 Πύργον,
848 3841 895 3908 καί
924 3849 1161 3926 ἐπονομαζόμενον
1183 3853 1201 3926 ἡ
1229 3851 1318 3912 Γωνία

35 3976 71 4030 τσῦ
94 3971 201 4048 Πετάαη
228 3971 276 4031 καί
303 3971 523 4047 συμποσούμενον
551 3969 591 4043 εἰς
612 3971 750 4047 ποσότητα
777 3971 925 4052 ζευγαρίων
952 3974 1101 4052 τεσσάρων,
1128 3975 1316 4050 κατεχόμενον

35 4090 61 4150 ἀὲ
86 4093 180 4172 ἀρτίως
204 4095 280 4173 παρά
306 4097 352 4154 τοῦ
380 4095 478 4172 μέρους
506 4097 551 4152 τοῦ
577 4092 757 4172 περιποθήτου
783 4093 909 4174 γαμβροῦ
935 4099 984 4169 τῆς
1012 4092 1154 4166 βασιλείας
1181 4115 1243 4176 μου,
1270 4097 1316 4154 τοῦ

35 4215 244 4294 πρωτοσεβάστου
271 4221 352 4296 κυροῦ
375 4215 512 4290 Μανουὴλ
534 4215 680 4291 Κομνηνοῦ
709 4223 755 4274 τοῦ
778 4216 925 4296 Λάσκαρη,
954 4215 1134 4276 ἀποσπάσασα
1162 4217 1239 4275 τοῦτο
1271 4215 1316 4274 ἀπ’

38 4334 132 4396 ἐκείνου
153 4339 196 4398 καὶ
217 4342 432 4418 προσκνριύσασα
458 4343 514 4411 τοῖς
542 4338 656 4409 δικαίοις
682 4341 728 4398 τοῦ
755 4337 874 4397 τοιοῦτον
901 4337 1030 4415 μετοχίου
1056 4341 1102 4396 τοῦ
1125 4337 1242 4418 Πύργον.
1269 4336 1317 4396 καὶ
1434 4367 1438 4376 ·

37 4455 167 4536 ἀισρίζεται
188 4459 249 4536 ύμῖν
271 4461 290 4538 ἠ
313 4459 441 4534 βασιλεία
460 4479 520 4541 μου,
545 4461 583 4532 ὡς
606 4463 638 4519 ἂν
660 4458 840 4538 παραόιύσητε
862 4461 938 4520 τοῦτο
961 4457 999 4536 τῷ
1023 4459 1100 4538 μέρει
1122 4463 1172 4534 τῆς
1194 4460 1317 4536 τοιαύτης

38 4585 122 4654 μονῆς,
147 4581 216 4653 όπως
237 4581 344 4663 κατέχῃ
368 4581 431 4640 αύτό
453 4580 499 4642 καὶ
523 4581 637 4658 νέμηται
661 4579 835 4652 ἀόιασείστως
858 4578 905 4640 καὶ
926 4582 1013 4658 πάντη
1037 4577 1251 4653 ἀναποτπάστως
1270 4573 1317 4640 καί

39 4700 78 4774 π’,ν
96 4696 124 4771 ἐξ
140 4703 215 4763 αύτοῦ
231 4697 398 4782 ἀπορέρηται
413 4708 502 4762 πάσαν
526 4703 573 4763 καὶ
594 4702 722 4763 παντοίαν
744 4702 885 4782 πρόσοδον.
909 4705 1039 4778 ποιήσατε
1062 4701 1106 4763 οὖν
1130 4702 1316 4782 ἀνυπερόέτως
