3160 5292
1243 355 1302 420 177

29 546 115 622 ίληθές
129 545 175 606 καί
192 545 232 620 είς
247 547 278 606 τδ
294 545 393 606 οἰκεῖον
417 545 521 607 δίκαιον
546 547 623 608 αῦτδν
647 547 876 628 δποκαθιστάντα,
898 548 971 608 θεῖον
992 547 1040 610 καί
1062 548 1202 622 βασιλικόν
1226 552 1305 612 αῦτοῦ

26 671 120 748 όρισμδν
157 667 322 750 ἐνεχείρισε,
360 666 426 728 τάδε
462 668 534 728 κατὰ
570 667 670 751 ῥῆίμ]α
705 673 797 730 τοῦτον
836 669 1080 747 διακελευόμενον·
1108 672 1304 748 «Πανσέβαοτε

26 790 136 866 σεβαοτέ,
163 788 248 850 οίιιείε
275 797 308 872 τῇ
336 791 463 872 βασιλεία
485 811 537 866 μου
563 795 796 872 παρακοιμῶμενε
822 795 881 870 κῦρι
905 789 1018 866 Ἀλέξιε
1041 793 1180 874 Κρατερέ·
1205 793 1230 855 οἱ
1252 795 1304 854 ἀπό

25 919 64 988 τῆς
86 915 166 986 νῆσου
190 913 303 988 Πάτμου
330 910 449 990 μοναχοὶ
474 911 609 995 ᾐτήσαντο
636 913 684 988 τὴν
712 913 853 985 βασιλείαν
877 934 943 994 μου,
969 913 1013 974 ίνα
1040 913 1108 997 δοθῆ
1135 917 1198 996 παρ’
1223 917 1305 992 αῦτῆς

24 1037 112 1106 τοῦτσις
140 1035 171 1094 τό
201 1030 304 1110 μεταΞυ
332 1040 386 1094 τῶν
416 1031 463 1094 δῦο
493 1040 633 1114 ποταμῶν,
663 1037 710 1094 τοῦ
736 1055 766 1094 τε
790 1034 946 1116 Μαιάνδρου
977 1034 1025 1096 καί
1051 1040 1096 1096 τοῦ
1127 1035 1305 1118 διερχομένου

25 1156 66 1215 iric
87 1163 138 1216 τῶν
156 1155 314 1236 Παλαιίων,
338 1153 508 1232 διακείμενον
532 1159 671 1236 μετόχιον,
695 1158 763 1237 δπερ
785 1159 899 1236 κατεῖχε
923 1156 973 1232 μέν
995 1159 1013 1234 ῆ
1036 1163 1086 1234 τῆς
1108 1158 1306 1238 Παναχράντου

24 1277 82 1351 μονὴ
111 1279 141 1337 ἐν
163 1277 459 1358 Κωνσταντινσυπόλει,
489 1281 568 1338 τανῦν
599 1277 630 1338 δέ
660 1279 789 1357 τυγχάνει
820 1278 964 1357 ἐλεῦθερον
992 1277 1040 1338 καί
1067 1279 1305 1360 άκαταδοῦλιυτον,
1410 1297 1412 1304 ’

25 1396 69 1471 ἔξω
94 1402 183 1476 πάσης
211 1399 382 1476 δημσοιακῆς
410 1397 533 1472 ἐξουσίας
561 1399 794 1476 ἐκκλησιαστικῆς
818 1399 865 1460 καί
893 1405 1070 1482 προσωπικῆς
1096 1401 1305 1482 ἀνεπηρέαστον,

23 1520 56 1600 ἐρ’
78 1516 100 1602 ᾧ
121 1523 304 1598 συσσῆοασθαι
324 1523 387 1582 αῦτό
410 1519 457 1580 καὶ
486 1519 520 1581 τό
550 1523 629 1582 τόπια
650 1521 683 1581 τά
707 1521 801 1582 δίκαια
829 1523 921 1584 τούτου
951 1521 998 1583 καί
1029 1523 1103 1602 ἔχειν
1134 1521 1172 1595 είς
1203 1521 1307 1584 οἰκείαν

23 1646 204 1722 συγκρότησιν·
227 1645 245 1718 ῆ
268 1647 334 1722 γοῦν
361 1643 488 1716 βασιλεία
510 1665 563 1720 μου
589 1645 660 1720 μετὰ
686 1649 739 1704 τῶν
765 1646 891 1706 τοιοῦτον
917 1651 1056 1720 νησιωτῶν
1079 1651 1210 1724 μοναχῶν
1232 1645 1307 1722 ἀγα-

21 1772 93 1826 τῶεα
118 1767 193 1844 ἐχειν
221 1763 321 1848 μερίδα
347 1763 394 1826 καὶ
420 1765 456 1826 δι’
479 1768 566 1826 αῦτῶν
594 1767 664 1842 μετὰ
690 1771 736 1826 τοῦ
763 1769 826 1826 θεοῦ
853 1766 979 1847 δωρεῖται
1006 1767 1108 1840 τοῦτοις
1137 1769 1168 1828 τό
1189 1771 1306 1828 τοιοῦτον

21 1888 140 1964 ματέχιον
167 1893 217 1962 τῆς
245 1888 442 1968 Παναχράντου
472 1887 542 1962 μετὰ
567 1889 658 1962 πάσης
683 1895 732 1964 τῆς
759 1895 892 1968 περιοχῆς
918 1890 997 1950 (αἰτοῦ
1027 1887 1074 1948 καί
1104 1888 1308 1970 διακρατησευις

20 2007 60 2067 ταί
86 2006 138 2068 τῶν
168 2009 244 2070 ὅλων
270 2013 364 2072 τοῦτου
391 2009 503 2070 δικαίων
530 2009 576 2070 καί
603 2010 767 2090 προνομίων,
794 2011 888 2082 καθὼς
918 2009 965 2071 καὶ
993 2011 1113 2091 ἀρχῆθεν
1141 2006 1217 2090 εἶχεν
1243 2013 1308 2072 αῦτδ

21 2131 269 2212 ῆΠανάχραντος,
297 2131 367 2207 μετὰ
392 2132 493 2202 παντός
524 2132 711 2212 διαφέροντος,
735 2133 773 2204 ὡς
797 2131 961 2212 διείληπται,
986 2131 1100 2212 δικαίου,
1123 2131 1169 2194 καὶ
1193 2133 1308 2212 δώρημα

21 2259 62 2326 τῆς
90 2252 237 2326 βασιλείας
265 2273 326 2329 μου.
364 2253 477 2328 ποίησον
509 2250 554 2314 οῦν
585 2253 683 2334 ἀκριβῆ
714 2255 876 2334 παράδοσιν,
911 2253 957 2314 νοιί
985 2253 1111 2336 παράδος
1141 2256 1230 2326 αῦτοῖς
1261 2254 1308 2314 ἀπ’

23 2373 136 2436 ἐντεῦθεν
153 2375 217 2436 αῦτό
233 2373 328 2435 καὶτὰ
345 2375 441 2436 ἐνόντα
456 2375 527 2454 αῦτῴ
544 2375 636 2436 δίκαια
650 2375 697 2436 καί
712 2375 900 2456 εὑρισκόμενα,
924 2379 962 2449 ῶς
984 2379 1017 2436 ἂν
1039 2377 1204 2455 κατέχοντες
1226 2380 1309 2436 ταῦτα

22 2497 61 2556 καί
88 2499 138 2574 τὴν
171 2497 293 2558 ἐντεῦθεν
321 2493 561 2583 παρ[ηγ]ορίαν·ἑ
607 2499 687 2558 οίυτοῦ
721 2498 966 2574 ἀπολαμβάνοντες
999 2505 1049 2574 τῆς
1082 2498 1224 2574 βασιλείας
1258 2518 1309 2575 μου

22 2619 234 2700 ῦτερεῦχωνται·
259 2618 303 2680 ἐπὶ
325 2621 409 2699 τοῦτῳ
432 2619 486 2699 γὰρ
510 2619 634 2698 ἐγεγόνει
658 2621 747 2692 αῦτοίς
768 2621 836 2700 πρός
859 2621 1009 2700 ἀσφάλειαν
1031 2619 1078 2680 καί
1100 2622 1131 2681 τό
1152 2622 1238 2702 παρόν
1260 2627 1310 2698 τῆς

22 2740 160 2814 βασιλείας
181 2761 233 2817 μου
259 2743 434 2822 πρόσταγμα.
464 2735 537 2819 εἶχε
559 2743 611 2808 τό·
635 2740 712 2818 μηνί
735 2742 956 2824 ρεβρουαρίῳ,
984 2739 1192 2816 ίνδικτιῶνος
1213 2739 1246 2823 δ’,
1270 2743 1309 2802 δι’

21 2863 161 2944 ἑρυθρῶν
184 2867 392 2945 γραμμάτων
413 2869 471 2940 τῆς
494 2864 679 2940 βασιλικῆς
706 2861 761 2923 καὶ
784 2858 876 2936 θείας
897 2866 1028 2943 χειρός·
1052 2865 1109 2939 τὴν
1133 2860 1187 2922 διὰ
1208 2869 1310 2942 κηροῦ

21 2989 136 3062 συνήθη
160 2985 328 3066 σφραγῖδα
350 2985 405 3046 καί
428 2988 480 3046 τό·
505 2987 557 3046 διὰ
579 2991 636 3048 τοῦ
658 2985 804 3068 Τορνίκη
827 2984 1050 3066 Δημητρίου».
1073 2988 1095 3066 †

119 3107 155 3168 Οί
178 3112 243 3185 γοῦν
270 3107 512 3188 ἀναγεγραμμένοι
540 3109 668 3189 μοναχοί,
695 3111 710 3169 ό
732 3130 762 3169 τε
784 3109 977 3184 Καππαδόκης
1003 3113 1078 3190 κῦρις
1100 3107 1237 3188 Νεόρυτος
1263 3107 1310 3168 καὶ

19 3228 144 3290 ότοίιτου
172 3227 340 3308 ουνάδελφος
366 3234 441 3308 κῦρις
465 3229 613 3312 Ἀροένιος,
641 3232 747 3310 γραρῆν
769 3235 814 3292 τοῦ
838 3232 965 3292 αῦθέντου
987 3251 1039 3304 μου
1061 3235 1107 3290 τοῦ
1128 3251 1310 3311 παρακοιμιο-

20 3353 96 3424 μένου
126 3347 384 3438 [προσενίέγκαντες
417 3351 463 3412 καί
494 3353 538 3412 τόν
569 3352 634 3414 όντα
660 3353 770 3434 ὁρισμόν
798 3353 965 3432 ἐνεχείρισσίν
995 3373 1056 3434 μοι,
1084 3353 1168 3424 σίτοις
1195 3353 1309 3431 έχοντα·

23 3471 291 3555 «Μεγαλυδυξότατε
318 3471 366 3536 καί
386 3474 550 3553 ῆγαπημένε
573 3495 621 3550 μοι
650 3476 786 3556 σῦντρορε,
813 3479 872 3556 κῦρι
896 3475 1055 3556 Ἀνδρόνικε
1078 3474 1262 3555 Μαυρόποδε·
1287 3473 1312 3534 σί

22 3593 67 3653 ἀεὶ
94 3603 144 3672 τῆς
170 3596 282 3673 Πάτμου
310 3595 428 3674 μοναχοὶ
449 3595 584 3679 ᾐτῆσαντο
610 3598 656 3656 τὀν
682 3598 810 3678 κραταιόν
837 3595 884 3658 καί
913 3598 989 3677 ἅγιον
1012 3599 1091 3672 ἡμῶν
1115 3596 1242 3674 αῦθένιην
1265 3595 1312 3657 καί

22 3717 151 3799 βασιλέα,
180 3718 224 3778 ἵνα
250 3717 318 3802 δοθῇ
347 3713 459 3804 αῦτσῑ[ς]
485 3719 516 3779 τό
539 3716 695 3796 οἰναμεταξῦ
720 3725 774 3779 τῶν
798 3719 845 3780 δύο
870 3717 1011 3800 ποταμῶν,
1034 3723 1080 3778 τοῦ
1101 3740 1131 3778 τε
1155 3718 1312 3801 Μαιάνδρου

22 3840 61 3900 καί
91 3835 163 3927 [τοῦ]
193 3841 246 3902 ἀπό
275 3847 328 3902 τῶν
360 3841 506 3903 Παλαπίυιν
529 3842 724 3924 διερχομένου,
756 3845 885 3921 μετόχιον
915 3843 945 3902 τό
980 3842 1178 3919 ἐπιλεγόμενον
1206 3842 1313 3922 Πῦργσς

22 3964 84 4034 μετὰ
106 3966 199 4038 πάσης
220 3969 270 4039 τῆς
292 3970 424 4044 περιοχῆς
447 3967 527 4026 αῦτοῦ
552 3964 599 4026 καὶ
627 3965 830 4045 διακρατῆσεως
857 3963 903 4025 καί
926 3971 979 4024 τῶν
1002 3965 1075 4024 όλιυν
1099 3964 1210 4024 δικαίων
1233 3966 1312 4024 αῦτοῦ

22 4085 61 4144 καί
89 4086 203 4165 ταπίων,
234 4086 327 4158 καθὼς
357 4083 402 4146 καὶ
433 4087 447 4145 ό
476 4085 669 4168 δεδωρημένσς
696 4089 786 4159 αῦτσῖς
815 4089 887 4159 θεῖος
917 4085 964 4146 καί
992 4087 1174 4165 προσκυνητός
1203 4087 1313 4167 όρισμδς

22 4207 217 4269 διακελεύεται.
252 4211 347 4288 γράροι
374 4229 416 4270 σοι
445 4203 505 4290 οῦν,
536 4209 579 4268 ἵνα
610 4209 737 4292 εἰσέλθῃς
767 4207 807 4280 είς
835 4209 869 4267 τὰ
897 4209 1024 4268 Παλάτια
1054 4206 1101 4268 καὶ
1130 4213 1250 4290 τηρήσῃς
1279 4208 1313 4267 τὰ

21 4331 75 4410 περὶ
104 4333 199 4392 τοίιτου
225 4330 346 4410 ἀκριβῶς
372 4329 418 4390 καί
442 4331 522 4413 εθρης
546 4333 618 4390 ἅπαν
642 4331 744 4392 δίκαιον
771 4331 863 4390 τοῦτου
890 4328 936 4389 καί
963 4329 1025 4401 τοὺς
1047 4331 1226 4409 κρατύνοντος
1248 4331 1311 4390 τοῦ·

21 4475 62 4514 του
80 4461 172 4514 πᾶσαν
191 4459 245 4532 γῆν
268 4449 326 4537 [καί
348 4451 420 4534 τοῦς]
437 4454 626 4526 Παλατιανοῦς
642 4450 785 4524 ἀπελάσας
804 4453 1031 4534 άποκατασιῆσης
1047 4453 1136 4522 αὐτοῖς
1155 4452 1313 4512 τὰτοιαῦτα

21 4579 95 4637 τόσαι
119 4579 188 4658 πρός
211 4577 260 4652 τὴν
283 4583 332 4652 τῆς
350 4575 462 4651 Πάτμου
485 4579 580 4656 μονήν,
608 4575 700 4647 καθὼς
722 4573 769 4635 καί
792 4573 969 4654 διωρίσθησαν
992 4573 1066 4651 έχειν
1094 4575 1170 4634 αῦτά.
1197 4568 1314 4653 ῆείχε

20 4699 71 4758 καί
101 4701 319 4780 ῦπαγραφῆν·
352 4701 366 4758 δ
397 4699 516 4770 δοῦλος
549 4703 604 4759 τοῦ
634 4704 792 4778 κραταιοῦ
823 4695 879 4757 καί
909 4697 1003 4774 ἁγίου
1034 4697 1125 4772 ἡμῶν
1157 4697 1314 4756 αὐθέντου

1075 4820 1106 4868 12
