3228 5294
1299 368 1341 432 75

54 567 130 641 τροπῇ
160 560 207 620 καί
238 558 342 640 ἐρισμῷ
371 565 418 620 τοῦ
448 561 656 639 καθηγουμένου
683 561 718 619 τά
748 561 880 642 ἀρκοῦντα
909 567 942 642 τῇ
972 561 1107 643 ἐκκλησίᾳ
1136 563 1197 620 καθ’
1228 565 1342 621 ἕκαστον

55 685 210 760 τετράμηνον
235 681 331 742 ἔλαιόν
353 702 384 741 τε
418 679 464 741 καί
487 680 576 762 κηροί,
599 684 729 762 πρότερον
756 683 1023 758 κατασκευαζόμενοι
1050 683 1084 742 δι’
1113 683 1267 754 ἐπιστασίας
1296 687 1341 742 τοῦ

54 809 222 883 προεστῶτος,
254 804 292 874 ῶς
324 801 395 882 αἰετῷ
425 809 563 882 προσηκον
594 803 699 880 δοκοίη,
729 802 776 862 καί
806 803 875 863 οὓτω
904 801 943 880 τῷ
975 803 1165 885 έκκλησιάρχῃ
1194 804 1340 880 διδόμενοι.

57 925 124 983 ἀλλά
151 922 199 983 καὶ
228 925 320 1003 ἕτερόν
347 944 406 984 τινα
434 923 540 999 εῖιλαβῆ
568 922 614 984 καί
642 923 734 984 ίκανδν
760 923 940 1004 προβαλεῖται
970 926 984 982 ό
1011 925 1227 1006 καθηγούμενος,
1259 925 1290 1004 ἐφ
1320 920 1342 1004 ᾧ

56 1041 275 1124 παραλαμβάνειν
297 1043 345 1104 καί
368 1043 521 1120 οἰκονομεῖν
544 1047 577 1104 τά
600 1065 630 1104 τε
654 1041 861 1121 εἰσοδιαζόμενα
883 1045 943 1120 ἤτοι
971 1041 1145 1119 ἐξωνούμενα
1172 1045 1270 1124 σίδηρα
1296 1045 1343 1105 καί

57 1169 101 1226 Ξσα
126 1166 170 1226 διά
197 1165 316 1244 σιδήριον
339 1165 484 1246 ἐργαλεῖα,
512 1167 542 1236 ός
569 1165 603 1240 δίη
631 1164 678 1224 καί
703 1167 734 1225 τδ
763 1169 929 1246 προσφάγιον
958 1173 1012 1226 τῶν
1043 1165 1169 1245 ἀδελφῶν
1199 1165 1245 1226 καὶ
1272 1167 1300 1226 εἰ
1318 1188 1343 1226 τι

57 1290 138 1366 ἔτερόν
170 1287 242 1346 ἐστιν
273 1284 312 1358 εἰς
342 1285 438 1358 ἐξοδον
464 1291 518 1346 τῶν
546 1291 687 1362 κσσμικῶν
718 1286 821 1366 όφείλει
847 1289 964 1367 κρατεῖν.
994 1289 1187 1367 προχειριεϊται
1214 1289 1343 1360 ῶσαθτως

55 1407 94 1469 καί
119 1406 242 1486 οἰνοχόον
270 1407 418 1490 ἐγκρατείᾳ
444 1410 655 1485 κεκοσμημένον
682 1406 729 1468 καί
757 1411 943 1489 σταθηρότητι,
970 1411 1015 1470 τὀν
1043 1411 1185 1486 μέλλοντα
1211 1411 1343 1470 ποιεῖσθαι

55 1531 95 1604 την
116 1535 161 1590 τοῦ
183 1527 402 1604 εἰσοδιαζομένσυ
424 1531 526 1602 παντός
548 1529 620 1589 σίνου
643 1529 747 1590 εἰσοδόν
770 1551 799 1590 τε
822 1530 868 1590 καί
893 1529 1004 1603 ἔξοδον·
1030 1529 1131 1606 δμοίως
1157 1529 1204 1590 καί
1230 1531 1342 1590 κελλα·

55 1651 119 1729 ρίτην
147 1651 180 1712 ἐκ
200 1656 255 1711 τῶν
277 1657 327 1727 τῆς
350 1649 534 1730 ἀδελφότητσς
558 1651 764 1732 εθλαβεστέρων
786 1671 816 1711 τε
850 1650 897 1711 καί
920 1653 1134 1733 ἐμπειροτέρων,
1158 1655 1191 1712 τά
1212 1673 1242 1711 τε
1266 1652 1343 1710 ἀλλα

59 1771 181 1844 ἐπιεικείᾳ
210 1771 258 1832 καί
287 1773 392 1832 συνέσει
421 1771 468 1832 καί
494 1767 624 1852 πραότητι
651 1771 859 1848 καλλυνόμενον
886 1771 933 1832 καί
958 1774 1026 1852 πρός
1052 1775 1100 1848 τἠν
1127 1773 1252 1848 τοιαύτην
1280 1771 1342 1832 δια-

57 1893 138 1952 κονίαν
160 1890 323 1968 ἐπιτηδείως
347 1893 460 1972 έχοντα,
489 1886 562 1971 ᾧτινι
583 1891 631 1953 καί
654 1893 702 1953 δίο
723 1894 962 1974 παρακελλαρῖται
985 1893 1033 1953 καί
1057 1895 1189 1974 μάγειρος
1212 1892 1252 1965 εἰς
1274 1894 1342 1952 ἀπο-

56 2014 172 2088 τακτικὴν
195 2013 336 2093 συνεργίαν
360 2013 529 2088 δοθήσονται.
558 2012 604 2074 καὶ
634 2017 727 2094 έτερος
750 2015 782 2074 δέ
804 2019 857 2074 τῶν
880 2013 1007 2093 ἀδελφῶν
1032 2013 1071 2087 εἰς
1092 2016 1122 2074 τδ
1147 2010 1216 2074 εἰναι
1238 2034 1341 2093 τραπε-

58 2131 137 2213 ζάριος
157 2136 391 2214 προβληθήσεται.
415 2135 462 2195 καὶ
484 2138 584 2208 πάντες
608 2133 779 2209 ἁπαξαπλῶς
807 2139 867 2210 μετ’
896 2137 1055 2217 ἐλευθερίας
1082 2133 1171 2212 πάσης
1197 2133 1244 2196 καὶ
1269 2157 1342 2195 παν-

57 2255 143 2328 τελοῦς
165 2261 211 2317 τοῦ
234 2254 303 2316 ἰδίου
325 2257 484 2333 θελήματος
506 2259 628 2331 θνήσεως
652 2256 679 2316 ἐν
703 2255 842 2338 εἰλικρινεῖ
863 2257 950 2318 πίστει
982 2256 1029 2318 καὶ
1053 2257 1187 2336 ἀνοθεθτῳ
1210 2255 1256 2316 καί
1277 2257 1343 2337 όρθῇ
1421 2307 1423 2310 .

59 2378 152 2458 σπουδῇ
178 2375 226 2438 καί
253 2381 408 2458 προαιρέσει
436 2378 633 2459 διακονήσουσι,
656 2381 713 2452 τοῖς
739 2383 785 2439 τοῦ
812 2381 1019 2457 καθηγουμένου
1045 2380 1257 2458 πειθαρχοῦντες
1280 2378 1342 2454 διη-

59 2503 137 2570 νεκῶς
167 2499 347 2578 ἐπιτάγμασιν
382 2501 445 2580 άτερ
480 2500 630 2579 δισταγμοῦ
662 2499 709 2560 καὶ
740 2499 878 2578 διχονοίας
911 2507 960 2576 τῆς
994 2501 1173 2580 οἱασδήτινος,
1205 2499 1344 2572 πείθοντες

59 2619 156 2692 ἑαυτοὺς
185 2623 225 2692 ὡς
256 2621 378 2701 ἄντικρυς
409 2619 464 2698 θεῷ
486 2619 533 2680 καί
561 2620 696 2700 ἀγγέλοις
723 2623 883 2699 ὑπηρετοῦσι
909 2625 965 2693 τοῖς
993 2621 1122 2701 ἀδελφοῖς
1150 2622 1179 2680 ἐν
1205 2624 1344 2702 πατρικοῖς

58 2741 213 2816 κελεύσματι
244 2741 467 2820 ἐκδσυλεὺοντες,
503 2741 614 2816 μᾶλλον
649 2743 694 2822 δέ,
728 2743 771 2802 ῖνα
804 2744 835 2802 τό
865 2745 958 2818 μεῖζον
989 2741 1057 2802 εἰπω
1084 2741 1132 2802 καὶ
1160 2743 1343 2823 ὑψηλότερον,

60 2863 126 2922 τάτάν
152 2867 189 2937 ῶς
213 2865 318 2944 ἐφικτδν
341 2870 484 2940 μιμοῦνται
509 2867 623 2945 Χριστόν
650 2867 696 2926 τδν
716 2867 778 2926 θεόν
800 2868 890 2946 ἡμῶν,
913 2871 1017 2944 τρανῶς
1040 2867 1147 2936 ἐντοῖς
1170 2864 1344 2944 εὐαγγελίοις

62 2986 124 3045 «τάκ
143 2983 229 3062 ἦλθον
254 2985 457 3066 διακονηθῆναι,
482 2983 559 3048 ἀλλά
582 2988 770 3064 διακονήσαν»
796 2987 842 3048 καί
865 2991 990 3047 ποιοῦντα
1013 2985 1059 3046 καὶ
1081 2985 1233 3066 φάσκοντα,
1258 2980 1288 3047 οἰι
1308 2986 1343 3060 δὴ

60 3105 98 3164 καί
121 3109 287 3188 κληρονόμοι
313 3114 367 3167 τῶν
395 3108 553 3188 ἀπορρήτων
581 3111 741 3187 γενήσονται
769 3109 891 3189 ἀγαθῶν,
920 3105 943 3168 εἰ
966 3109 996 3167 τό
1020 3113 1069 3184 τῆς
1097 3106 1236 3178 διακονίας
1264 3107 1344 3188 ἔργον

62 3226 197 3306 ἀκίβδηλον
221 3229 388 3300 διασῶζοιεν.

149 3350 204 3427 ιβ’.
228 3350 318 3411 Οἰιδέν
341 3350 410 3412 ἴδιον
435 3351 510 3430 ἐχειν
533 3349 622 3412 οθδενί
644 3357 697 3412 τῶν
721 3350 848 3432 ἀδελφῶν
872 3349 987 3431 ἐξέσται,
1009 3352 1084 3426 πλὴν
1106 3356 1160 3411 τῶν
1187 3349 1344 3430 ἀναγκαίων

61 3471 259 3548 περιβλημάτων
282 3471 329 3531 καί
352 3475 560 3546 σκεπασμάτων.
586 3473 722 3552 ἀναγκαῖα
745 3473 770 3532 δ’
784 3473 877 3533 ἐκεῖνά
899 3493 987 3551 φαμεν
1009 3472 1043 3532 τά
1066 3466 1104 3531 ὧν
1127 3471 1191 3531 ἀνευ
1214 3463 1343 3532 ἀδύνατον

63 3591 111 3664 ζῆν.
134 3593 201 3652 ἔστω
224 3591 256 3652 δὲ
285 3599 382 3673 χρῆμα
411 3592 458 3652 καί
483 3593 603 3666 πλοῦτος
630 3595 736 3674 ἑκάστῳ
763 3595 883 3671 ήμῶνή
910 3599 1004 3653 πασῶν
1027 3591 1081 3653 τῶν
1105 3593 1207 3674 ἀρετῶν
1236 3590 1344 3672 ἐργάτις

64 3709 230 3793 ἀκτημσσόνη,
253 3715 284 3773 τό
308 3715 534 3774 συνεκτικώτατον
562 3721 611 3792 τῆς
639 3715 789 3790 ἀσκητικῆς
811 3716 891 3790 ήμῶν
912 3715 1054 3786 πολιτείας
1075 3715 1243 3797 κεφάλαιον,
1268 3715 1300 3794 ἐφ
1323 3709 1345 3794 ᾧ

64 3833 99 3892 κιί
122 3841 195 3895 νικᾶν
217 3835 310 3908 σίλλος
338 3835 426 3896 ἀλλον
450 3835 630 3915 ἀφιλονείκως
652 3835 839 3917 σπουδάζοιτε,
863 3837 911 3911 τήν
934 3835 1042 3916 ἀρίστην
1065 3835 1190 3912 ἅμιλλαν
1213 3835 1344 3912 ἀμιλλίι-

66 3973 136 4036 μενοι,
157 3957 256 4036 χρυσόν
281 3957 312 4016 δὲ
335 3955 382 4016 καί
406 3959 521 4038 ἄργυρον
548 3956 595 4016 καί
624 3963 720 4037 χρῆμα
746 3963 799 4017 ποῖν
828 3957 923 4017 ἀλαῖον
950 3956 997 4016 καί
1024 3960 1128 4037 γήινον,
1156 3960 1190 4016 τά
1216 3977 1251 4036 γε
1277 3958 1345 4036 πρός

67 4071 121 4136 ἰδίαν
144 4085 250 4160 κτῆσιν,
278 4079 331 4138 άπδ
357 4078 473 4158 καρδίας
501 4080 641 4154 μισήσατε.
674 4076 772 4153 μηδείς
800 4079 874 4152 ὑμῶν
903 4076 941 4150 εἰς
968 4077 1035 4138 ἰδιον
1064 4077 1164 4160 κέρδος
1186 4080 1216 4138 τδ
1240 4077 1343 4137 οίονοῦν

68 4202 278 4280 μεταχειριζέσθω
301 4201 476 4282 έργόχειρον,
502 4196 569 4258 ἀλλ’
598 4198 653 4259 είτε
680 4200 882 4278 καλλιγραφεῖν
905 4220 945 4272 τις
972 4199 1089 4278 ἠσκήθη,
1117 4198 1175 4258 εἰτε
1200 4221 1225 4259 τι
1252 4201 1344 4278 ἕτερον

69 4322 178 4401 μετιέναι,
201 4319 304 4396 εἰδήοει
327 4319 374 4382 καί
395 4319 540 4402 προστάξει
563 4325 610 4380 ποῶ
632 4322 839 4400 καθηγουμένου
862 4318 967 4400 δφείλει
995 4321 1157 4402 ἐργάζεσθαι
1182 4321 1250 4400 πρδς
1278 4322 1345 4400 όπερ

71 4439 164 4512 ἕκαστος
184 4445 297 4522 πέφυκε,
322 4443 471 4518 διδομένων
496 4443 547 4517 μὲν
569 4447 623 4501 τῶν
651 4441 724 4500 Ιἀλῶν
753 4441 785 4501 ἐκ
812 4446 858 4501 τοῦ
885 4441 1036 4520 κοινοβίου,
1064 4439 1286 4517 εἰσκομιζομένου
1314 4439 1345 4500 δὲ

69 4563 106 4616 τοῦ
126 4561 196 4640 ἔργου
219 4565 289 4640 μετὰ
312 4565 357 4624 τόν
381 4563 549 4643 ἀπαρτισμδν
574 4559 649 4635 αὖθις
672 4560 711 4633 εἰς
734 4564 764 4622 τό
787 4563 931 4638 κοινόβιον.

155 4685 207 4762 κγ’.
230 4685 318 4745 Οἰιδέν
342 4684 374 4744 δέ
397 4685 519 4764 ἀπεικός,
544 4682 567 4744 εί
589 4684 636 4744 καί
662 4690 716 4744 τῶν
744 4683 783 4754 εἰς
813 4687 900 4766 ἔρωτα
926 4686 1041 4763 ἡσυχίας
1068 4685 1133 4756 ἴσως
1155 4685 1344 4761 ἐλευσομένων
