3186 5286
1296 342 1359 407 379

74 535 142 614 †‘0
165 533 425 610 Θεσσαλονίκης
449 536 643 614 Γεράσιμος.
667 539 687 616 †
740 541 760 616 †
785 537 819 596 ‘0
842 536 1014 615 Λαρίσσης
1037 538 1216 609 Διονύσιος.
1241 540 1261 616 †

73 658 142 734 †‘0
167 657 321 736 Προίσης
343 655 508 732 Ἀνθιμος.
533 661 554 736 †
739 659 761 738 †
785 659 820 717 ‘0
844 658 989 737 Ἐὐρίπου
1013 659 1188 740 Ὶερέθεος.
1212 659 1234 736 †

167 785 314 855 Ανοίιιίμρ.
332 787 440 840 membr.
457 805 517 839 cam
533 787 609 840 bulla
618 788 758 856 plumbea.
784 788 858 842 Flar.
874 789 915 842 11.
931 805 981 840 ara
999 790 1048 842 89.
1074 785 1130 842 Sub
1145 803 1195 840 nra
1212 789 1254 840 90
1273 794 1360 841 areatat

69 891 196 960 ονομαίίσα
219 890 336 944 ausam
354 889 533 960 pam'archac
555 891 588 944 dc
609 887 771 960 causariam
793 898 818 946 ιι
840 909 890 946 ara
911 893 948 946 91
974 891 1070 946 tabula
1088 891 1267 960 patriarchae
1292 891 1361 945 Neo·

65 995 140 1064 ρίηίι·
158 995 237 1063 VIL,
261 995 339 1048 ουίιιι
359 994 497 1064 exemplar
516 1013 568 1048 aaa
587 1012 680 1050 ramur
699 997 782 1064 ιιαοίί,
804 997 836 1050 de
856 1013 911 1066 aaa
929 1001 1018 1050 autem
1038 995 1164 1050 florias
1183 995 1248 1049 ίιαεο
1267 995 1360 1050 haba.-

68 1091 119 1150 ίσον
143 1091 284 1151 συνσδικοῶ
305 1093 468 1170 γράμματος
487 1091 624 1170 Νεορίτου
640 1089 674 1171 ζ’,
698 1086 728 1152 οὗ
750 1093 779 1151 τ“ο
801 1093 941 1172 προοίμιον
963 1091 1087 1172 ἐλλιπές,
1110 1090 1172 1170 περὶ
1191 1097 1241 1166 τῆς
1260 1093 1360 1152 συστά-

69 1217 132 1266 σεως
151 1191 200 1254 καὶ
221 1193 348 1268 εὐνομίας
367 1201 416 1270 τῆς
437 1201 523 1270 μονῆς
541 1193 580 1274 τῷ
602 1204 686 1256 1799
707 1201 824 1270 (7307).
850 1197 976 1275 άρχεται·
1003 1197 1117 1270 ινέμοις
1138 1193 1362 1274 διατεταγμένοις

68 1301 83 1372 η
106 1299 177 1358 ἔθεσι
199 1303 254 1358 πᾶν
278 1299 399 1374 σύστημα
421 1305 475 1358 τῶν
498 1299 646 1377 ἀνθρώπων
670 1299 825 1358 διοικεῖσθαι
850 1299 1039 1378 ἐπάναγκες».

325 1591 473 1656 aman.
500 1591 724 1674 νυου-ιυυι,
750 1644 885 1656 ,,,,,
900 1643 909 1676 ,
934 1591 1009 1678 [ind.
1034 1591 1103 1679 ιν]

213 1738 394 1792 Ραίνίανσθαε
411 1738 537 1792 Gaditani
552 1739 581 1792 V.
607 1739 720 1792 edictam
743 1740 775 1792 de
798 1741 1015 1792 administranda
1037 1741 1206 1794 manasterio.

168 1924 189 2000 †
213 1919 440 2004 Καλλίνικος,
464 1921 551 2000 ἐλέῳ
573 1923 648 1981 θεοῦ
671 1923 935 2000 άρχιεπίσκοπος
958 1923 1361 1999 Κωνσταντινσυπόλεως,

69 2042 154 2116 Νέας
178 2039 323 2122 Ῥώμης,
346 2042 402 2102 καί
425 2042 659 2118 οίκουμενικδς
681 2047 900 2123 πατριάρχης.
925 2047 945 2122 †

169 2237 191 2312 †
215 2235 329 2293 Πάντων
351 2233 404 2292 τῶν
429 2235 662 2309 ἐκκλησιαστικῶν
684 2237 853 2313 πραγμάτων
875 2235 921 2293 τὀν
944 2235 1087 2295 ἐπίσκοπον
1111 2237 1256 2312 ἔχειντὴν
1279 2255 1361 2314 ρρσν-

68 2355 125 2414 τίδα
155 2354 202 2414 καί
235 2356 346 2414 διοικεῖν
377 2356 444 2416 aa&
475 2358 513 2426 ῶς
542 2357 605 2414 θεοῦ
636 2356 787 2434 ἐφορῶντος
817 2357 831 2415 ὁ
859 2359 1015 2436 τριακοστὸς
1046 2357 1143 2434 ὄγδοος
1173 2361 1227 2415 τῶν
1258 2362 1362 2414 σεπτῶν

68 2477 151 2556 άγίων
179 2475 341 2538 ἀποστόλων
370 2477 522 2556 διαγορεύει
549 2478 649 2556 κανῶν,
678 2477 763 2556 ἐρθῶς
792 2477 817 2537 δ’
841 2474 874 2536 σίν
896 2499 936 2550 τις
964 2479 1149 2552 συνεννοήσειε
1174 2481 1232 2549 ταῖς
1255 2477 1362 2553 ἐκκλη-

68 2599 134 2672 σίαις
161 2597 209 2659 καὶ
236 2599 270 2658 τὰ
296 2598 357 2678 ἱερὰ
384 2601 567 2676 μοναστήρια·
591 2597 742 2658 καὶταῦτα
764 2600 819 2678 γὰρ
842 2601 891 2659 οὐκ
914 2601 994 2680 ἐστιν,
1018 2599 1084 2660 ἀλλ’
1107 2603 1125 2674 ἢ
1150 2599 1285 2674 ἐκκλησία
1307 2599 1364 2670 τοῖς

67 2723 110 2780 τον
137 2725 246 2801 μονήρη
274 2719 331 2795 βίον
360 2721 586 2800 ἐπανηρημένοις,
616 2721 665 2793 τὴν
692 2719 723 2778 δέ
749 2721 873 2796 τοιαύτην
897 2720 1026 2797 διοίκησιν
1049 2724 1098 2780 οὐκ
1120 2723 1153 2779 ἂν
1176 2723 1191 2780 ὁ
1214 2721 1364 2792 ἐπίσκοπος

66 2846 186 2918 ποιήσειε
215 2843 254 2917 μὴ
283 2841 343 2920 ουχὶ
371 2842 588 2916 ἐπιμελούμενος
614 2848 668 2900 τῶν
697 2842 935 2922 ἐπιτετραμμένων
966 2841 1037 2921 αὐτῷ
1066 2842 1262 2922 μοναστηρίων,
1291 2843 1365 2913 ὅπως

67 2967 103 3038 μὴ
131 2967 216 3040 μόνον
246 2964 280 3022 τά
309 2964 470 3036 ἀναθέματα
498 2963 586 3033 αὺτοῖς
614 2965 779 3039 διασῶζηται
806 2965 1008 3043 παραμένοντα,
1039 2960 1116 3022 ἀλλὰ
1149 2962 1182 3037 δὴ
1213 2961 1260 3021 καὶ
1287 2961 1312 3021 σί
1337 2961 1364 3020 ἐν

69 3087 156 3158 αυτοῖς
180 3087 346 3162 μονάζοντες
369 3089 477 3160 σεμνῶς
498 3105 528 3143 τε
551 3083 598 3143 καί
621 3087 658 3156 ὡς
681 3087 813 3164 προσήκει
834 3086 880 3144 τὀν
904 3083 962 3158 βίον
986 3083 1114 3162 διάγωσι·
1142 3082 1189 3142 καί
1212 3087 1288 3142 τοῦτο
1310 3084 1364 3163 γάρ

66 3207 215 3277 βούλεσθαι
235 3205 274 3282 τῷ
294 3205 359 3284 ίερῲ
378 3207 481 3282 κανόνι,
504 3207 553 3279 τὴν
572 3213 621 3281 τῆς
641 3211 687 3266 τοῦ
707 3207 769 3265 θεοῦ
790 3205 898 3286 ἐφορίας
920 3207 1086 3286 προσθήκην,
1109 3211 1163 3276 πᾶς
1182 3225 1221 3276 τις
1246 3204 1364 3278 ευσεβῶς

67 3349 98 3404 γε
122 3333 230 3408 ρρονῶν
258 3327 472 3405 ὁμολογήσειεν·
502 3327 579 3386 οῦδὲν
601 3327 655 3406 γὰρ
683 3331 716 3386 ἂν
740 3327 802 3408 εἴπῃ
825 3328 987 3406 βουλομένῳ
1014 3325 1121 3404 καὶτῷ
1144 3325 1209 3406 θεῷ,
1233 3325 1309 3405 εἴπερ
1331 3327 1365 3384 τὰ

67 3451 115 3522 μἐν
146 3449 308 3522 άναθέματα
337 3448 551 3522 διαρολάττοιτο,
580 3447 606 3507 οί
629 3447 660 3506 δέ
683 3451 848 3523 μονάζοντες
875 3449 903 3508 ἐν
929 3453 987 3520 τοῖς
1014 3448 1203 3529 μοναστηρίοις
1231 3449 1269 3523 μὴ
1294 3447 1366 3508 κατὰ

66 3573 93 3630 το
108 3577 252 3651 προσῆκον
268 3572 368 3650 αὐτοῑς,
392 3564 469 3628 ἀλλὰ
493 3572 607 3629 ἄτακτον
630 3568 676 3628 καί
700 3570 806 3630 άνθσιον
830 3572 914 3644 βιοῦσι
937 3571 982 3630 τὀν
1004 3571 1070 3644 βίον.
1096 3568 1136 3628 διδ
1156 3569 1235 3644 καὶὴ
1252 3571 1365 3649 μετριά-

68 3713 114 3766 της
138 3694 229 3768 ἡμῶν,
254 3691 293 3762 ῶς
315 3692 378 3750 θεοῦ
402 3691 551 3770 ἐφορῶντος
575 3691 685 3750 διοικεῖν
709 3691 865 3766 βουλομένη
889 3691 1013 3766 νομίμως
1034 3692 1069 3750 τά
1093 3692 1311 3770 ἐπιτετραμμένα
1332 3698 1365 3773 τῇ

67 3815 128 3872 καθ’
144 3815 220 3886 ἡμᾶς
236 3816 282 3870 τοῦ
299 3813 413 3891 Χριστοῦ
436 3813 548 3894 μεγάλῃ
572 3813 706 3891 ἐκκλησίᾳ
729 3812 789 3892 ἱερά
811 3813 857 3872 καὶ
881 3813 1017 3887 σεβάσμια
1039 3814 1161 3892 ἡμέτερα
1183 3814 1367 3893 πατριαρχικὰ

67 3933 113 3993 καί
142 3934 365 4013 σταυροπηγιακὰ
390 3936 565 4014 μοναστήρια,
592 3935 781 4014 προειλόμεθα
808 3934 926 3994 ἐκθεῖναι
949 3935 1027 4014 ὅρους
1058 3932 1104 3992 καί
1131 3933 1280 4014 κεφάλαια,
1303 3935 1365 3992 καθ’

69 4057 84 4112 ἃ
108 4055 312 4130 διοικηθήσεται
334 4051 380 4111 καὶ
402 4055 433 4112 το
457 4054 485 4112 έν
508 4060 541 4134 τῇ
561 4057 635 4130 νήσῳ
652 4056 756 4134 Πάτμῳ
779 4055 852 4135 ίερδν
874 4053 921 4114 καί
944 4055 1090 4130 σεβάσμιον
1110 4055 1245 4132 ἡμέτερον
1267 4073 1365 4132 πατρι-

70 4177 183 4256 αρχικδν
211 4173 257 4234 καὶ
285 4175 518 4254 σταυροντηγιακδν
542 4178 720 4254 μοναστηριον
743 4181 788 4234 τοῦ
811 4177 890 4253 ἁγίου
914 4177 1042 4235 Ἰωάννου
1065 4179 1111 4234 τοῦ
1133 4173 1294 4252 θεολόγον·
1319 4174 1367 4234 δύο

66 4299 119 4376 γὰρ
147 4303 201 4357 τῶν
233 4297 386 4356 ὁσιωτάτων
416 4297 540 4374 πατέρων
570 4301 616 4353 τοῦ
646 4295 825 4374 μονασοηρίου
854 4297 956 4374 τούτου,
987 4295 1169 4376 ἱερομάναχάς
1191 4316 1221 4355 τε
1243 4295 1367 4375 Γαβριὴλ

67 4417 114 4477 καί
137 4419 324 4499 ίεροδιάκονσς
345 4419 504 4496 Γεράσιμος,
535 4419 721 4495 παραστάντες
744 4417 895 4496 ἔμπροσθεν
914 4421 963 4492 τῆς
985 4418 1064 4491 ἡμῶν
1088 4419 1262 4496 μετριότητος
1286 4435 1365 4476 συνσ-

68 4541 152 4614 δικῶς
185 4541 400 4620 προκαθημένης
435 4539 594 4617 ἐνεφάνισαν
624 4537 819 4617 χρυσέβουλλά
850 4557 880 4597 τε
915 4541 963 4596 τοῦ
993 4537 1116 4614 ἀοιδίμου
1151 4538 1180 4598 ἐν
1210 4537 1367 4613 βασιλεῦσιν

67 4661 198 4734 Ἀλεξίου
220 4666 267 4722 τοῦ
290 4662 435 4736 Κομνηνοῦ
459 4659 505 4720 καί
528 4659 589 4740 ίερὰ
615 4659 737 4736 σιγιλλια
761 4659 929 4736 άειμνήστων
951 4666 1123 4738 πατριαρχῶν
1143 4659 1365 4720 Κωνσταντινου-
