3160 5292
1262 376 1326 442 269

44 579 169 656 ττρόντος
195 575 244 636 καὶ
269 580 316 638 τοῦ
342 577 493 655 ἀγιωτάτσυ
513 577 682 657 πατριάρχου
705 571 935 655 Ἰερσσολῦμωνσς
963 570 1006 632 ἐπὶ
1034 571 1146 633 συνόδου
1173 573 1243 647 μετά
1265 571 1326 643 τοῦς

42 699 249 778 καθευρεθέντας
282 698 387 770 ἀλλως
420 699 572 778 ἀρχιερεῖς,
606 695 634 758 οἳ
664 694 734 772 ᾖξαν
768 695 812 756 διά
841 715 915 766 τινας
948 693 1086 766 ὑπόθεσεις
1119 692 1247 768 ἐνταῦθα,
1280 690 1326 754 καί

42 819 207 896 όνειδίσαμεν
234 819 313 880 αάτδν
334 821 443 900 πάντες,
471 821 510 891 ὡς
532 817 619 892 αίτίας
641 818 763 898 ἀρχηγόν
786 812 864 897 εἶναι,
891 817 957 876 όποῦ
980 814 1026 876 δέν
1048 814 1151 894 γίνεται
1177 817 1207 874 τό
1233 817 1326 876 κοινό-

43 943 108 1016 βιον·
138 941 188 1003 καὶ
217 944 297 1013 σιίτδς
325 941 427 1020 ἐδέχθη
455 944 518 1021 όρος
545 941 614 1017 μετά
641 940 739 1000 άλῦτου
766 940 922 1020 ἀφορισμσῦ,
945 939 985 998 δτι
1008 939 1093 1010 σῦτως
1115 939 1164 998 οῦκ
1187 937 1235 1017 ἔνι,
1260 936 1327 996 ἀλλ’

43 1063 70 1136 ἐξ
95 1065 166 1140 όλης
195 1068 285 1142 ψυχῆς
315 1064 553 1146 χαριεντιζόμενος
581 1063 720 1140 ῦπεσχέθη
749 1059 796 1122 καί
829 1057 937 1142 ἔστερξε
966 1059 1093 1135 γενέσθαι
1122 1059 1152 1118 τό
1183 1058 1327 1138 κοινόβιον,

43 1187 128 1258 καθὼς
157 1185 194 1264 ἦν
224 1186 270 1246 ἀπ’
297 1187 388 1268 ἀρχῆς
419 1183 467 1246 τιαί
496 1185 589 1258 καθίυς
619 1184 787 1246 διατάττεται
816 1181 864 1244 καί
891 1183 906 1240 ό
932 1183 1004 1254 όοιος
1028 1179 1228 1262 Χριστόδσυλος
1258 1178 1329 1254 μετὰ

43 1308 196 1388 ἀφορισμοῦ,
227 1309 268 1368 διδ
299 1306 345 1368 καί
377 1306 541 1369 ἐπιδέδοται
557 1306 629 1387 αῦτῷ
659 1308 689 1367 τδ
717 1307 803 1387 παρόν
834 1311 882 1381 τῆς
913 1304 983 1380 ἐμῆς
1013 1306 1187 1384 μετριότητος
1213 1303 1330 1382 γράμμα

43 1429 146 1506 κομίσασι
174 1427 223 1490 καί
244 1429 313 1510 πρὸς
334 1427 405 1506 ὑμᾶς
427 1435 460 1512 τη
482 1428 566 1511 λοιπῇ
588 1425 762 1508 ἀδελφότητι,
788 1427 832 1487 ἵνα
853 1426 1005 1508 παροτρῦνῃ
1032 1425 1104 1501 ὑμᾶς
1126 1423 1165 1497 είς
1187 1425 1218 1483 τ“ο
1239 1423 1329 1483 καλόν

41 1550 83 1610 καί
104 1553 253 1632 θεάρεοτον
280 1552 370 1631 ἔργον.
398 1549 445 1610 καί
472 1551 511 1626 μὴ
538 1551 708 1631 ἀμελήοητε,
737 1551 776 1622 ὡς
802 1551 951 1628 φθάσαντες
979 1545 1101 1626 εἴπομεν,
1132 1540 1210 1606 ἀλλά
1232 1543 1330 1622 μηδεὶς

41 1667 84 1732 καί
105 1670 137 1746 ἐξ
158 1673 236 1749 ίιμκῦν
257 1679 311 1733 τῶν
333 1673 460 1752 ἀδελφῶν
484 1669 612 1744 ἐναντίως
633 1678 713 1754 φανῇ,
736 1671 829 1742 καθὼς
850 1669 896 1730 καί
918 1673 965 1730 τοῦ
987 1667 1174 1746 οἰκουμενικσῦ
1194 1669 1329 1748 πατριάρ-

41 1815 89 1872 χου
114 1793 445 1874 Κωνσταντινουπόλεως,
480 1801 527 1856 τοῦ
556 1795 746 1855 ποθεινοτάτου
776 1792 895 1872 ἀδελφοῦ
925 1793 1004 1868 ἡμῶν
1033 1789 1080 1850 καί
1107 1791 1329 1868 συλλτιτουργοῦ,

42 1922 118 1996 κυροῦ
134 1917 282 1998 Ἰερεμίου,
303 1919 334 1976 τό
353 1913 470 1998 γράμμα
489 1915 674 1992 διαλαμβάνει
689 1915 760 1991 μετὰ
781 1915 881 1974 ἀλῦτσυ
904 1909 1060 1994 ἀφορισμοῦ,
1083 1913 1168 1984 σῦτως
1187 1910 1234 1972 καὶ
1248 1912 1330 1987 ἡμεῖς

44 2033 246 2118 ἀποφαινόμεθα
274 2038 304 2099 ἔν
330 2037 401 2118 ἀγίῳ
423 2038 563 2114 πνεύματι.
590 2035 637 2098 καὶ
659 2034 683 2096 εί
707 2038 758 2112 μὲν
785 2035 828 2113 εἴη
850 2057 890 2108 τις
920 2031 951 2108 ἐξ
977 2035 1051 2112 ὑμῶν
1078 2031 1126 2094 καί
1152 2035 1183 2094 οῦ
1209 2031 1330 2093 πείθεται

43 2167 228 2240 καταταγῆναι
252 2158 292 2234 εἰς
314 2161 359 2220 τόν
380 2160 464 2240 χορόν
488 2158 535 2220 καί
558 2157 596 2230 είς
619 2158 724 2220 δίαιταν
745 2161 792 2219 τοῦ
813 2153 956 2238 κοινοβίσυ,
983 2135 1095 2232 λαβέτω
1121 2156 1152 2216 τό
1178 2153 1263 2216 ίδικόν
1285 2173 1332 2214 του

42 2281 86 2344 καὶ
100 2284 164 2343 ὅθεν
182 2281 311 2357 βοόλεται
324 2279 372 2342 καὶ
386 2276 456 2360 οίδε,
480 2282 684 2362 ἀναχωρησάτω
707 2279 754 2340 καὶ
770 2279 839 2340 ἔστω
861 2273 1149 2366 συγ[κε]χωρημένος·
1173 2276 1198 2337 οί
1214 2275 1245 2336 δὲ
1267 2275 1331 2336 λοι-

42 2403 85 2463 ποί
107 2401 225 2484 ἀδελφοὶ
247 2405 406 2480 μενέτωσαν
427 2401 602 2482 κοινσβιᾶται,
626 2404 664 2474 ὡς
687 2402 799 2482 ἔφημεν,
823 2401 894 2462 κατὰ
915 2401 964 2476 τὴν
987 2399 1169 2476 ἀποστολικίγν
1192 2397 1332 2477 διαγωγὴν

43 2525 88 2598 μία
117 2525 195 2603 ψυχὴ
225 2524 271 2586 καί
302 2523 403 2606 καρδία
432 2523 481 2599 μία
511 2521 551 2596 είς
579 2529 632 2584 πᾶν
662 2529 777 2604 πρᾶγμα
807 2523 946 2602 ὠφέλιμον
974 2523 1042 2603 πρός
1071 2522 1101 2582 τό
1128 2521 1261 2601 συμφέρον
1287 2523 1333 2578 τοῦ

43 2647 117 2725 ἀγίου
148 2645 329 2728 μοναστηρίου
358 2645 405 2705 καί
434 2647 502 2726 πρός
529 2643 677 2721 οἰκοδομὴν
703 2651 752 2722 τῆς
779 2644 912 2724 σωτηρίας
938 2650 990 2704 τῶν
1013 2639 1118 2724 ψυχῶν,
1149 2645 1202 2703 όσα
1232 2639 1333 2722 ἐφίεται

42 2767 247 2848 τῷμοναχικῷ
270 2767 472 2848 ἔπαγγέλματι.
504 2765 527 2826 εἰ
550 2766 582 2827 δέ
603 2787 644 2839 τις
667 2765 788 2848 εὑρεθείη
815 2763 862 2826 καὶ
884 2765 1002 2838 ἐναντίος
1028 2769 1098 2846 φανῇ
1124 2763 1171 2824 καί
1197 2763 1334 2842 ἀντιλέγει

42 2889 85 2948 καὶ
117 2890 248 2966 ἐμπαίζει
276 2889 323 2950 καί
353 2888 502 2965 διαβάλλει
530 2888 577 2950 καί
607 2889 701 2970 ῥάπτει
731 2887 843 2969 δόλους,
873 2889 949 2960 όπως
974 2887 1123 2946 νωλῦσειεν
1150 2879 1207 2946 σίον
1237 2887 1333 2965 τρόπον

43 3007 98 3072 σίδε
125 3017 175 3074 τοῦ
202 3013 241 3088 μὴ
263 3013 390 3092 γενέσθαι
415 3014 447 3072 τδ
472 3011 617 3087 κοινόβιον,
645 3009 670 3071 εί
697 3010 747 3087 μὲν
775 3011 955 3091 ίερσμόναχος
978 3007 1036 3090 είη,
1068 3007 1136 3068 ἔστω
1169 3007 1254 3088 ἀργδς
1287 3003 1334 3067 καὶ

44 3137 237 3219 καθρρημένσς
266 3137 355 3212 πάσης
385 3133 573 3217 ἱερσπραξίας,
604 3133 628 3194 εἰ
658 3133 689 3194 δὲ
720 3133 857 3211 μσναχός,
892 3130 1001 3208 ίδιιῦιης
1031 3131 1114 3209 ἔστω,
1149 3128 1334 3208 ἀφωρισμένος

43 3255 87 3316 καὶ
110 3255 169 3331 ἔξω
190 3263 241 3334 τῆς
263 3257 413 3334 ἐκκλησίας
436 3258 551 3338 Χριστοῦ
572 3255 619 3316 καί
640 3258 658 3331 ἠ
683 3255 759 3335 μερὶς
782 3257 861 3315 οιύτσῦ
884 3253 954 3330 μετὰ
974 3256 1021 3313 τσῦ
1044 3250 1144 3313 Ἰούδα.
1171 3248 1218 3310 καί
1240 3251 1334 3310 ἕνεκεν

43 3379 133 3441 τοῦτου
163 3379 268 3460 ἐγράφη
298 3378 345 3440 καὶ
371 3381 401 3440 τό
428 3378 605 3457 οιγιλλιῶδες
631 3381 748 3459 γράμμα
773 3383 823 3454 τῆς
845 3378 924 3452 ἡμῶν
952 3375 1124 3454 μετριότητος
1147 3369 1186 3442 είς
1208 3372 1333 3432 πίστωσιν

44 3500 87 3560 καὶ
110 3500 261 3577 βεβαίωσιν
283 3505 330 3562 τοῦ
351 3500 496 3580 κοινσβίου,
520 3503 594 3573 όπως
621 3500 692 3576 μετὰ
718 3503 800 3559 ταῦτα
826 3496 873 3558 καὶ
901 3499 1046 3588 μετέπειτα
1074 3491 1172 3572 μηδείς
1198 3491 1334 3574 φωραθείη

45 3621 88 3683 καί
113 3624 224 3705 ἀντερεῖ
250 3623 320 3683 κατὰ
346 3626 393 3683 τοῦ
414 3621 549 3696 κοινοβίου
570 3623 601 3681 τδ
623 3623 750 3702 παράπαν
773 3617 820 3680 καὶ
842 3619 1029 3699 βεβαιόνοντα,
1052 3615 1197 3698 ἀγαπητοί,
1219 3617 1250 3676 τδ
1272 3636 1334 3677 κσι·

46 3744 134 3819 νόβισν
162 3745 234 3805 κατὰ
260 3747 306 3805 τὀν
333 3745 396 3825 όρον
421 3745 468 3804 τόν
492 3744 595 3804 ἀνωθεν
624 3741 670 3803 καί
697 3742 795 3802 θέλετε
822 3742 947 3802 ἐκτελεῖν
973 3745 1047 3800 σῶαν
1073 3744 1161 3800 πᾶσαν
1187 3735 1262 3811 τάξιν
1288 3737 1335 3798 καί

46 3869 147 3928 κανόνα
172 3873 223 3944 τῆς
253 3866 428 3943 κοινοβιακῆς
459 3866 599 3945 διαγωγῆς
628 3863 698 3924 κατὰ
727 3864 771 3924 τόν
803 3863 895 3937 τὺπσν,
927 3861 986 3940 ἔχω
1015 3861 1075 3937 ὑμῖν
1107 3861 1336 3942 ουγχωρημένους

46 3987 89 4048 καὶ
116 3989 323 4068 εῦλογημένους
348 3988 421 4068 παρὰ
448 3987 511 4048 θεοῦ
536 3985 763 4066 παντοκράτορος,
790 3978 822 4045 οὗ
847 3987 866 4063 ἠ
888 3986 968 4065 χάρις
994 3981 1041 4044 καί
1066 3983 1097 4042 τδ
1120 3983 1229 4062 άπειρον
1257 3983 1336 4041 αῦτσῦ

48 4110 125 4184 ἔλεος
150 4109 194 4186 εἴη
217 4111 289 4186 μετὰ
309 4112 416 4170 πάντων
438 4109 522 4183 ὑμῶν.
545 4109 628 4184 ἀμην.
652 4107 720 4168 ἔτει
743 4104 836 4189 ,ζτζ’,
861 4106 894 4166 ἐν
917 4103 995 4182 μηνί
1018 4102 1151 4184 μαρτίιρ.
1175 4103 1196 4182 †

149 4234 171 4314 †
195 4231 414 4311 Σίλβεστρος,
438 4231 525 4311 ἐλέῳ
547 4233 623 4291 θεοῦ
643 4232 753 4302 πάσας
782 4227 838 4289 καί
863 4229 1067 4308 πατριάρχης
1094 4231 1152 4302 τῆς
1178 4223 1336 4302 μεγάλης

48 4355 179 4427 τόλεως
201 4351 471 4434 Ἀλεξανδρείας.
494 4355 516 4434 †

150 4483 294 4552 Δτσίιοάμρ.
329 4481 438 4536 membr.
472 4499 532 4536 οιωη
561 4481 650 4550 bulla,
686 4482 715 4534 τ’ττ
744 4497 798 4551 qua
832 4493 959 4546 οσρτσσσα
988 4483 1026 4529 σαί
1054 4475 1144 4545 ι’τααμο
1174 4473 1204 4530 S.
1232 4474 1334 4528 Marci.

50 4587 122 4642 flor.
140 4587 183 4642 ΙΙ.
206 4604 257 4642 mo
273 4589 323 4642 44.
