3162 5278
258 349 322 414 302

258 549 328 626 μονῇ
358 542 450 624 ταῦτῃ,
478 540 586 616 ἀλλ’ἢ
615 541 696 613 μόνον
726 538 774 613 τὴν
805 537 941 618 ἀναφορὰν
967 541 1014 597 τοῦ
1041 535 1140 598 οἰκείου
1168 537 1301 612 ὀνόματος
1330 535 1359 594 έν
1385 537 1447 606 ταῖς
1473 534 1554 606 θείαις

258 663 433 732 ἀκολουθίαις
460 661 506 721 καί
528 663 558 720 τό
583 659 697 738 έτησίως
720 659 902 740 ἐπικρατῆσαι
927 657 1048 720 δίδοσθαι
1075 664 1108 742 τῆ
1131 659 1193 718 καθ’
1216 660 1290 734 ἡμᾶς
1313 657 1428 739 μεγάλῃ
1452 657 1554 732 ἐκκλη-

259 784 304 867 σίᾳ
336 785 475 862 ὑποταγῆς
509 785 591 843 ἕνεκα
625 780 672 842 καὶ
704 781 774 842 κατὰ
807 784 896 842 πάντα
933 783 1024 857 μένειν
1056 781 1138 856 αὐτὴν
1168 781 1296 856 δηλονότι
1328 780 1477 860 ἐλευθέραν
1512 777 1554 838 καὶ

258 907 346 965 πάντα
365 905 400 964 τά
414 905 497 980 αὐτῆς
518 905 652 984 πρσνόμια
675 904 809 980 ἀλώβητα
830 902 878 964 καὶ
902 904 1088 984 ἀπαράπτωτα
1110 900 1150 976 είς
1172 903 1203 962 τό
1225 903 1383 982 μετέπειτα,
1407 901 1555 976 ἐδεήθησαν

258 1028 321 1088 λίαν
343 1027 642 1108 προσεπιβεβαιωθῆναι
665 1025 711 1087 καὶ
732 1025 797 1108 παρ’
814 1026 893 1105 ἡμῶν
915 1028 950 1087 τὰ
973 1027 1156 1107 διαληφθέντα
1175 1027 1359 1105 ὑπομνήματα
1375 1025 1409 1086 δι’
1425 1027 1554 1102 ῆμετέρσυ

259 1153 391 1232 νεωτέρου
422 1149 586 1231 γράμματος
616 1150 655 1222 εἰς
686 1151 912 1232 ἐπικρατεστέραν
946 1139 1107 1230 ἀσφάλειαν.
1141 1151 1233 1211 τοῦτου
1265 1152 1346 1230 χάριν
1375 1149 1424 1223 τῆν
1459 1146 1554 1220 αἴτησιν

259 1274 346 1333 αὐτῶν
374 1275 412 1345 ὡς
436 1271 551 1351 εὔλογον
574 1271 654 1333 οὖσαν
680 1271 727 1333 καί
756 1273 847 1349 ἔθιμον
873 1274 1081 1355 προσηκάμεθα,
1107 1271 1147 1351 τῷ
1175 1273 1230 1333 ἔθει
1257 1277 1306 1348 τῆς
1334 1269 1485 1345 ἐκκλησίας
1510 1267 1554 1328 καὶ

258 1399 304 1455 τοῦ
327 1396 388 1454 καθ’
409 1395 483 1470 ἡμᾶς
506 1392 692 1470 οίκουμενικοῦ
715 1395 809 1475 θρόνου
831 1397 1023 1474 προσηκόντως
1045 1397 1185 1475 χρώμενοι
1207 1395 1347 1474 γράφομεν
1369 1389 1416 1451 καὶ
1440 1391 1554 1468 ἀποφυσ-

258 1519 362 1594 νόμεθα
382 1516 540 1592 συνοδικιῦς,
565 1516 610 1576 ἵνα
631 1519 719 1576 πάντα
741 1517 792 1592 μὲν
814 1517 847 1578 τά
868 1519 1025 1598 παλαιγενῆ
1048 1515 1096 1577 καί
1118 1516 1221 1596 ἀρχαῖα
1244 1516 1378 1596 έγγραφα,
1402 1512 1458 1573 εἴτε
1475 1515 1554 1572 σεπτά

258 1659 326 1720 φημι
355 1644 409 1700 τῶν
437 1639 556 1715 εῦσεβῶν
584 1638 721 1712 βασιλέων
748 1639 953 1721 χρυσόβουλλα,
981 1639 1037 1699 εἴτε
1062 1637 1247 1719 πατριαρχικά
1274 1635 1438 1713 σιγιλλιιίιδη
1465 1636 1553 1716 γράμ-

260 1781 333 1836 ματα
354 1767 408 1821 τῶν
430 1757 502 1821 κατὰ
524 1761 633 1842 καιροὶις
656 1760 786 1838 ἀοιδίμων
809 1767 994 1844 πατριαρχῶν,
1022 1764 1124 1842 ὅσαπερ
1152 1761 1262 1841 ἐγένετο
1289 1760 1341 1840 πρό
1363 1759 1471 1839 χρόνων
1494 1757 1553 1835 ὑπὲρ

259 1886 305 1942 τοῦ
325 1881 398 1964 ίεροῦ
416 1884 508 1943 τοίιτου
531 1879 720 1965 μοναστηρίου,
744 1882 780 1944 δι’
795 1878 832 1944 ὧν
857 1882 1009 1965 δεδώρηται
1033 1881 1104 1962 αὐτῷ
1126 1882 1161 1942 τίι
1183 1883 1233 1942 ὅσα
1255 1883 1393 1961 περιφέρει
1413 1879 1552 1961 προκόμια,

259 2003 332 2063 καθά
357 2007 531 2085 περιέχονται
555 2007 610 2076 τοῖς
632 2007 799 2086 γράμμασιν,
825 2005 910 2082 ἔχωσι
932 2007 963 2065 τό
985 2010 1066 2085 κῦρος
1088 2003 1135 2064 καί
1156 2005 1206 2080 τῆν
1229 2001 1304 2082 ίσχθν
1327 2001 1374 2062 καί
1397 2001 1572 2077 διαμένωσιν,

261 2124 291 2196 ἐς
310 2122 353 2182 ἀεὶ
373 2125 473 2200 βέβαια
492 2124 539 2184 καὶ
561 2127 662 2201 μόνιμα
683 2124 731 2186 καὶ
754 2120 934 2202 ἀδιαλώβητα
957 2125 1003 2186 καὶ
1027 2125 1260 2207 ἀπαρεγχείρητα,
1284 2127 1302 2200 ἡ
1326 2124 1358 2184 δέ
1382 2123 1554 2201 διαληφθεῖσα

261 2246 330 2321 μονῆ
358 2249 416 2322 όίμα
442 2254 476 2330 τῇ
503 2250 577 2326 νήσῳ
601 2249 705 2328 Πάτμῳ
732 2248 779 2308 καὶ
805 2251 862 2320 τοῖς
889 2249 961 2308 κατὰ
987 2251 1067 2310 τόπον
1091 2249 1292 2329 εὑρισκομένοις
1315 2243 1456 2324 μετοχίοις
1478 2247 1555 2319 αὐτῆς

260 2367 306 2427 σθν
333 2374 399 2428 πάσι
424 2371 481 2440 τοῖς
508 2369 702 2449 ἀφιερωμένοις
730 2371 796 2451 αὐτῇ
823 2369 870 2430 καί
896 2374 953 2444 τοῖς
980 2373 1126 2447 μετέπειτα
1153 2369 1416 2451 ἀφιερωθησομένοις
1442 2369 1555 2441 κτήμασι

259 2487 306 2548 καί
324 2492 466 2570 πράγμασι
485 2493 605 2566 κινητοῑς
620 2511 651 2550 τε
672 2489 720 2550 καὶ
741 2492 878 2566 ἀκινήτοις
899 2491 941 2569 είη
964 2491 1011 2552 καὶ
1032 2491 1155 2567 διαμένοι
1178 2493 1217 2564 ὡς
1240 2490 1370 2567 βασιλικὴ
1392 2486 1441 2548 καὶ
1462 2507 1572 2578 πατρι-Ὶ

260 2611 360 2690 αρχικὴ
391 2610 437 2670 καὶ
465 2617 728 2694 σταυροπηγιοικική,
758 2615 906 2690 αῦτόνομος
932 2613 978 2674 καί
1002 2614 1201 2684 αῑποδέσπστος
1224 2612 1425 2691 ἀνενόχλητσς,
1453 2611 1572 2672 ἄποτα-ι

258 2733 392 2810 τάπητος,
423 2733 552 2803 ἀσθδοτσς
584 2732 631 2794 καί
661 2735 736 2807 όλως
764 2735 969 2811 ἀκαταζήτητσς
998 2735 1073 2816 παρά
1101 2737 1201 2805 παντδς
1232 2737 1376 2815 προσώπου
1407 2731 1572 2810 ἐκκλησιαη

260 2855 349 2913 στικοῦ
372 2852 418 2913 καί
437 2855 546 2935 λαϊκοῦ,
570 2855 668 2932 μηδενί
692 2856 778 2933 μηδὲν
802 2856 945 2936 όφειλουσα
967 2859 1110 2936 παρέχειν,
1134 2855 1159 2916 εί
1179 2857 1217 2933 μὴ
1237 2858 1268 2915 τδ
1289 2857 1471 2935 έπιιιρατῆσαν
1493 2853 1572 2928 ἐση-

260 2975 324 3048 σίως
349 2982 382 3059 τῇ
405 2978 467 3036 καθ’
488 2979 562 3054 ἡμᾶς
590 2977 703 3062 μεγάλῃ
729 2983 775 3038 τοῦ
798 2980 913 3060 Χριστοῦ
939 2978 1083 3062 ἐκκλησίᾳ,
1108 2977 1331 3054 μνημονευόντων
1359 2982 1412 3036 τῶν
1440 2976 1468 3035 έν
1493 2975 1572 3052 αῦτη

259 3092 434 3173 ἀσκουμένων
462 3099 506 3159 διὰ
531 3101 631 3172 παντός
658 3103 704 3160 τοῦ
730 3104 925 3180 πατριαρχικοῦ
948 3101 1082 3175 όνόματος
1108 3097 1155 3160 καὶ
1183 3099 1331 3178 διαγόντων
1355 3097 1490 3176 θεοφιλῶς
1511 3092 1572 3154 ml}

259 3217 415 3298 εἰρηνικῶς,
438 3221 456 3297 ἡ
480 3219 511 3280 δέ
536 3220 642 3299 έκλογῆ
665 3225 711 3280 τοῦ
733 3223 886 3300 ἡγουμένου
908 3219 954 3281 καὶ
976 3221 1077 3301 ἵδρυσις
1099 3222 1212 3300 γένηται
1235 3221 1278 3278 ὑπ’
1302 3221 1400 3301 αθτῶν,
1428 3220 1467 3290 ὡς
1490 3215 1572 3277 ezei-1

259 3340 371 3422 ληπται,
394 3339 441 3401 καί
460 3341 509 3412 τάς
527 3341 696 3422 χειροτονίας
717 3343 816 3421 ἔχωσιν
837 3343 930 3403 άδειαν
945 3347 1041 3423 ποιεῖν,
1065 3345 1130 3424 παρ’
1147 3336 1178 3403 οὗ
1197 3345 1230 3401 ἀν
1254 3341 1385 3402 ἐθέλωσιν
1407 3340 1550 3420 ἀρχιερέως
1571 3375 1572 3412 3

259 3463 500 3542 προσκαλουμένου
522 3463 566 3524 ἀπ’
583 3467 669 3525 αῦτιῦν
692 3463 740 3525 καὶ
761 3465 811 3538 τάς
834 3464 1033 3544 ἱερατελεστίας
1058 3465 1235 3536 ἐκτελοῦντες
1256 3463 1330 3540 πλὴν
1352 3469 1403 3540 τῆς
1425 3465 1472 3522 τοῦ
1487 3461 1549 3541 ἱεροῦ
1571 3513 1572 3540 3

261 3584 402 3664 συνθρόνου
430 3586 657 3668 έγκαθιδρῦσεως.
690 3586 736 3647 καὶ
764 3586 789 3648 οἱ
816 3588 866 3664 μὲν
894 3587 1011 3666 μοναχοί
1038 3589 1238 3648 ὑπστάσσωνται
1265 3585 1304 3664 τῷ
1332 3583 1390 3664 ἰδίῳ
1418 3586 1548 3660 καθηγου-

261 3707 334 3784 μένῳ
357 3702 428 3766 κατά
447 3707 495 3782 τῆν
512 3709 695 3786 ἀποστολικῆν
718 3709 833 3784 ἐντολὴν
856 3715 1060 3790 οεμνοπρεπῶς,
1085 3709 1152 3768 όδέ
1173 3715 1222 3786 τῆς
1245 3714 1363 3788 ψυχικῆς
1387 3709 1475 3767 αθτῶν
1497 3705 1549 3764 ἐτι-

261 3827 380 3904 μελῆται
407 3829 554 3910 σωτηρίας,
583 3831 621 3902 ὡς
647 3833 809 3904 νενόμισται.
839 3831 869 3902 ός
897 3831 923 3890 δ’
938 3831 971 3890 ἀν
995 3832 1045 3908 όψέ
1067 3853 1134 3891 ποτε
1157 3829 1306 3907 βουληθείη
1333 3830 1384 3901 τόις
1411 3830 1548 3907 ἀποφάσεις

261 3949 409 4032 ἀνατρέψαι
430 3955 483 4010 τῶν
506 3953 683 4031 παλαιγενῶν
704 3955 874 4033 γραμμάτων
903 3954 988 4012 αῦτιῦν
1016 3953 1063 4014 καὶ
1092 3952 1130 4026 εἰς
1154 3952 1282 4014 δουλείαν
1304 3953 1363 4013 τινά
1389 3951 1572 4028 καταγαγεῖν

260 4074 290 4131 τό
318 4074 552 4153 σταυρσιτηγιακόν
582 4073 646 4132 αθτό
674 4075 852 4153 μονασιῆριον
879 4077 898 4150 ῆ
924 4075 980 4146 τοῖς
1012 4075 1040 4135 έν
1064 4073 1135 4152 αθτῴ
1164 4077 1307 4151 μονάζουσι
1335 4073 1511 4153 διενοχλῆσαι
1534 4072 1547 4140 ῆ

260 4194 433 4274 καθαρπάσαι
455 4215 479 4254 τι
506 4199 559 4254 τῶν
586 4195 778 4276 ἀφιερωμένων
802 4193 874 4274 αὐτῷ
900 4195 947 4256 καί
970 4199 1026 4269 τοῖς
1046 4197 1184 4275 μετοχίοις
1208 4198 1287 4257 αὺτοῦ
1309 4199 1326 4272 ἢ
1351 4198 1465 4273 ζητῆσαι
1486 4192 1546 4254 πολὺ

260 4317 278 4390 ῆ
302 4313 396 4394 ἀλίγον
424 4316 595 4395 νοσφίσασθαι
621 4317 666 4378 καί
695 4318 794 4394 ζημίαν
817 4317 877 4378 τινά
905 4316 1103 4399 διαπράξασθαι
1127 4319 1230 4398 αὐτοῖς,
1262 4319 1276 4377 ό
1298 4322 1418 4389 τοιοῦτος
1440 4322 1484 4377 τοῦ
1506 4315 1546 4391 μὲν
1571 4333 1572 4404 γ

260 4433 333 4515 ἱεροῦ
355 4437 512 4516 καταλόγου
535 4441 572 4500 ὢν
595 4439 680 4520 ἀργός
703 4438 745 4515 εἴη
772 4441 863 4514 πάσης
885 4440 1078 4520 ἀρχιερατικῆς
1106 4437 1152 4500 καί
1179 4439 1317 4521 ἱερατικῆς
1345 4440 1486 4520 ἐνεργείας
1509 4434 1546 4495 καί

260 4555 377 4636 τάξεως,
406 4567 580 4639 καταφρονῶν
611 4559 642 4618 δέ
672 4559 719 4621 καί
746 4561 931 4642 ἀφωρισμένος
958 4563 1011 4623 ἀπό
1039 4563 1112 4645 θεοῦ,
1142 4564 1180 4634 ὡς
1207 4560 1335 4635 ὑπόδικος
1364 4567 1398 4644 τῆ
1429 4561 1546 4621 παντελεῖ

261 4679 426 4757 καθαιρέσει,
449 4687 495 4740 τοῦ
514 4681 613 4740 λαϊκσῦ
629 4681 660 4740 δέ
679 4685 697 4755 ἢ
719 4681 767 4742 καὶ
790 4683 947 4764 μοναδικοίι,
971 4685 1157 4766 ἀφωρισμένος
1180 4685 1233 4742 ἀπό
1256 4686 1318 4744 θεοῦ
1341 4684 1432 4763 κυρίου
1455 4701 1544 4743 παντο·
1571 4643 1572 4720 ί
