3186 5286
1270 371 1331 436 397

145 563 253 613 1881881.
272 563 355 614 chart.
384 563 414 614 Δ.
433 564 464 614 Τ.
484 579 545 614 cum
564 564 654 629 sigillo
672 566 791 630 maglstri
810 565 945 630 generalis
962 568 990 616 tn
1009 581 1073 617 8888
1091 568 1168 632 nigra
1186 567 1220 616 de
1238 565 1334 616 Ambo·

54 651 91 700 su
104 650 133 700 0.
146 651 234 714 Rayet
244 649 351 714 (Bevus
363 648 572 716 d’hrchdologie.
588 651 675 704 Nouv.
688 649 772 718 Sdrie,
783 649 871 702 88868
883 651 956 714 xlv,
968 651 1021 701 vol.
1035 652 1118 714 XXV,
1137 668 1161 718 p.
1175 654 1334 718 aea-234).

222 901 280 966 IX.
306 899 531 985 7017-1508,
555 901 584 967 8.
609 905 727 967 mensis
751 901 933 968 decembris
955 901 1032 990 [ind.
1056 901 1144 991 xm.

51 1042 177 1092 Emericus
195 1043 228 1092 de
247 1043 381 1106 Ambosis,
404 1057 517 1108 magnus
541 1045 667 1108 magister
692 1043 840 1108 Hospitalis
861 1043 953 1094 Sancti
972 1044 1089 1108 Ioannis,
1113 1050 1188 1096 vetat
1210 1043 1333 1096 sodalitio

283 1129 417 1180 subiectos
436 1135 463 1180 et
482 1132 578 1180 nautas
596 1132 655 1180 eius
673 1129 799 1181 damnum
818 1131 908 1181 lacere
927 1133 1096 1182 monasterio.

144 1273 251 1332 Frater
265 1275 420 1332 Emericns
435 1275 626 1352 d'llmboysc,
650 1276 708 1334 Dei
728 1276 824 1350 gratia
838 1295 919 1334 sacre
936 1277 1039 1334 domus
1054 1276 1219 1354 Hospitalis
1234 1275 1335 1334 Sancti

51 1379 160 1438 loannis
183 1380 440 1459 hierosolymitani
464 1381 604 1456 magister
626 1381 749 1440 humilis
771 1401 992 1460 pauperumque
1012 1383 1081 1440 Iesu
1096 1382 1207 1440 Christi
1227 1387 1334 1452 custos,

50 1485 186 1542 universis
206 1491 237 1544 et
256 1485 379 1560 singulis
398 1486 569 1544 huiusmodi
593 1491 705 1544 nostras
725 1487 827 1546 literas
849 1486 967 1558 visuris,
992 1487 1138 1544 audituris
1161 1491 1192 1544 et
1214 1486 1335 1544 lecturis

49 1591 164 1648 salutem
190 1591 223 1648 in
246 1591 365 1648 domino
388 1591 607 1668 sempiternam.
632 1593 757 1650 Facemo
780 1599 860 1664 noto,
884 1593 939 1650 che
961 1593 1010 1650 noi
1034 1611 1138 1652 avemo
1162 1591 1194 1650 in
1216 1590 1335 1669 speciali

49 1696 263 1754 comendatione
290 1702 321 1754 et
348 1697 532 1772 protect-ione
562 1697 590 1754 lo
621 1698 798 1754 monasterio
833 1697 864 1754 di
895 1699 1002 1754 Sancto
1025 1697 1108 1754 Ieaui
1142 1697 1173 1754 di
1196 1688 1334 1778 P[atmo]‚

48 1800 72 1854 lo
92 1819 224 1874 gomano,
252 1801 399 1872 monachi,
429 1801 525 1858 insula
552 1807 582 1858 ct
609 1801 686 1858 lechi
710 1807 742 1858 et
764 1801 878 1860 homini
901 1801 932 1858 di
956 1803 1055 1879 quello
1077 1807 1108 1858 et
1130 1805 1266 1878 portanto
1289 1819 1335 1858 co-

49 1905 197 1963 nandemo
217 1909 424 1964 strettamente
440 1925 457 1963 a
473 1905 545 1964 tutti
569 1905 663 1964 nostri
687 1905 797 1964 subditi
821 1911 852 1963 et
873 1905 990 1964 vassalli
1014 1905 1167 1981 naviganti
1189 1925 1243 1964 con
1267 1906 1336 1984 qual

47 2009 90 2065 voi
105 2010 244 2086 naviglio,
268 2012 323 2069 che
344 2029 401 2069 non
425 2011 516 2082 esino,
543 2008 579 2068 nh
603 2012 771 2088 presumino
794 2013 856 2069 fare
879 2013 976 2069 denno
999 2029 1016 2068 8
1039 2011 1175 2070 molestia
1190 2031 1207 2070 a
1221 2011 1250 2068 le
1269 2029 1335 2068 cose

47 2113 73 2170 di
96 2115 175 2174 dicto
203 2115 383 2174 monasterio
406 2120 437 2173 et
458 2115 537 2172 loohi
561 2115 591 2174 di
616 2117 723 2193 quello,
753 2111 791 2172 nd
822 2115 938 2192 pilliare
968 2117 1073 2174 alcuna
1102 2121 1180 2173 sorte
1208 2116 1239 2173 di
1265 2117 1337 2174 roba

46 2225 115 2276 sotto
138 2219 207 2296 qual
231 2219 281 2278 voi
305 2225 443 2296 pretextu
466 2239 483 2276 o
506 2221 612 2291 colore,
637 2219 726 2278 immo
748 2221 863 2279 volcmo
879 2221 933 2278 che
949 2219 1127 2294 reguardino
1143 2227 1174 2278 ct
1188 2221 1250 2278 loro
1265 2223 1335 2278 robe

46 2324 170 2382 attechi
192 2343 275 2383 corne
298 2325 323 2382 si
346 2326 464 2382 fusseno
486 2325 579 2382 nostri
603 2325 719 2384 vassalli
742 2331 774 2384 ct
796 2326 892 2384 inuria
913 2326 945 2384 di
968 2325 1083 2396 Rhodo,
1108 2329 1139 2384 et
1161 2325 1284 2384 lacendo
1306 2327 1335 2382 lo

46 2427 186 2486 contrario
209 2435 241 2485 et
263 2430 452 2504 pervenendo
474 2431 531 2488 alla
553 2421 685 2510 n[otitia]
709 2435 816 2501 nostra,
847 2431 959 2488 faremo
982 2435 1083 2488 contra
1104 2429 1127 2488 li
1150 2429 1335 2508 delinquenti

47 2533 206 2606 procedere,
238 2551 321 2592 come
351 2539 452 2592 contra
482 2534 585 2592 rebelli
613 2541 645 2592 ct
674 2535 871 2594 disobedienti
903 2535 980 2592 ultra
1002 2535 1030 2592 la
1052 2534 1241 2594 restitutione
1264 2534 1336 2592 delli

47 2636 129 2694 dauni
152 2643 184 2696 et
206 2637 354 2697 interessi.
388 2640 426 2696 In
449 2638 533 2698 cuius
562 2638 606 2696 rei
636 2639 841 2698 testimonium
871 2640 951 2698 bulla
977 2643 1077 2698 nostra
1102 2639 1282 2714 magistralis
1304 2639 1336 2696 in

49 2757 110 2798 cera
131 2742 217 2818 nigra
240 2743 425 2818 presentibus
448 2749 492 2802 eet
515 2743 665 2820 impressa.
701 2745 828 2802 Datum
851 2744 977 2814 Rhodi,
1009 2743 1067 2802 die
1089 2744 1178 2802 VIII.
1202 2744 1336 2802 decem-

48 2845 115 2902 bris
132 2850 225 2906 1508.

144 2969 351 3042 Registrata
373 2967 408 3025 in
431 2969 658 3028 cancellaria.

576 3091 695 3149 Barth.
720 3090 935 3162 Policianus,
959 3089 1290 3149 vicecancellarius.

144 3225 222 3275 Arch.
242 3223 404 3276 8188818888
424 3225 512 3291 sigillo
532 3227 652 3293 magistri
670 3225 804 3292 generalis
822 3241 839 3276 a
857 3231 941 3292 tergo.
961 3225 992 3278 Ο.
1012 3227 1107 3292 Rayet,
1126 3242 1151 3292 p.
1171 3228 1230 3276 234.

270 3459 313 3525 X.
338 3458 564 3544 7018-1510,
587 3459 635 3524 11.
658 3461 778 3526 mensis
799 3463 875 3526 maii
899 3459 974 3548 [ind.
998 3459 1105 3550 XIII].

45 3599 132 3648 Abhas
150 3602 306 3650 monasterii
328 3605 405 3666 rogat
427 3602 583 3666 magistrum
606 3601 759 3666 generalem
778 3601 927 3666 Hospitalis
945 3601 1038 3652 Sancti
1056 3602 1173 3664 1888818,
1191 3601 1335 3668 hierosoly-

45 3689 144 3749 mitani,
162 3693 194 3738 ut
211 3687 322 3740 adiuvet
338 3691 527 3740 recentarium
541 3690 569 3738 iu
583 3691 724 3740 coactione
742 3689 929 3753 hereditatum,
947 3704 1014 3756 quas
1032 3689 1140 3756 quidam
1160 3689 1253 3742 fideles
1270 3696 1336 3742 tem·

393 3790 457 3842 pore
469 3776 639 3842 pestilentiae
657 3776 823 3842 reliquerant
842 3777 978 3828 coenobio.

146 3905 175 3960 Α
196 3904 229 3960 18
251 3904 369 3962 neve·
390 3903 420 3962 S.
437 3904 478 3962 de
500 3923 562 3962 mo.
586 3903 615 3961 S.
640 3903 718 3974 lim,
741 3905 773 3961 lo
796 3922 881 3978 gran
904 3903 1077 3979 Magistro
1100 3903 1135 3960 di
1158 3904 1256 3962 Rode
1279 3909 1335 3962 818.

146 4008 350 4066 Humilmente
378 4013 568 4085 rappreseuta
593 4027 611 4066 8
632 4009 669 4068 V.
693 4010 729 4068 n.
754 4009 783 4067 S.
807 4010 836 4066 lo
862 4027 993 4082 guserno
1023 4009 1071 4066 del
1098 4007 1276 4066 monasterio
1299 4009 1337 4066 de

44 4113 616 4189 8881181888(18Ρ8188888888888888
639 4116 676 4172 de
699 4133 751 4172 sua
773 4113 889 4186 eclesia,
913 4115 981 4171 818
1003 4114 1072 4190 qual
1094 4114 1143 4170 nel
1165 4117 1265 4189 tempo
1288 4114 1336 4170 del

44 4219 145 4274 morbo
167 4217 264 4274 alcuni
288 4217 388 4276 devoti
412 4217 565 4274 christiani
590 4237 643 4292 per
665 4237 716 4274 sno
739 4222 915 4286 testamento
942 4218 1021 4276 hano
1047 4219 1153 4275 lassato
1175 4218 1272 4276 alcuni
1295 4219 1336 4275 le·

43 4321 111 4394 gali,
136 4321 157 4378 li
183 4321 262 4398 quali
287 4321 399 4396 perfino
420 4321 448 4378 al
470 4325 607 4396 presente
630 4339 688 4378 non
710 4321 735 4378 si
759 4339 850 4378 sonno
872 4322 971 4379 acossi.
995 4321 1020 4378 E
1043 4318 1143 4396 percit)
1165 4323 1288 4380 essendo
1308 4323 1337 4380 lo

44 4425 221 4484 monasterio
236 4426 268 4483 in
282 4427 386 4483 alonna
402 4421 555 4495 necessita,
571 4425 708 4484 havendo
724 4417 825 4506 dal[la]
841 4445 893 4482 sna
907 4431 990 4500 parte
1006 4425 1136 4496 rimasse,
1160 4427 1199 4483 he
1227 4432 1337 4486 venato

43 4553 59 4589 8
80 4551 219 4592 resoover
239 4550 336 4608 enque
359 4535 479 4607 questo:
502 4535 641 4606 portanto
663 4531 796 4608 supplica
817 4549 835 4588 a
853 4532 888 4588 V.
912 4531 949 4588 R.
973 4529 1002 4588 S.
1026 4531 1113 4606 vegla
1135 4531 1211 4588 darli
1234 4531 1262 4589 81
1285 4551 1337 4588 888

43 4638 145 4697 favore
167 4655 185 4693 8
206 4637 312 4693 branae
334 4655 387 4711 per
408 4641 510 4711 potere
530 4653 584 4693 888
600 4636 694 4693 maior
710 4633 832 4694 celeritd
847 4641 878 4694 ot
893 4635 1084 4712 expeditione
1099 4635 1230 4696 risoover
1245 4637 1336 4713 quelli

45 4741 107 4800 ochi
135 4741 212 4808 lassi,
237 4759 307 4796 sono
330 4741 398 4797 dalli
423 4739 526 4797 heredi
550 4741 588 4798 de
611 4741 632 4796 li
656 4741 790 4798 testatori
815 4740 845 4796 in
868 4739 1025 4815 refrigerio
1041 4741 1078 4798 de
1098 4741 1126 4798 le
1146 4740 1244 4798 anime
1264 4743 1335 4813 loro,
