<?xml version="1.0" encoding="UTF-8"?>
<!DOCTYPE html PUBLIC "-//W3C//DTD XHTML 1.0 Transitional//EN"
    "http://www.w3.org/TR/xhtml1/DTD/xhtml1-transitional.dtd">
<html xmlns="http://www.w3.org/1999/xhtml" xml:lang="en" lang="en">
 <head>
  <title>
</title>
<meta http-equiv="Content-Type" content="text/html;charset=utf-8" />
  <meta name='ocr-system' content='tesseract 3.04.00' />
  <meta name='ocr-capabilities' content='ocr_page ocr_carea ocr_par ocr_line ocrx_word'/>
</head>
<body>
  <div class='ocr_page' id='page_1' title='image "./actaetdiplomata02miklgoog_0352.png"; bbox 0 0 3162 5278; ppageno 0'>
   <div class='ocr_carea' id='block_1_1' title="bbox 1257 319 1319 385">
    <p class='ocr_par' dir='ltr' id='par_1_1' title="bbox 1257 319 1319 385">
     <span class='ocr_line' id='line_1_1' title="bbox 1257 319 1319 385; baseline -0.016 0"><span class='ocrx_word' id='word_1_1' title='bbox 1257 319 1319 385; x_wconf 75' lang='lat'>337</span> 
     </span>
    </p>
   </div>
   <div class='ocr_carea' id='block_1_2' title="bbox 24 505 1326 4116">
    <p class='ocr_par' dir='ltr' id='par_1_2' title="bbox 24 505 1326 4116">
     <span class='ocr_line' id='line_1_2' title="bbox 25 505 1319 594; baseline 0.005 -25"><span class='ocrx_word' id='word_1_2' title='bbox 25 517 65 570; x_wconf 84' lang='grc' dir='ltr'>τοῦ</span> <span class='ocrx_word' id='word_1_3' title='bbox 87 505 229 590; x_wconf 78' lang='grc' dir='ltr'>ἀνθρώπου</span> <span class='ocrx_word' id='word_1_4' title='bbox 252 509 284 570; x_wconf 83' lang='grc' dir='ltr'>ἐκ</span> <span class='ocrx_word' id='word_1_5' title='bbox 306 515 352 572; x_wconf 86' lang='grc' dir='ltr'>τοῦ</span> <span class='ocrx_word' id='word_1_6' title='bbox 373 511 486 584; x_wconf 86' lang='grc' dir='ltr'>σκότους</span> <span class='ocrx_word' id='word_1_7' title='bbox 507 517 558 588; x_wconf 78' lang='grc' dir='ltr'>τῆς</span> <span class='ocrx_word' id='word_1_8' title='bbox 580 513 716 589; x_wconf 88' lang='grc' dir='ltr'>ἀμσθείας</span> <span class='ocrx_word' id='word_1_9' title='bbox 737 514 805 594; x_wconf 84' lang='grc' dir='ltr'>πρδς</span> <span class='ocrx_word' id='word_1_10' title='bbox 828 515 858 574; x_wconf 75' lang='grc' dir='ltr'>τ“σ</span> <span class='ocrx_word' id='word_1_11' title='bbox 881 518 931 590; x_wconf 83' lang='grc' dir='ltr'>τῆς</span> <span class='ocrx_word' id='word_1_12' title='bbox 954 513 1088 590; x_wconf 79' lang='grc' dir='ltr'><strong>ἀληθείας</strong></span> <span class='ocrx_word' id='word_1_13' title='bbox 1109 520 1166 594; x_wconf 88' lang='grc' dir='ltr'>φώς</span> <span class='ocrx_word' id='word_1_14' title='bbox 1189 512 1319 590; x_wconf 84' lang='grc' dir='ltr'>διαβιβά-</span> 
     </span>
     <span class='ocr_line' id='line_1_3' title="bbox 25 631 1320 715; baseline 0.003 -23"><span class='ocrx_word' id='word_1_15' title='bbox 25 636 101 706; x_wconf 74' lang='grc' dir='ltr'>ζουσά</span> <span class='ocrx_word' id='word_1_16' title='bbox 128 653 159 692; x_wconf 90' lang='grc' dir='ltr'>τε</span> <span class='ocrx_word' id='word_1_17' title='bbox 188 631 235 692; x_wconf 89' lang='grc' dir='ltr'>καὶ</span> <span class='ocrx_word' id='word_1_18' title='bbox 264 631 427 713; x_wconf 76' lang='grc' dir='ltr'>ρυθμίζουσα</span> <span class='ocrx_word' id='word_1_19' title='bbox 456 633 503 694; x_wconf 89' lang='grc' dir='ltr'>καί</span> <span class='ocrx_word' id='word_1_20' title='bbox 534 634 730 696; x_wconf 83' lang='grc' dir='ltr'>ἐκπαιδεῦσυσα</span> <span class='ocrx_word' id='word_1_21' title='bbox 759 633 807 694; x_wconf 88' lang='grc' dir='ltr'>καί</span> <span class='ocrx_word' id='word_1_22' title='bbox 833 635 890 706; x_wconf 91' lang='grc' dir='ltr'>τοῖς</span> <span class='ocrx_word' id='word_1_23' title='bbox 917 637 1091 715; x_wconf 78' lang='grc' dir='ltr'>ὡραιοτάτοις</span> <span class='ocrx_word' id='word_1_24' title='bbox 1119 637 1201 712; x_wconf 74' lang='grc' dir='ltr'>αῦτῦς</span> <span class='ocrx_word' id='word_1_25' title='bbox 1229 636 1320 696; x_wconf 87' lang='grc' dir='ltr'>άνθεσι</span> 
     </span>
     <span class='ocr_line' id='line_1_4' title="bbox 24 750 1320 838; baseline 0.003 -25"><span class='ocrx_word' id='word_1_26' title='bbox 24 759 229 830; x_wconf 67' lang='grc' dir='ltr'>κατακοσμοῦσα</span> <span class='ocrx_word' id='word_1_27' title='bbox 252 754 299 814; x_wconf 85' lang='grc' dir='ltr'>καί</span> <span class='ocrx_word' id='word_1_28' title='bbox 321 750 528 836; x_wconf 83' lang='grc' dir='ltr'>καθωραίζουοα</span> <span class='ocrx_word' id='word_1_29' title='bbox 549 755 595 816; x_wconf 89' lang='grc' dir='ltr'>καὶ</span> <span class='ocrx_word' id='word_1_30' title='bbox 617 756 656 835; x_wconf 81' lang='grc' dir='ltr'>τῷ</span> <span class='ocrx_word' id='word_1_31' title='bbox 680 757 821 838; x_wconf 80' lang='grc' dir='ltr'>ἀκροτάτῳ</span> <span class='ocrx_word' id='word_1_32' title='bbox 844 756 890 817; x_wconf 88' lang='grc' dir='ltr'>καί</span> <span class='ocrx_word' id='word_1_33' title='bbox 913 758 1098 838; x_wconf 69' lang='grc' dir='ltr'>καθαρωτάτῳ</span> <span class='ocrx_word' id='word_1_34' title='bbox 1120 755 1167 816; x_wconf 91' lang='grc' dir='ltr'>καί</span> <span class='ocrx_word' id='word_1_35' title='bbox 1190 757 1320 836; x_wconf 78' lang='grc' dir='ltr'>θειοτάτῳ</span> 
     </span>
     <span class='ocr_line' id='line_1_5' title="bbox 25 870 1320 961; baseline 0.005 -29"><span class='ocrx_word' id='word_1_36' title='bbox 25 870 60 936; x_wconf 77' lang='grc' dir='ltr'>ἰοί</span> <span class='ocrx_word' id='word_1_37' title='bbox 80 879 134 937; x_wconf 69' lang='grc' dir='ltr'>τὀν</span> <span class='ocrx_word' id='word_1_38' title='bbox 151 877 245 936; x_wconf 84' lang='grc' dir='ltr'>ῦλικδν</span> <span class='ocrx_word' id='word_1_39' title='bbox 266 874 314 936; x_wconf 86' lang='grc' dir='ltr'>καί</span> <span class='ocrx_word' id='word_1_40' title='bbox 336 881 467 958; x_wconf 82' lang='grc' dir='ltr'>χαμερπῆ</span> <span class='ocrx_word' id='word_1_41' title='bbox 491 881 584 938; x_wconf 88' lang='grc' dir='ltr'>τοῦτον</span> <span class='ocrx_word' id='word_1_42' title='bbox 606 881 667 938; x_wconf 90' lang='grc' dir='ltr'>νοῦν</span> <span class='ocrx_word' id='word_1_43' title='bbox 694 878 733 948; x_wconf 87' lang='grc' dir='ltr'>ὡς</span> <span class='ocrx_word' id='word_1_44' title='bbox 756 877 863 957; x_wconf 81' lang='grc' dir='ltr'>ἐφικτόν</span> <span class='ocrx_word' id='word_1_45' title='bbox 884 887 918 961; x_wconf 80' lang='grc' dir='ltr'>τῇ</span> <span class='ocrx_word' id='word_1_46' title='bbox 941 879 1014 958; x_wconf 87' lang='grc' dir='ltr'>φῦοει</span> <span class='ocrx_word' id='word_1_47' title='bbox 1038 879 1171 954; x_wconf 82' lang='grc' dir='ltr'>μονονοὺκ</span> <span class='ocrx_word' id='word_1_48' title='bbox 1193 881 1320 938; x_wconf 90' lang='grc' dir='ltr'>ουνενοῦ-</span> 
     </span>
     <span class='ocr_line' id='line_1_6' title="bbox 27 994 1320 1084; baseline 0 -28"><span class='ocrx_word' id='word_1_49' title='bbox 27 1001 54 1056; x_wconf 77' lang='grc' dir='ltr'>τά</span> <span class='ocrx_word' id='word_1_50' title='bbox 75 1019 106 1056; x_wconf 90' lang='grc' dir='ltr'>τε</span> <span class='ocrx_word' id='word_1_51' title='bbox 128 997 176 1058; x_wconf 87' lang='grc' dir='ltr'>καὶ</span> <span class='ocrx_word' id='word_1_52' title='bbox 199 994 349 1080; x_wconf 77' lang='grc' dir='ltr'>συνᾴδοντα</span> <span class='ocrx_word' id='word_1_53' title='bbox 371 996 418 1058; x_wconf 84' lang='grc' dir='ltr'>καί</span> <span class='ocrx_word' id='word_1_54' title='bbox 440 997 501 1070; x_wconf 81' lang='grc' dir='ltr'>τοῦς</span> <span class='ocrx_word' id='word_1_55' title='bbox 524 999 651 1080; x_wconf 83' lang='grc' dir='ltr'>ἀκρίτους</span> <span class='ocrx_word' id='word_1_56' title='bbox 672 999 771 1072; x_wconf 84' lang='grc' dir='ltr'>πόνους</span> <span class='ocrx_word' id='word_1_57' title='bbox 792 1001 875 1084; x_wconf 81' lang='grc' dir='ltr'>ταύτῃ</span> <span class='ocrx_word' id='word_1_58' title='bbox 896 1002 1119 1080; x_wconf 77' lang='grc' dir='ltr'>προσανέχοντας</span> <span class='ocrx_word' id='word_1_59' title='bbox 1140 997 1187 1060; x_wconf 86' lang='grc' dir='ltr'>καί</span> <span class='ocrx_word' id='word_1_60' title='bbox 1210 997 1251 1071; x_wconf 90' lang='grc' dir='ltr'>εἰς</span> <span class='ocrx_word' id='word_1_61' title='bbox 1272 1000 1320 1076; x_wconf 82' lang='grc' dir='ltr'>τὴν</span> 
     </span>
     <span class='ocr_line' id='line_1_7' title="bbox 28 1119 1321 1202; baseline 0.002 -25"><span class='ocrx_word' id='word_1_62' title='bbox 28 1119 189 1199; x_wconf 76' lang='grc' dir='ltr'>άυτοσοφῖαν,</span> <span class='ocrx_word' id='word_1_63' title='bbox 208 1121 254 1179; x_wconf 78' lang='grc' dir='ltr'>τὀν</span> <span class='ocrx_word' id='word_1_64' title='bbox 273 1120 364 1200; x_wconf 85' lang='grc' dir='ltr'>κόριον</span> <span class='ocrx_word' id='word_1_65' title='bbox 384 1121 463 1196; x_wconf 77' lang='grc' dir='ltr'>ἡμῶν</span> <span class='ocrx_word' id='word_1_66' title='bbox 480 1120 585 1194; x_wconf 78' lang='grc' dir='ltr'>Ἰησοῦν</span> <span class='ocrx_word' id='word_1_67' title='bbox 602 1121 726 1201; x_wconf 83' lang='grc' dir='ltr'>Χριστόν,</span> <span class='ocrx_word' id='word_1_68' title='bbox 748 1121 798 1194; x_wconf 80' lang='grc' dir='ltr'>τάς</span> <span class='ocrx_word' id='word_1_69' title='bbox 818 1121 934 1194; x_wconf 79' lang='grc' dir='ltr'>ἐλπίδας</span> <span class='ocrx_word' id='word_1_70' title='bbox 954 1123 1083 1202; x_wconf 83' lang='grc' dir='ltr'>φέροντας</span> <span class='ocrx_word' id='word_1_71' title='bbox 1104 1121 1321 1202; x_wconf 80' lang='grc' dir='ltr'>οῦρανοπολίτας</span> 
     </span>
     <span class='ocr_line' id='line_1_8' title="bbox 26 1239 1321 1322; baseline 0.002 -23"><span class='ocrx_word' id='word_1_72' title='bbox 26 1239 89 1312; x_wconf 81' lang='grc' dir='ltr'>ἀοῦς</span> <span class='ocrx_word' id='word_1_73' title='bbox 110 1261 142 1300; x_wconf 89' lang='grc' dir='ltr'>τε</span> <span class='ocrx_word' id='word_1_74' title='bbox 165 1243 253 1320; x_wconf 76' lang='grc' dir='ltr'>φωτός</span> <span class='ocrx_word' id='word_1_75' title='bbox 278 1239 326 1301; x_wconf 90' lang='grc' dir='ltr'>καί</span> <span class='ocrx_word' id='word_1_76' title='bbox 353 1241 594 1322; x_wconf 71' lang='grc' dir='ltr'>συνκληρονόμοις</span> <span class='ocrx_word' id='word_1_77' title='bbox 617 1243 731 1322; x_wconf 78' lang='grc' dir='ltr'>Χριστοῦ</span> <span class='ocrx_word' id='word_1_78' title='bbox 758 1241 965 1322; x_wconf 79' lang='grc' dir='ltr'>ἀπεργάζουσα,</span> <span class='ocrx_word' id='word_1_79' title='bbox 993 1242 1090 1314; x_wconf 89' lang='grc' dir='ltr'>οίτινες</span> <span class='ocrx_word' id='word_1_80' title='bbox 1117 1242 1148 1302; x_wconf 88' lang='grc' dir='ltr'>οῦ</span> <span class='ocrx_word' id='word_1_81' title='bbox 1174 1245 1256 1318; x_wconf 88' lang='grc' dir='ltr'>μόνον</span> <span class='ocrx_word' id='word_1_82' title='bbox 1285 1242 1321 1302; x_wconf 87' lang='grc' dir='ltr'>δι’</span> 
     </span>
     <span class='ocr_line' id='line_1_9' title="bbox 26 1361 1321 1444; baseline 0.002 -26"><span class='ocrx_word' id='word_1_83' title='bbox 26 1364 139 1440; x_wconf 74' lang='grc' dir='ltr'>εῦφήμου</span> <span class='ocrx_word' id='word_1_84' title='bbox 169 1362 298 1441; x_wconf 88' lang='grc' dir='ltr'>γλώιττης</span> <span class='ocrx_word' id='word_1_85' title='bbox 330 1363 405 1444; x_wconf 81' lang='grc' dir='ltr'>παρὰ</span> <span class='ocrx_word' id='word_1_86' title='bbox 437 1365 546 1423; x_wconf 88' lang='grc' dir='ltr'>πάντων</span> <span class='ocrx_word' id='word_1_87' title='bbox 580 1363 690 1442; x_wconf 79' lang='grc' dir='ltr'>άγονται</span> <span class='ocrx_word' id='word_1_88' title='bbox 723 1363 1039 1444; x_wconf 84' lang='grc' dir='ltr'>δακπιλοδεικτοῦμενοι,</span> <span class='ocrx_word' id='word_1_89' title='bbox 1075 1361 1152 1424; x_wconf 83' lang='grc' dir='ltr'>ἀλλά</span> <span class='ocrx_word' id='word_1_90' title='bbox 1187 1362 1234 1424; x_wconf 84' lang='grc' dir='ltr'>καὶ</span> <span class='ocrx_word' id='word_1_91' title='bbox 1267 1369 1321 1424; x_wconf 83' lang='grc' dir='ltr'>τῶν</span> 
     </span>
     <span class='ocr_line' id='line_1_10' title="bbox 26 1479 1321 1565; baseline 0.002 -23"><span class='ocrx_word' id='word_1_92' title='bbox 26 1485 153 1564; x_wconf 68' lang='grc' dir='ltr'>οὐρανίων</span> <span class='ocrx_word' id='word_1_93' title='bbox 182 1483 294 1544; x_wconf 76' lang='grc' dir='ltr'>ἐκείνων</span> <span class='ocrx_word' id='word_1_94' title='bbox 320 1483 368 1544; x_wconf 89' lang='grc' dir='ltr'>καί</span> <span class='ocrx_word' id='word_1_95' title='bbox 397 1483 596 1561; x_wconf 82' lang='grc' dir='ltr'>δινεκλαλήτων</span> <span class='ocrx_word' id='word_1_96' title='bbox 622 1485 697 1565; x_wconf 84' lang='grc' dir='ltr'>παρὰ</span> <span class='ocrx_word' id='word_1_97' title='bbox 723 1486 787 1546; x_wconf 88' lang='grc' dir='ltr'>θεοῦ</span> <span class='ocrx_word' id='word_1_98' title='bbox 809 1483 945 1559; x_wconf 79' lang='grc' dir='ltr'>ἀξιοῦνται</span> <span class='ocrx_word' id='word_1_99' title='bbox 967 1484 1090 1565; x_wconf 78' lang='grc' dir='ltr'>ἀγαθῶν,</span> <span class='ocrx_word' id='word_1_100' title='bbox 1114 1485 1165 1564; x_wconf 83' lang='grc' dir='ltr'>οῦχ</span> <span class='ocrx_word' id='word_1_101' title='bbox 1186 1479 1265 1560; x_wconf 72' lang='grc' dir='ltr'>ἧττον</span> <span class='ocrx_word' id='word_1_102' title='bbox 1289 1483 1321 1544; x_wconf 84' lang='grc' dir='ltr'>δὲ</span> 
     </span>
     <span class='ocr_line' id='line_1_11' title="bbox 25 1603 1321 1687; baseline -0.001 -24"><span class='ocrx_word' id='word_1_103' title='bbox 25 1605 65 1664; x_wconf 87' lang='grc' dir='ltr'>καί</span> <span class='ocrx_word' id='word_1_104' title='bbox 95 1605 121 1664; x_wconf 84' lang='grc' dir='ltr'>οῖ</span> <span class='ocrx_word' id='word_1_105' title='bbox 151 1603 213 1685; x_wconf 81' lang='grc' dir='ltr'>περὶ</span> <span class='ocrx_word' id='word_1_106' title='bbox 242 1607 305 1678; x_wconf 83' lang='grc' dir='ltr'>τοῦς</span> <span class='ocrx_word' id='word_1_107' title='bbox 333 1605 432 1682; x_wconf 75' lang='grc' dir='ltr'>ταῦτ-ην</span> <span class='ocrx_word' id='word_1_108' title='bbox 462 1609 605 1683; x_wconf 81' lang='grc' dir='ltr'>μετιόντας</span> <span class='ocrx_word' id='word_1_109' title='bbox 634 1608 682 1682; x_wconf 83' lang='grc' dir='ltr'>τὴν</span> <span class='ocrx_word' id='word_1_110' title='bbox 713 1605 840 1687; x_wconf 79' lang='grc' dir='ltr'>φροντίδα</span> <span class='ocrx_word' id='word_1_111' title='bbox 872 1607 1026 1682; x_wconf 78' lang='grc' dir='ltr'>ποιούμενοι</span> <span class='ocrx_word' id='word_1_112' title='bbox 1057 1603 1104 1667; x_wconf 88' lang='grc' dir='ltr'>καὶ</span> <span class='ocrx_word' id='word_1_113' title='bbox 1132 1608 1189 1677; x_wconf 91' lang='grc' dir='ltr'>τοῖς</span> <span class='ocrx_word' id='word_1_114' title='bbox 1219 1605 1321 1666; x_wconf 85' lang='grc' dir='ltr'>ἐνοῦσιν</span> 
     </span>
     <span class='ocr_line' id='line_1_12' title="bbox 27 1727 1322 1810; baseline 0.003 -28"><span class='ocrx_word' id='word_1_115' title='bbox 27 1727 224 1803; x_wconf 71' lang='grc' dir='ltr'>ἀιτιληπτικοῖς</span> <span class='ocrx_word' id='word_1_116' title='bbox 250 1727 358 1806; x_wconf 89' lang='grc' dir='ltr'>τρόποις</span> <span class='ocrx_word' id='word_1_117' title='bbox 383 1748 414 1788; x_wconf 89' lang='grc' dir='ltr'>τε</span> <span class='ocrx_word' id='word_1_118' title='bbox 444 1727 490 1787; x_wconf 91' lang='grc' dir='ltr'>καί</span> <span class='ocrx_word' id='word_1_119' title='bbox 520 1727 664 1810; x_wconf 77' lang='grc' dir='ltr'>προσόδοις</span> <span class='ocrx_word' id='word_1_120' title='bbox 693 1729 802 1800; x_wconf 90' lang='grc' dir='ltr'>τοίιτους</span> <span class='ocrx_word' id='word_1_121' title='bbox 830 1728 1066 1810; x_wconf 84' lang='grc' dir='ltr'>περιβαλλόμενοι</span> <span class='ocrx_word' id='word_1_122' title='bbox 1096 1728 1244 1799; x_wconf 77' lang='grc' dir='ltr'>ἀθανάτους</span> <span class='ocrx_word' id='word_1_123' title='bbox 1273 1727 1322 1798; x_wconf 83' lang='grc' dir='ltr'>τὰς</span> 
     </span>
     <span class='ocr_line' id='line_1_13' title="bbox 27 1847 1322 1930; baseline 0.002 -26"><span class='ocrx_word' id='word_1_124' title='bbox 27 1847 171 1918; x_wconf 71' lang='grc' dir='ltr'>ἀντιδόσεις</span> <span class='ocrx_word' id='word_1_125' title='bbox 197 1849 273 1928; x_wconf 82' lang='grc' dir='ltr'>παρὰ</span> <span class='ocrx_word' id='word_1_126' title='bbox 299 1849 362 1910; x_wconf 88' lang='grc' dir='ltr'>θεοῦ</span> <span class='ocrx_word' id='word_1_127' title='bbox 389 1848 532 1926; x_wconf 81' lang='grc' dir='ltr'>λήψονται.</span> <span class='ocrx_word' id='word_1_128' title='bbox 562 1849 656 1925; x_wconf 81' lang='grc' dir='ltr'>ἐπειδὴ</span> <span class='ocrx_word' id='word_1_129' title='bbox 679 1854 821 1930; x_wconf 82' lang='grc' dir='ltr'>τοιγαροῦν</span> <span class='ocrx_word' id='word_1_130' title='bbox 843 1850 895 1930; x_wconf 76' lang='grc' dir='ltr'>προ</span> <span class='ocrx_word' id='word_1_131' title='bbox 918 1847 1018 1910; x_wconf 80' lang='grc' dir='ltr'>ίκανιῖιυ</span> <span class='ocrx_word' id='word_1_132' title='bbox 1040 1849 1095 1924; x_wconf 78' lang='grc' dir='ltr'>ἤδη</span> <span class='ocrx_word' id='word_1_133' title='bbox 1118 1851 1226 1928; x_wconf 89' lang='grc' dir='ltr'>χρόνων</span> <span class='ocrx_word' id='word_1_134' title='bbox 1248 1849 1322 1928; x_wconf 82' lang='grc' dir='ltr'>παρὰ</span> 
     </span>
     <span class='ocr_line' id='line_1_14' title="bbox 26 1969 1322 2052; baseline 0.003 -26"><span class='ocrx_word' id='word_1_135' title='bbox 26 1970 136 2028; x_wconf 80' lang='grc' dir='ltr'>τολῖκῦν</span> <span class='ocrx_word' id='word_1_136' title='bbox 164 1969 300 2046; x_wconf 84' lang='grc' dir='ltr'>άκοῦομεν</span> <span class='ocrx_word' id='word_1_137' title='bbox 326 1969 374 2030; x_wconf 90' lang='grc' dir='ltr'>καὶ</span> <span class='ocrx_word' id='word_1_138' title='bbox 400 1969 454 2047; x_wconf 77' lang='grc' dir='ltr'>ἤδη</span> <span class='ocrx_word' id='word_1_139' title='bbox 482 1971 536 2030; x_wconf 80' lang='grc' dir='ltr'>ἀπό</span> <span class='ocrx_word' id='word_1_140' title='bbox 558 1973 721 2052; x_wconf 84' lang='grc' dir='ltr'>γράμματος</span> <span class='ocrx_word' id='word_1_141' title='bbox 748 1975 794 2031; x_wconf 91' lang='grc' dir='ltr'>τοῦ</span> <span class='ocrx_word' id='word_1_142' title='bbox 823 1969 1048 2049; x_wconf 85' lang='grc' dir='ltr'>ἐλλογιμωτάτου</span> <span class='ocrx_word' id='word_1_143' title='bbox 1076 1969 1244 2030; x_wconf 77' lang='grc' dir='ltr'>διδασκάλου</span> <span class='ocrx_word' id='word_1_144' title='bbox 1271 1975 1322 2045; x_wconf 80' lang='grc' dir='ltr'>τῆς</span> 
     </span>
     <span class='ocr_line' id='line_1_15' title="bbox 28 2089 1322 2172; baseline 0.003 -26"><span class='ocrx_word' id='word_1_145' title='bbox 28 2091 51 2147; x_wconf 78' lang='grc' dir='ltr'>ἐν</span> <span class='ocrx_word' id='word_1_146' title='bbox 72 2097 105 2172; x_wconf 77' lang='grc' dir='ltr'>τῇ</span> <span class='ocrx_word' id='word_1_147' title='bbox 129 2095 205 2172; x_wconf 75' lang='grc' dir='ltr'>νήσῳ</span> <span class='ocrx_word' id='word_1_148' title='bbox 227 2091 334 2171; x_wconf 82' lang='grc' dir='ltr'>Πάτμῳ</span> <span class='ocrx_word' id='word_1_149' title='bbox 362 2097 414 2150; x_wconf 85' lang='grc' dir='ltr'>τῶν</span> <span class='ocrx_word' id='word_1_150' title='bbox 442 2091 598 2168; x_wconf 86' lang='grc' dir='ltr'>έλληνικιῦν</span> <span class='ocrx_word' id='word_1_151' title='bbox 626 2093 795 2168; x_wconf 86' lang='grc' dir='ltr'>μαθημάτων</span> <span class='ocrx_word' id='word_1_152' title='bbox 822 2092 944 2171; x_wconf 78' lang='grc' dir='ltr'>σχολῆς,</span> <span class='ocrx_word' id='word_1_153' title='bbox 971 2097 1021 2171; x_wconf 89' lang='grc' dir='ltr'>κῦρ</span> <span class='ocrx_word' id='word_1_154' title='bbox 1043 2091 1200 2170; x_wconf 87' lang='grc' dir='ltr'>Βασιλείου,</span> <span class='ocrx_word' id='word_1_155' title='bbox 1225 2089 1322 2163; x_wconf 86' lang='grc' dir='ltr'>άλλως</span> 
     </span>
     <span class='ocr_line' id='line_1_16' title="bbox 26 2209 1321 2294; baseline 0.003 -25"><span class='ocrx_word' id='word_1_156' title='bbox 26 2232 51 2270; x_wconf 82' lang='grc' dir='ltr'>τε</span> <span class='ocrx_word' id='word_1_157' title='bbox 74 2213 126 2272; x_wconf 80' lang='grc' dir='ltr'>ιἰπδ</span> <span class='ocrx_word' id='word_1_158' title='bbox 151 2209 240 2288; x_wconf 84' lang='grc' dir='ltr'>ζώσης</span> <span class='ocrx_word' id='word_1_159' title='bbox 262 2217 353 2292; x_wconf 82' lang='grc' dir='ltr'>φωνῆς</span> <span class='ocrx_word' id='word_1_160' title='bbox 375 2215 422 2274; x_wconf 84' lang='grc' dir='ltr'>τοῦ</span> <span class='ocrx_word' id='word_1_161' title='bbox 445 2213 559 2274; x_wconf 83' lang='grc' dir='ltr'>ἐνταῦθα</span> <span class='ocrx_word' id='word_1_162' title='bbox 582 2213 794 2294; x_wconf 89' lang='grc' dir='ltr'>παρευρεθέντος</span> <span class='ocrx_word' id='word_1_163' title='bbox 821 2214 851 2273; x_wconf 90' lang='grc' dir='ltr'>τό</span> <span class='ocrx_word' id='word_1_164' title='bbox 866 2233 899 2293; x_wconf 88' lang='grc' dir='ltr'>γε</span> <span class='ocrx_word' id='word_1_165' title='bbox 922 2217 967 2273; x_wconf 92' lang='grc' dir='ltr'>νῦν</span> <span class='ocrx_word' id='word_1_166' title='bbox 991 2213 1057 2291; x_wconf 85' lang='grc' dir='ltr'>ἔχον</span> <span class='ocrx_word' id='word_1_167' title='bbox 1083 2210 1253 2292; x_wconf 86' lang='grc' dir='ltr'>λογιωτάτου</span> <span class='ocrx_word' id='word_1_168' title='bbox 1276 2212 1321 2273; x_wconf 88' lang='grc' dir='ltr'>δι-</span> 
     </span>
     <span class='ocr_line' id='line_1_17' title="bbox 27 2331 1322 2416; baseline 0.003 -26"><span class='ocrx_word' id='word_1_169' title='bbox 27 2331 174 2412; x_wconf 73' lang='grc' dir='ltr'>δασκάλου,</span> <span class='ocrx_word' id='word_1_170' title='bbox 204 2337 253 2413; x_wconf 89' lang='grc' dir='ltr'>κῦρ</span> <span class='ocrx_word' id='word_1_171' title='bbox 282 2331 431 2414; x_wconf 80' lang='grc' dir='ltr'>Ἀροενίου,</span> <span class='ocrx_word' id='word_1_172' title='bbox 466 2335 590 2414; x_wconf 77' lang='grc' dir='ltr'>ἔγνωμεν</span> <span class='ocrx_word' id='word_1_173' title='bbox 617 2333 664 2395; x_wconf 88' lang='grc' dir='ltr'>καὶ</span> <span class='ocrx_word' id='word_1_174' title='bbox 693 2335 912 2416; x_wconf 81' lang='grc' dir='ltr'>έβεβαιώθημεν,</span> <span class='ocrx_word' id='word_1_175' title='bbox 947 2335 987 2394; x_wconf 84' lang='grc' dir='ltr'>ότι</span> <span class='ocrx_word' id='word_1_176' title='bbox 1015 2333 1118 2396; x_wconf 86' lang='grc' dir='ltr'>πολλοὶ</span> <span class='ocrx_word' id='word_1_177' title='bbox 1149 2340 1216 2394; x_wconf 84' lang='grc' dir='ltr'>τῶν</span> <span class='ocrx_word' id='word_1_178' title='bbox 1233 2335 1322 2394; x_wconf 84' lang='grc' dir='ltr'>ἐκεῖσε</span> 
     </span>
     <span class='ocr_line' id='line_1_18' title="bbox 27 2453 1323 2536; baseline 0.001 -24"><span class='ocrx_word' id='word_1_179' title='bbox 27 2455 102 2534; x_wconf 82' lang='grc' dir='ltr'>ἔρωτι</span> <span class='ocrx_word' id='word_1_180' title='bbox 131 2455 273 2530; x_wconf 79' lang='grc' dir='ltr'>ἀσκήσεώς</span> <span class='ocrx_word' id='word_1_181' title='bbox 294 2475 324 2515; x_wconf 88' lang='grc' dir='ltr'>τε</span> <span class='ocrx_word' id='word_1_182' title='bbox 349 2454 397 2516; x_wconf 87' lang='grc' dir='ltr'>καί</span> <span class='ocrx_word' id='word_1_183' title='bbox 424 2457 571 2532; x_wconf 76' lang='grc' dir='ltr'>μαθήσεως</span> <span class='ocrx_word' id='word_1_184' title='bbox 597 2458 820 2536; x_wconf 82' lang='grc' dir='ltr'>προσφοιτώντων</span> <span class='ocrx_word' id='word_1_185' title='bbox 841 2462 1012 2535; x_wconf 87' lang='grc' dir='ltr'>χριστιανών,</span> <span class='ocrx_word' id='word_1_186' title='bbox 1039 2453 1197 2534; x_wconf 86' lang='grc' dir='ltr'>ίερωμένιυν</span> <span class='ocrx_word' id='word_1_187' title='bbox 1219 2475 1249 2515; x_wconf 92' lang='grc' dir='ltr'>τε</span> <span class='ocrx_word' id='word_1_188' title='bbox 1275 2453 1323 2514; x_wconf 84' lang='grc' dir='ltr'>καί</span> 
     </span>
     <span class='ocr_line' id='line_1_19' title="bbox 26 2570 1324 2660; baseline 0.002 -26"><span class='ocrx_word' id='word_1_189' title='bbox 26 2577 138 2647; x_wconf 83' lang='grc' dir='ltr'>λα’ῦιών,</span> <span class='ocrx_word' id='word_1_190' title='bbox 166 2583 220 2636; x_wconf 83' lang='grc' dir='ltr'>τῶν</span> <span class='ocrx_word' id='word_1_191' title='bbox 243 2580 312 2658; x_wconf 83' lang='grc' dir='ltr'>πρός</span> <span class='ocrx_word' id='word_1_192' title='bbox 334 2579 487 2658; x_wconf 78' lang='grc' dir='ltr'>ζωάρκειαν</span> <span class='ocrx_word' id='word_1_193' title='bbox 515 2573 671 2656; x_wconf 83' lang='grc' dir='ltr'>ἀναγκαίων</span> <span class='ocrx_word' id='word_1_194' title='bbox 700 2577 871 2658; x_wconf 83' lang='grc' dir='ltr'>στερούμενοι</span> <span class='ocrx_word' id='word_1_195' title='bbox 893 2575 1062 2655; x_wconf 86' lang='grc' dir='ltr'>παλινῳδίαν</span> <span class='ocrx_word' id='word_1_196' title='bbox 1085 2572 1177 2660; x_wconf 83' lang='grc' dir='ltr'>ᾅδουσι</span> <span class='ocrx_word' id='word_1_197' title='bbox 1203 2570 1250 2637; x_wconf 83' lang='grc' dir='ltr'>καί</span> <span class='ocrx_word' id='word_1_198' title='bbox 1277 2582 1324 2636; x_wconf 89' lang='grc' dir='ltr'>τοῦ</span> 
     </span>
     <span class='ocr_line' id='line_1_20' title="bbox 28 2697 1324 2778; baseline 0.002 -24"><span class='ocrx_word' id='word_1_199' title='bbox 28 2699 193 2772; x_wconf 81' lang='grc' dir='ltr'>ποθουμένου</span> <span class='ocrx_word' id='word_1_200' title='bbox 217 2699 327 2771; x_wconf 83' lang='grc' dir='ltr'>ἑκόντες</span> <span class='ocrx_word' id='word_1_201' title='bbox 350 2698 478 2770; x_wconf 82' lang='grc' dir='ltr'>ἀέκοντες</span> <span class='ocrx_word' id='word_1_202' title='bbox 501 2697 639 2778; x_wconf 86' lang='grc' dir='ltr'>όδυνηριῦς</span> <span class='ocrx_word' id='word_1_203' title='bbox 661 2698 889 2778; x_wconf 75' lang='grc' dir='ltr'>ἀποτυγχάνουσι,</span> <span class='ocrx_word' id='word_1_204' title='bbox 917 2697 1061 2758; x_wconf 86' lang='grc' dir='ltr'>κάντεῦθεν</span> <span class='ocrx_word' id='word_1_205' title='bbox 1083 2698 1232 2778; x_wconf 86' lang='grc' dir='ltr'>χριστιανοί</span> <span class='ocrx_word' id='word_1_206' title='bbox 1252 2719 1324 2770; x_wconf 87' lang='grc' dir='ltr'>τινες</span> 
     </span>
     <span class='ocr_line' id='line_1_21' title="bbox 27 2818 1323 2902; baseline 0.002 -26"><span class='ocrx_word' id='word_1_207' title='bbox 27 2821 161 2900; x_wconf 78' lang='grc' dir='ltr'>πρόκριτοι</span> <span class='ocrx_word' id='word_1_208' title='bbox 189 2825 235 2882; x_wconf 84' lang='grc' dir='ltr'>τοῦ</span> <span class='ocrx_word' id='word_1_209' title='bbox 264 2820 379 2880; x_wconf 88' lang='grc' dir='ltr'>ἐνταῦθα</span> <span class='ocrx_word' id='word_1_210' title='bbox 406 2821 435 2880; x_wconf 87' lang='grc' dir='ltr'>ἐν</span> <span class='ocrx_word' id='word_1_211' title='bbox 461 2825 495 2902; x_wconf 70' lang='grc' dir='ltr'>τῇ</span> <span class='ocrx_word' id='word_1_212' title='bbox 523 2819 703 2902; x_wconf 80' lang='grc' dir='ltr'>βασιλευοίιση</span> <span class='ocrx_word' id='word_1_213' title='bbox 729 2821 811 2901; x_wconf 79' lang='grc' dir='ltr'>ταῦτ-η</span> <span class='ocrx_word' id='word_1_214' title='bbox 837 2825 890 2879; x_wconf 87' lang='grc' dir='ltr'>τών</span> <span class='ocrx_word' id='word_1_215' title='bbox 913 2818 1024 2878; x_wconf 89' lang='grc' dir='ltr'>πόλεων</span> <span class='ocrx_word' id='word_1_216' title='bbox 1047 2818 1235 2898; x_wconf 79' lang='grc' dir='ltr'>εὐλογημένου</span> <span class='ocrx_word' id='word_1_217' title='bbox 1258 2819 1323 2898; x_wconf 79' lang='grc' dir='ltr'>ρου-</span> 
     </span>
     <span class='ocr_line' id='line_1_22' title="bbox 28 2937 1323 3023; baseline -0.002 -24"><span class='ocrx_word' id='word_1_218' title='bbox 28 2941 112 3018; x_wconf 75' lang='grc' dir='ltr'>φετίου</span> <span class='ocrx_word' id='word_1_219' title='bbox 133 2947 190 3002; x_wconf 86' lang='grc' dir='ltr'>τών</span> <span class='ocrx_word' id='word_1_220' title='bbox 211 2942 354 3022; x_wconf 87' lang='grc' dir='ltr'>χρησίμων</span> <span class='ocrx_word' id='word_1_221' title='bbox 377 2941 548 3023; x_wconf 87' lang='grc' dir='ltr'>μαγιστόρων</span> <span class='ocrx_word' id='word_1_222' title='bbox 570 2939 756 3022; x_wconf 86' lang='grc' dir='ltr'>γουναροίδων,</span> <span class='ocrx_word' id='word_1_223' title='bbox 784 2939 905 3014; x_wconf 76' lang='grc' dir='ltr'>εὐσεβεῖς</span> <span class='ocrx_word' id='word_1_224' title='bbox 926 2959 957 3000; x_wconf 88' lang='grc' dir='ltr'>τε</span> <span class='ocrx_word' id='word_1_225' title='bbox 981 2937 1028 2999; x_wconf 85' lang='grc' dir='ltr'>καὶ</span> <span class='ocrx_word' id='word_1_226' title='bbox 1051 2939 1234 3020; x_wconf 87' lang='grc' dir='ltr'>φιλέλληνες,</span> <span class='ocrx_word' id='word_1_227' title='bbox 1258 2937 1323 3018; x_wconf 90' lang='grc' dir='ltr'>θείῳ</span> 
     </span>
     <span class='ocr_line' id='line_1_23' title="bbox 28 3059 1323 3144; baseline -0.005 -20"><span class='ocrx_word' id='word_1_228' title='bbox 28 3065 102 3144; x_wconf 75' lang='grc' dir='ltr'>ζήλῳ</span> <span class='ocrx_word' id='word_1_229' title='bbox 131 3064 303 3144; x_wconf 79' lang='grc' dir='ltr'>κινηθέντες,</span> <span class='ocrx_word' id='word_1_230' title='bbox 338 3063 420 3144; x_wconf 80' lang='grc' dir='ltr'>οἴκτῳ</span> <span class='ocrx_word' id='word_1_231' title='bbox 447 3085 477 3124; x_wconf 89' lang='grc' dir='ltr'>τε</span> <span class='ocrx_word' id='word_1_232' title='bbox 505 3063 675 3142; x_wconf 87' lang='grc' dir='ltr'>καμφθέντες</span> <span class='ocrx_word' id='word_1_233' title='bbox 704 3062 771 3141; x_wconf 80' lang='grc' dir='ltr'>πρός</span> <span class='ocrx_word' id='word_1_234' title='bbox 801 3059 862 3133; x_wconf 79' lang='grc' dir='ltr'>τοῦς</span> <span class='ocrx_word' id='word_1_235' title='bbox 892 3060 1022 3136; x_wconf 86' lang='grc' dir='ltr'>βοηθείας</span> <span class='ocrx_word' id='word_1_236' title='bbox 1050 3062 1203 3141; x_wconf 81' lang='grc' dir='ltr'>χρῄζοντας</span> <span class='ocrx_word' id='word_1_237' title='bbox 1233 3059 1323 3120; x_wconf 80' lang='grc' dir='ltr'>ἐκεῖσε</span> 
     </span>
     <span class='ocr_line' id='line_1_24' title="bbox 28 3177 1324 3263; baseline -0.002 -19"><span class='ocrx_word' id='word_1_238' title='bbox 28 3187 151 3263; x_wconf 83' lang='grc' dir='ltr'>φοιτητὰς</span> <span class='ocrx_word' id='word_1_239' title='bbox 182 3183 222 3257; x_wconf 89' lang='grc' dir='ltr'>είς</span> <span class='ocrx_word' id='word_1_240' title='bbox 250 3186 300 3260; x_wconf 80' lang='grc' dir='ltr'>την</span> <span class='ocrx_word' id='word_1_241' title='bbox 326 3190 380 3244; x_wconf 85' lang='grc' dir='ltr'>τῶν</span> <span class='ocrx_word' id='word_1_242' title='bbox 407 3185 576 3262; x_wconf 87' lang='grc' dir='ltr'>μαθημάτων</span> <span class='ocrx_word' id='word_1_243' title='bbox 607 3183 744 3258; x_wconf 84' lang='grc' dir='ltr'>ἐπίκτησιν</span> <span class='ocrx_word' id='word_1_244' title='bbox 773 3180 930 3256; x_wconf 83' lang='grc' dir='ltr'>κατέβαλον</span> <span class='ocrx_word' id='word_1_245' title='bbox 956 3179 1012 3258; x_wconf 80' lang='grc' dir='ltr'>ἤδη</span> <span class='ocrx_word' id='word_1_246' title='bbox 1045 3177 1075 3252; x_wconf 78' lang='grc' dir='ltr'>ἐξ</span> <span class='ocrx_word' id='word_1_247' title='bbox 1105 3179 1179 3240; x_wconf 86' lang='grc' dir='ltr'>ἰδίων</span> <span class='ocrx_word' id='word_1_248' title='bbox 1209 3183 1324 3253; x_wconf 83' lang='grc' dir='ltr'>ἕκαστος</span> 
     </span>
     <span class='ocr_line' id='line_1_25' title="bbox 31 3303 1325 3388; baseline -0.004 -23"><span class='ocrx_word' id='word_1_249' title='bbox 31 3309 112 3367; x_wconf 78' lang='grc' dir='ltr'>αὐτών</span> <span class='ocrx_word' id='word_1_250' title='bbox 138 3307 188 3368; x_wconf 87' lang='grc' dir='ltr'>καί</span> <span class='ocrx_word' id='word_1_251' title='bbox 216 3307 367 3388; x_wconf 84' lang='grc' dir='ltr'>άφιέρωααν</span> <span class='ocrx_word' id='word_1_252' title='bbox 392 3305 431 3386; x_wconf 82' lang='grc' dir='ltr'>τῷ</span> <span class='ocrx_word' id='word_1_253' title='bbox 458 3303 648 3386; x_wconf 90' lang='grc' dir='ltr'>φροντιστηρίῳ</span> <span class='ocrx_word' id='word_1_254' title='bbox 675 3305 760 3383; x_wconf 81' lang='grc' dir='ltr'>τούτῳ</span> <span class='ocrx_word' id='word_1_255' title='bbox 787 3306 883 3383; x_wconf 89' lang='grc' dir='ltr'>γρόσια</span> <span class='ocrx_word' id='word_1_256' title='bbox 907 3303 1028 3383; x_wconf 87' lang='grc' dir='ltr'>μετρητὰ</span> <span class='ocrx_word' id='word_1_257' title='bbox 1048 3305 1095 3363; x_wconf 80' lang='grc' dir='ltr'>τόν</span> <span class='ocrx_word' id='word_1_258' title='bbox 1118 3303 1231 3384; x_wconf 80' lang='grc' dir='ltr'>ἀριθμόν</span> <span class='ocrx_word' id='word_1_259' title='bbox 1252 3305 1325 3382; x_wconf 83' lang='grc' dir='ltr'>τρεῖς</span> 
     </span>
     <span class='ocr_line' id='line_1_26' title="bbox 29 3422 1324 3508; baseline -0.005 -20"><span class='ocrx_word' id='word_1_260' title='bbox 29 3429 158 3504; x_wconf 85' lang='grc' dir='ltr'>χιλιάδας</span> <span class='ocrx_word' id='word_1_261' title='bbox 187 3427 234 3489; x_wconf 87' lang='grc' dir='ltr'>καὶ</span> <span class='ocrx_word' id='word_1_262' title='bbox 264 3431 430 3490; x_wconf 85' lang='grc' dir='ltr'>πεντακόσια</span> <span class='ocrx_word' id='word_1_263' title='bbox 456 3426 606 3506; x_wconf 86' lang='grc' dir='ltr'>κεφάλαιον</span> <span class='ocrx_word' id='word_1_264' title='bbox 635 3424 677 3486; x_wconf 83' lang='grc' dir='ltr'>ἐπί</span> <span class='ocrx_word' id='word_1_265' title='bbox 705 3425 825 3508; x_wconf 84' lang='grc' dir='ltr'>συνθήκῃ</span> <span class='ocrx_word' id='word_1_266' title='bbox 855 3423 903 3485; x_wconf 87' lang='grc' dir='ltr'>καί</span> <span class='ocrx_word' id='word_1_267' title='bbox 934 3423 1072 3506; x_wconf 80' lang='grc' dir='ltr'>συμφωνίᾳ</span> <span class='ocrx_word' id='word_1_268' title='bbox 1101 3428 1147 3484; x_wconf 90' lang='grc' dir='ltr'>τοῦ</span> <span class='ocrx_word' id='word_1_269' title='bbox 1172 3422 1324 3494; x_wconf 84' lang='grc' dir='ltr'>τοκίζεοθαι</span> 
     </span>
     <span class='ocr_line' id='line_1_27' title="bbox 30 3545 1324 3630; baseline -0.003 -23"><span class='ocrx_word' id='word_1_270' title='bbox 30 3555 107 3610; x_wconf 82' lang='grc' dir='ltr'>ταῦτα</span> <span class='ocrx_word' id='word_1_271' title='bbox 131 3551 168 3610; x_wconf 87' lang='grc' dir='ltr'>δι’</span> <span class='ocrx_word' id='word_1_272' title='bbox 186 3549 342 3622; x_wconf 78' lang='grc' dir='ltr'>ἐπιστασίας</span> <span class='ocrx_word' id='word_1_273' title='bbox 357 3569 386 3610; x_wconf 89' lang='grc' dir='ltr'>τε</span> <span class='ocrx_word' id='word_1_274' title='bbox 409 3548 456 3608; x_wconf 90' lang='grc' dir='ltr'>καὶ</span> <span class='ocrx_word' id='word_1_275' title='bbox 477 3545 617 3630; x_wconf 85' lang='grc' dir='ltr'>φροντίδος</span> <span class='ocrx_word' id='word_1_276' title='bbox 639 3552 692 3608; x_wconf 87' lang='grc' dir='ltr'>τών</span> <span class='ocrx_word' id='word_1_277' title='bbox 714 3546 787 3606; x_wconf 83' lang='grc' dir='ltr'>κατὰ</span> <span class='ocrx_word' id='word_1_278' title='bbox 808 3545 918 3626; x_wconf 79' lang='grc' dir='ltr'>καιροὺς</span> <span class='ocrx_word' id='word_1_279' title='bbox 939 3547 1082 3624; x_wconf 82' lang='grc' dir='ltr'>χρησίμων</span> <span class='ocrx_word' id='word_1_280' title='bbox 1104 3548 1280 3624; x_wconf 82' lang='grc' dir='ltr'>προεστώτων</span> <span class='ocrx_word' id='word_1_281' title='bbox 1294 3565 1324 3604; x_wconf 88' lang='grc' dir='ltr'>τε</span> 
     </span>
     <span class='ocr_line' id='line_1_28' title="bbox 30 3663 1325 3754; baseline -0.005 -23"><span class='ocrx_word' id='word_1_282' title='bbox 30 3671 71 3731; x_wconf 85' lang='grc' dir='ltr'>καί</span> <span class='ocrx_word' id='word_1_283' title='bbox 95 3673 248 3754; x_wconf 84' lang='grc' dir='ltr'>ἐπιτρόπων</span> <span class='ocrx_word' id='word_1_284' title='bbox 269 3675 316 3732; x_wconf 89' lang='grc' dir='ltr'>τοῦ</span> <span class='ocrx_word' id='word_1_285' title='bbox 339 3669 476 3753; x_wconf 75' lang='grc' dir='ltr'>δουφετίου</span> <span class='ocrx_word' id='word_1_286' title='bbox 498 3671 591 3730; x_wconf 87' lang='grc' dir='ltr'>τοῦτου</span> <span class='ocrx_word' id='word_1_287' title='bbox 615 3667 869 3746; x_wconf 81' lang='grc' dir='ltr'>ἀλληλοδιαδόχως</span> <span class='ocrx_word' id='word_1_288' title='bbox 897 3663 936 3735; x_wconf 82' lang='grc' dir='ltr'>εἰς</span> <span class='ocrx_word' id='word_1_289' title='bbox 960 3665 1047 3725; x_wconf 85' lang='grc' dir='ltr'>αἰώνα</span> <span class='ocrx_word' id='word_1_290' title='bbox 1070 3668 1115 3727; x_wconf 80' lang='grc' dir='ltr'>τόν</span> <span class='ocrx_word' id='word_1_291' title='bbox 1139 3667 1252 3745; x_wconf 75' lang='grc' dir='ltr'>ἅπαντα,</span> <span class='ocrx_word' id='word_1_292' title='bbox 1278 3665 1325 3726; x_wconf 86' lang='grc' dir='ltr'>καὶ</span> 
     </span>
     <span class='ocr_line' id='line_1_29' title="bbox 31 3787 1325 3872; baseline -0.005 -20"><span class='ocrx_word' id='word_1_293' title='bbox 31 3817 61 3852; x_wconf 97' lang='grc' dir='ltr'>υτ</span> <span class='ocrx_word' id='word_1_294' title='bbox 90 3798 178 3854; x_wconf 79' lang='grc' dir='ltr'>κῦτών</span> <span class='ocrx_word' id='word_1_295' title='bbox 203 3791 455 3866; x_wconf 85' lang='grc' dir='ltr'>ἐξαποστέλλεσθαι</span> <span class='ocrx_word' id='word_1_296' title='bbox 476 3793 539 3852; x_wconf 81' lang='grc' dir='ltr'>κατ’</span> <span class='ocrx_word' id='word_1_297' title='bbox 555 3792 616 3863; x_wconf 79' lang='grc' dir='ltr'>ἔτος</span> <span class='ocrx_word' id='word_1_298' title='bbox 640 3791 829 3872; x_wconf 75' lang='grc' dir='ltr'>ἀπαραιτήτως</span> <span class='ocrx_word' id='word_1_299' title='bbox 851 3789 897 3848; x_wconf 83' lang='grc' dir='ltr'>τόν</span> <span class='ocrx_word' id='word_1_300' title='bbox 920 3787 1118 3864; x_wconf 87' lang='grc' dir='ltr'>δουλευόμενσν</span> <span class='ocrx_word' id='word_1_301' title='bbox 1141 3789 1228 3847; x_wconf 84' lang='grc' dir='ltr'>αῦτιῦν</span> <span class='ocrx_word' id='word_1_302' title='bbox 1246 3787 1325 3846; x_wconf 88' lang='grc' dir='ltr'>τόκον</span> 
     </span>
     <span class='ocr_line' id='line_1_30' title="bbox 31 3905 1325 3997; baseline -0.006 -25"><span class='ocrx_word' id='word_1_303' title='bbox 31 3919 93 3994; x_wconf 71' lang='grc' dir='ltr'>πρός</span> <span class='ocrx_word' id='word_1_304' title='bbox 118 3919 167 3976; x_wconf 81' lang='grc' dir='ltr'>τόν</span> <span class='ocrx_word' id='word_1_305' title='bbox 193 3915 265 3976; x_wconf 81' lang='grc' dir='ltr'>κατὰ</span> <span class='ocrx_word' id='word_1_306' title='bbox 292 3915 403 3997; x_wconf 86' lang='grc' dir='ltr'>καιροῦς</span> <span class='ocrx_word' id='word_1_307' title='bbox 428 3913 589 3991; x_wconf 73' lang='grc' dir='ltr'>καθηγητὴν</span> <span class='ocrx_word' id='word_1_308' title='bbox 615 3917 664 3986; x_wconf 79' lang='grc' dir='ltr'>τῆς</span> <span class='ocrx_word' id='word_1_309' title='bbox 691 3912 798 3990; x_wconf 81' lang='grc' dir='ltr'>σχολῆς</span> <span class='ocrx_word' id='word_1_310' title='bbox 823 3911 923 3986; x_wconf 86' lang='grc' dir='ltr'>ταότης</span> <span class='ocrx_word' id='word_1_311' title='bbox 949 3909 1093 3989; x_wconf 82' lang='grc' dir='ltr'>δφειλοντα</span> <span class='ocrx_word' id='word_1_312' title='bbox 1115 3907 1253 3983; x_wconf 85' lang='grc' dir='ltr'>διανέμειν</span> <span class='ocrx_word' id='word_1_313' title='bbox 1280 3905 1325 3966; x_wconf 81' lang='grc' dir='ltr'>καί</span> 
     </span>
     <span class='ocr_line' id='line_1_31' title="bbox 33 4029 1326 4116; baseline -0.007 -21"><span class='ocrx_word' id='word_1_314' title='bbox 33 4036 130 4100; x_wconf 76' lang='grc' dir='ltr'>διδόναι</span> <span class='ocrx_word' id='word_1_315' title='bbox 154 4039 226 4098; x_wconf 77' lang='grc' dir='ltr'>κατὰ</span> <span class='ocrx_word' id='word_1_316' title='bbox 250 4033 400 4116; x_wconf 83' lang='grc' dir='ltr'>ἀναλογίαν</span> <span class='ocrx_word' id='word_1_317' title='bbox 423 4037 480 4108; x_wconf 92' lang='grc' dir='ltr'>τοῖς</span> <span class='ocrx_word' id='word_1_318' title='bbox 503 4033 608 4095; x_wconf 84' lang='grc' dir='ltr'>ἐνδεέσι</span> <span class='ocrx_word' id='word_1_319' title='bbox 631 4031 678 4094; x_wconf 84' lang='grc' dir='ltr'>καί</span> <span class='ocrx_word' id='word_1_320' title='bbox 701 4029 812 4113; x_wconf 83' lang='grc' dir='ltr'>ἀπόροις</span> <span class='ocrx_word' id='word_1_321' title='bbox 835 4032 971 4108; x_wconf 83' lang='grc' dir='ltr'>μαθηταῖς</span> <span class='ocrx_word' id='word_1_322' title='bbox 993 4032 1072 4090; x_wconf 78' lang='grc' dir='ltr'>αὐτοῦ</span> <span class='ocrx_word' id='word_1_323' title='bbox 1093 4029 1326 4109; x_wconf 83' lang='grc' dir='ltr'>ἀφιλοπροσώπως</span> 
     </span>
    </p>
   </div>
   <div class='ocr_carea' id='block_1_3' title="bbox 31 4144 1327 4240">
    <p class='ocr_par' dir='ltr' id='par_1_3' title="bbox 31 4144 1327 4240">
     <span class='ocr_line' id='line_1_32' title="bbox 31 4144 1327 4240; baseline -0.008 -22"><span class='ocrx_word' id='word_1_324' title='bbox 31 4159 73 4220; x_wconf 84' lang='grc' dir='ltr'>καὶ</span> <span class='ocrx_word' id='word_1_325' title='bbox 96 4161 126 4220; x_wconf 86' lang='grc' dir='ltr'>ἐν</span> <span class='ocrx_word' id='word_1_326' title='bbox 148 4159 263 4240; x_wconf 81' lang='grc' dir='ltr'>καθαρῷ</span> <span class='ocrx_word' id='word_1_327' title='bbox 286 4157 415 4218; x_wconf 79' lang='grc' dir='ltr'>συνειδότι</span> <span class='ocrx_word' id='word_1_328' title='bbox 437 4161 528 4234; x_wconf 81' lang='grc' dir='ltr'>ψυχῆς</span> <span class='ocrx_word' id='word_1_329' title='bbox 549 4156 617 4236; x_wconf 73' lang='grc' dir='ltr'>πρός</span> <span class='ocrx_word' id='word_1_330' title='bbox 639 4153 802 4235; x_wconf 82' lang='grc' dir='ltr'>περίθαλψιν</span> <span class='ocrx_word' id='word_1_331' title='bbox 829 4151 876 4214; x_wconf 89' lang='grc' dir='ltr'>καί</span> <span class='ocrx_word' id='word_1_332' title='bbox 898 4153 1059 4231; x_wconf 86' lang='grc' dir='ltr'>κυβέρνησιν</span> <span class='ocrx_word' id='word_1_333' title='bbox 1083 4152 1170 4210; x_wconf 80' lang='grc' dir='ltr'>αῦτῶν</span> <span class='ocrx_word' id='word_1_334' title='bbox 1193 4144 1258 4228; x_wconf 86' lang='grc' dir='ltr'>άχρι</span> <span class='ocrx_word' id='word_1_335' title='bbox 1280 4153 1327 4208; x_wconf 90' lang='grc' dir='ltr'>τοῦ</span> 
     </span>
    </p>
   </div>
   <div class='ocr_carea' id='block_1_4' title="bbox 33 4271 1327 4606">
    <p class='ocr_par' dir='ltr' id='par_1_4' title="bbox 33 4271 1327 4606">
     <span class='ocr_line' id='line_1_33' title="bbox 33 4271 1327 4360; baseline -0.007 -22"><span class='ocrx_word' id='word_1_336' title='bbox 33 4285 161 4353; x_wconf 77' lang='grc' dir='ltr'>σώζεσθαι</span> <span class='ocrx_word' id='word_1_337' title='bbox 187 4279 234 4340; x_wconf 84' lang='grc' dir='ltr'>καί</span> <span class='ocrx_word' id='word_1_338' title='bbox 262 4281 446 4360; x_wconf 87' lang='grc' dir='ltr'>συντηρεῖσθαι</span> <span class='ocrx_word' id='word_1_339' title='bbox 471 4277 518 4338; x_wconf 87' lang='grc' dir='ltr'>καί</span> <span class='ocrx_word' id='word_1_340' title='bbox 542 4277 708 4337; x_wconf 88' lang='grc' dir='ltr'>συνίστασθαι</span> <span class='ocrx_word' id='word_1_341' title='bbox 733 4277 763 4334; x_wconf 81' lang='grc' dir='ltr'>τό</span> <span class='ocrx_word' id='word_1_342' title='bbox 787 4277 849 4334; x_wconf 83' lang='grc' dir='ltr'>αῦτδ</span> <span class='ocrx_word' id='word_1_343' title='bbox 872 4273 1003 4351; x_wconf 74' lang='grc' dir='ltr'>σχολαῖον</span> <span class='ocrx_word' id='word_1_344' title='bbox 1033 4273 1061 4331; x_wconf 85' lang='grc' dir='ltr'>ἐν</span> <span class='ocrx_word' id='word_1_345' title='bbox 1086 4279 1120 4354; x_wconf 81' lang='grc' dir='ltr'>τῇ</span> <span class='ocrx_word' id='word_1_346' title='bbox 1148 4273 1221 4351; x_wconf 80' lang='grc' dir='ltr'>νησῳ</span> <span class='ocrx_word' id='word_1_347' title='bbox 1243 4271 1327 4354; x_wconf 79' lang='grc' dir='ltr'>ταθτφ,</span> 
     </span>
     <span class='ocr_line' id='line_1_34' title="bbox 34 4391 1327 4484; baseline -0.007 -23"><span class='ocrx_word' id='word_1_348' title='bbox 34 4403 145 4484; x_wconf 82' lang='grc' dir='ltr'>Πάτμῳ,</span> <span class='ocrx_word' id='word_1_349' title='bbox 174 4404 318 4479; x_wconf 84' lang='grc' dir='ltr'>ἑπομένως</span> <span class='ocrx_word' id='word_1_350' title='bbox 341 4401 372 4461; x_wconf 85' lang='grc' dir='ltr'>δὲ</span> <span class='ocrx_word' id='word_1_351' title='bbox 395 4400 615 4482; x_wconf 85' lang='grc' dir='ltr'>προσδραμόντες</span> <span class='ocrx_word' id='word_1_352' title='bbox 638 4403 670 4480; x_wconf 70' lang='grc' dir='ltr'>τῇ</span> <span class='ocrx_word' id='word_1_353' title='bbox 692 4396 805 4480; x_wconf 84' lang='grc' dir='ltr'>προνοίᾳ</span> <span class='ocrx_word' id='word_1_354' title='bbox 831 4394 877 4456; x_wconf 87' lang='grc' dir='ltr'>καί</span> <span class='ocrx_word' id='word_1_355' title='bbox 905 4393 1075 4473; x_wconf 83' lang='grc' dir='ltr'>δεφενδεῦσει</span> <span class='ocrx_word' id='word_1_356' title='bbox 1100 4399 1150 4470; x_wconf 77' lang='grc' dir='ltr'>τῖης</span> <span class='ocrx_word' id='word_1_357' title='bbox 1173 4391 1327 4468; x_wconf 86' lang='grc' dir='ltr'>ἐκκλησίας</span> 
     </span>
     <span class='ocr_line' id='line_1_35' title="bbox 33 4515 1327 4606; baseline -0.011 -22"><span class='ocrx_word' id='word_1_358' title='bbox 33 4525 181 4604; x_wconf 75' lang='grc' dir='ltr'>ἐδεήθησαν</span> <span class='ocrx_word' id='word_1_359' title='bbox 209 4527 318 4606; x_wconf 83' lang='grc' dir='ltr'>θερμῶς</span> <span class='ocrx_word' id='word_1_360' title='bbox 346 4521 544 4604; x_wconf 81' lang='grc' dir='ltr'>ἐπικυρωθῆναί</span> <span class='ocrx_word' id='word_1_361' title='bbox 566 4541 594 4581; x_wconf 89' lang='grc' dir='ltr'>τε</span> <span class='ocrx_word' id='word_1_362' title='bbox 619 4518 666 4580; x_wconf 88' lang='grc' dir='ltr'>καί</span> <span class='ocrx_word' id='word_1_363' title='bbox 690 4519 873 4596; x_wconf 79' lang='grc' dir='ltr'>βεβαιωθῆναι</span> <span class='ocrx_word' id='word_1_364' title='bbox 899 4517 930 4576; x_wconf 83' lang='grc' dir='ltr'>τ“ο</span> <span class='ocrx_word' id='word_1_365' title='bbox 952 4517 1098 4597; x_wconf 84' lang='grc' dir='ltr'>θεάρεστσυ</span> <span class='ocrx_word' id='word_1_366' title='bbox 1132 4515 1212 4594; x_wconf 77' lang='grc' dir='ltr'>ἔργον</span> <span class='ocrx_word' id='word_1_367' title='bbox 1240 4515 1327 4574; x_wconf 82' lang='grc' dir='ltr'>αἰτῶν</span> 
     </span>
    </p>
   </div>
   <div class='ocr_carea' id='block_1_5' title="bbox 31 4632 1327 4788">
    <p class='ocr_par' dir='ltr' id='par_1_5' title="bbox 31 4632 1327 4788">
     <span class='ocr_line' id='line_1_36' title="bbox 31 4632 1327 4722; baseline -0.012 -16"><span class='ocrx_word' id='word_1_368' title='bbox 31 4653 104 4708; x_wconf 86' lang='grc' dir='ltr'>τοῦτο</span> <span class='ocrx_word' id='word_1_369' title='bbox 133 4646 167 4708; x_wconf 87' lang='grc' dir='ltr'>δι’</span> <span class='ocrx_word' id='word_1_370' title='bbox 193 4647 419 4722; x_wconf 84' lang='grc' dir='ltr'>ἐκκλησιαστικοῦ</span> <span class='ocrx_word' id='word_1_371' title='bbox 440 4645 520 4719; x_wconf 77' lang='grc' dir='ltr'>ἡμῶν</span> <span class='ocrx_word' id='word_1_372' title='bbox 549 4641 745 4720; x_wconf 80' lang='grc' dir='ltr'>βεβαιωτηρίου</span> <span class='ocrx_word' id='word_1_373' title='bbox 768 4641 932 4718; x_wconf 89' lang='grc' dir='ltr'>γράμματος</span> <span class='ocrx_word' id='word_1_374' title='bbox 958 4635 998 4708; x_wconf 83' lang='grc' dir='ltr'>εἰς</span> <span class='ocrx_word' id='word_1_375' title='bbox 1024 4637 1116 4712; x_wconf 74' lang='grc' dir='ltr'>κοινὴν</span> <span class='ocrx_word' id='word_1_376' title='bbox 1144 4637 1230 4695; x_wconf 82' lang='grc' dir='ltr'>αὐτῶν</span> <span class='ocrx_word' id='word_1_377' title='bbox 1256 4632 1327 4694; x_wconf 83' lang='grc' dir='ltr'>κατὰ</span> 
     </span>
     <span class='ocr_line' id='line_1_37' title="bbox 1085 4741 1119 4788; baseline 0 0"><span class='ocrx_word' id='word_1_378' title='bbox 1085 4741 1119 4788; x_wconf 77' lang='lat'>22</span> 
     </span>
    </p>
   </div>
   <div class='ocr_carea' id='block_1_6' title="bbox 0 0 1596 5278">
    <p class='ocr_par' dir='ltr' id='par_1_6' title="bbox 0 0 1596 5278">
     <span class='ocr_line' id='line_1_38' title="bbox 0 0 1596 5278; baseline 0 0"><span class='ocrx_word' id='word_1_379' title='bbox 0 0 1596 5278; x_wconf 95' lang='lat' dir='ltr'> </span> 
     </span>
    </p>
   </div>
  </div>
 </body>
</html>
