3162 5278
1261 320 1323 384 281

45 511 177 592 ἀγγελικόν
205 518 313 592 σχῆμα,
340 513 386 572 ἵνα
412 511 498 587 καὶὴ
521 515 659 594 προσευχὴ
687 514 762 589 ὑμῶν
784 515 846 573 τότε
868 511 915 572 καὶ
937 516 955 588 ἡ
980 513 1071 588 δέησις
1094 511 1155 592 περὶ
1177 518 1232 572 τῶν
1254 511 1324 588 θμε·

43 639 111 716 τέρυν
133 635 300 716 σραλμάιων
324 635 520 716 εὐπρόσδεκτος
542 637 656 714 γένηται
684 635 798 696 ἐνώπιον
825 638 871 696 τοῦ
894 636 1021 714 μεγάλου
1044 636 1107 696 θεοῦ
1133 634 1180 696 καί
1203 643 1324 717 σωτῆρος

42 761 105 832 ἡμῶν
127 760 218 834 Ἰησοῦ
241 759 368 838 Χριστοῦ,
393 751 423 816 σθ
444 759 462 834 η
485 760 566 837 χάρις
592 756 638 818 καὶ
661 758 692 818 τό
716 759 825 838 ἄπειρον
849 760 928 818 αὺτοῦ
953 759 1035 830 ἔλεος
1058 757 1101 834 εῖη
1125 757 1195 834 μετὰ
1215 756 1324 820 πάντων

42 881 109 954 ὑμῶν.
130 881 213 955 ἀμήν.
239 875 356 964 ἔτ[ους]
382 877 473 960 ,ζπη’,
497 877 705 952 ίνδικτιώνος
727 879 764 956 η’.
788 881 809 958 γι

129 1003 149 1078 †
172 1002 374 1082 Σωρρόνιος,
403 1001 490 1082 ἐλέῳ
513 1003 588 1064 θεοῦ
610 1004 822 1083 πατριάρχης
844 1008 901 1079 τῆς
924 1003 1024 1082 ἁγίας
1046 1005 1179 1076 πόλεως
1203 1004 1323 1086 Ἱεροσ-

40 1124 192 1200 :amm

125 1251 273 1322 Archetyp.
298 1253 405 1308 membr.
430 1253 508 1308 Flor.
527 1254 569 1308 ΙΙ.
593 1269 643 1308 τινα
659 1255 708 1306 46,
739 1253 846 1308 Tabula
869 1255 948 1308 όίπσίσ
970 1260 1009 1308 ιιι
1030 1252 1111 1308 valde
1134 1272 1253 1310 corrosa.

265 1624 417 1691 CXXIV.
443 1623 669 1710 nol-1593,
692 1648 802 1691 mense
826 1627 909 1710 iulio,
934 1626 999 1691 ind.
1021 1627 1078 1692 VI.

36 1774 189 1828 Ραίτιῖινιώα
206 1775 335 1827 Ieremias
347 1774 389 1828 II.
413 1773 544 1842 declarat,
568 1775 758 1828 πιοιιαιίοσίιιπι
783 1773 812 1830 S.
830 1775 942 1829 Mariae
964 1773 1168 1829 Εαοσίιονίσπαε
1188 1776 1323 1832 ininsula

123 1881 208 1946 Paro,
234 1879 305 1948 quod
321 1885 420 1947 ροιισο
438 1876 474 1946 fit
495 1878 651 1932 πιιιοσθίιιπι
674 1877 772 1932 Sancti
786 1879 907 1949 Ιοαιιιιίιι,
932 1896 987 1934 εσσε
1009 1881 1222 1950 ιιαανσριρίιιπι.

125 2045 353 2125 γἸερεμίας,
391 2045 478 2124 ἐλέῳ
512 2045 589 2104 θεοῦ
623 2043 890 2124 άρχιεπίσκοπσς
918 2047 1322 2128 Πωνσταντινουπόλεως,

33 2165 110 2238 ,θέης
133 2161 279 2248 Ῥώμης,
302 2165 357 2225 καὶ
381 2164 615 2242 οίκουμενικός
636 2169 855 2248 πατριάρχης·
880 2169 900 2246 ῖ

125 2342 227 2418 ηΤῆς
254 2341 334 2416 ἡμῶν
365 2342 539 2420 μετριότητος
565 2339 713 2412 συνοδικώς
740 2344 967 2422 προκαθημένης,
1000 2343 1228 2423 συνεδρισιζόντων
1256 2365 1322 2426 αυτη

33 2460 70 2518 καὶ
99 2469 151 2520 τῶν
181 2463 401 2542 καθευρεθὲντων
431 2461 585 2542 ἱερωτάτων
613 2463 774 2543 ἀρχιερέων,
806 2464 841 2524 δι’
870 2463 1006 2544 ἀναρσροῖς
1040 2464 1247 2545 ἀσραλεστάτης
1277 2469 1322 2525 τοῦ

33 2583 231 2661 θεοριλεστσίτου
260 2583 472 2664 ἀρχιεπισκόπσυ
497 2584 598 2663 Πάρου,
628 2589 678 2664 κῦρ
702 2585 845 2666 Ἰερεμίου,
875 2585 903 2644 ἐν
931 2586 1001 2665 άγίῳ
1028 2586 1158 2660 πνεύματι
1182 2586 1323 2664 ἀγαπητοῦ

34 2704 143 2784 ίέελρσῦ
171 2708 254 2783 αὐτῆς
280 2704 327 2766 καὶ
354 2707 575 2787 συλλειτουργοῦ,
605 2707 734 2782 ἐδηλώθη
764 2707 811 2766 καὶ
839 2707 972 2782 ἐπιστώθη
1002 2707 1139 2787 ἐναργῶς,
1170 2709 1210 2768 ότι
1238 2708 1322 2788 ἐντῇ

33 2827 109 2906 Πάρῳ
135 2831 210 2906 νήσῳ
237 2821 309 2888 κατά
335 2831 365 2887 τό
393 2829 477 2908 μέρος
504 2831 550 2887 τοῦ
573 2827 703 2905 Περάλσυ
727 2827 928 2906 ἀνῳκοδομήθη
951 2829 1017 2900 ναός
1041 2828 1084 2886 ἐπ’
1107 2828 1219 2903 ὀνόματι
1241 2849 1324 2905 τιμη-

32 2946 79 3019 θεὶς
101 2956 151 3024 της
173 2948 315 3026 Παναγίας
342 2955 392 3024 τῆς
415 2947 630 3029 Ἐξωχωριανῆς
654 2951 784 3030 πρότερον
808 2947 985 3029 καθιερωθεῖς
1008 2952 1205 3030 σταυρσπήγισν
1226 2969 1324 3029 πατρι-
1396 3021 1401 3032 ,

32 3073 136 3146 αρχικόν
172 3068 260 3150 ἐξόδῳ
299 3069 345 3130 καὶ
381 3071 490 3152 δαπάνη
524 3071 768 3152 πλουσιοπαρόχων
801 3077 880 3129 τινῶν
913 3077 967 3129 τῶν
1001 3071 1091 3130 ἐκεῖσε
1126 3070 1323 3151 εὑρισκομένων

31 3189 232 3266 εὀλαβεστάτων
267 3197 408 3270 μσναχῶν,
448 3192 543 3262 οἵτινες
578 3192 642 3271 θείῳ
676 3193 754 3270 ζήλῳ
787 3193 940 3268 κινούμενοι
974 3192 1023 3264 τὰς
1058 3192 1239 3268 σίνοικοάσμάς
1276 3191 1323 3252 καὶ

31 3310 183 3385 βελτιώσεις
210 3311 263 3374 τῶν
292 3313 373 3372 θείων
401 3321 491 3388 μονῶν
519 3313 581 3394 περὶ
607 3315 734 3375 πλείστου
758 3319 902 3376 ποιοῦνται.
931 3312 990 3374 ἐπεὶ
1014 3314 1045 3374 δὲ
1069 3315 1186 3390 ἐζητηθη
1209 3313 1255 3374 καί
1279 3315 1324 3376 διὰ

31 3435 216 3511 τιγιλλιώόους
238 3439 434 3515 πατριαρχικοῦ
457 3439 620 3514 γράμματος
643 3436 840 3516 ἐπικυρωθῆναι
866 3438 896 3495 τό
919 3441 1021 3496 τοιοῦτο
1044 3436 1209 3515 ψυχωρελὲς
1233 3437 1323 3519 ἔργον,

30 3555 62 3626 υἰς
87 3559 120 3616 ἂν
149 3555 189 3629 εἰς
215 3557 247 3616 τό
275 3554 341 3631 ἑξῆς
368 3557 407 3632 μὴ
436 3557 490 3638 ἔχη
516 3557 576 3616 τινὰ
603 3557 731 3637 ἐπήρειαν
758 3560 833 3636 παρά
855 3578 885 3616 τε
908 3561 953 3617 τοῦ
976 3558 1047 3617 κατά
1068 3560 1149 3618 τόπον
1173 3558 1324 3640 ἀρχιερέως

29 3677 144 3738 καὶτῶν
166 3679 275 3758 ἀλλων,
305 3680 343 3751 ώς
364 3679 560 3758 πατριαρχικάν
583 3681 792 3758 σταυροπηγιον,
819 3679 911 3738 τοῦτου
934 3677 1015 3758 χάριν
1037 3681 1054 3756 ἡ
1079 3683 1223 3758 μετριότης
1244 3682 1323 3756 ἡμῶν

29 3803 161 3877 γράρσυσα
183 3801 405 3879 παρακελεύεται
430 3800 457 3859 ἐν
482 3799 551 3878 ἁγίῳ
574 3801 705 3875 πνεύματι
729 3800 774 3860 όιά
796 3804 842 3860 τοῦ
861 3801 995 3880 παρόντος
1016 3800 1210 3880 σιγιλλιώδους
1229 3803 1323 3882 γράμ-

30 3939 121 4000 ματος,
156 3921 201 3980 ἵνα
227 3923 245 3996 ἡ
273 3920 369 3980 νεωστὶ
403 3917 471 3997 αῦτη
503 3923 641 3982 κτισθεῖσα
675 3923 744 3996 μονὴ
779 3927 828 3998 τῆς
857 3922 999 4000 Παναγίας
1032 3928 1081 3998 της
1109 3919 1323 4002 Ἐξωχωριανῆς

29 4049 129 4113 τιμά-,ιιι
152 4045 192 4112 ώς
214 4045 411 4122 πατριαρχικόν
434 4045 631 4123 σταυρσπηγιον
653 4041 700 4102 καὶ
716 4045 769 4126 έχῃ
789 4045 819 4102 τό
843 4043 1029 4122 ἀνενόχλητον
1051 4041 1098 4103 καὶ
1121 4045 1323 4122 ἀνεπηρέαστον

30 4160 63 4233 εἰς
92 4163 178 4222 σίῶνσι
208 4165 255 4222 τόν
286 4165 391 4222 ἅπαντα
421 4166 496 4244 παρὰ
526 4166 626 4236 παντός
655 4167 799 4243 προσώπου
833 4163 983 4244 ἱερωμένου
1006 4186 1035 4224 τε
1069 4163 1115 4224 καὶ
1144 4167 1243 4224 λαῖκοῦ
1275 4162 1323 4224 καὶ

30 4285 100 4342 ins&
123 4288 169 4345 τοῦ
196 4284 269 4346 κατὰ
295 4287 377 4346 τόπον
405 4285 616 4365 ἀρχιεπισκόπου
641 4285 742 4365 Πάρου,
770 4287 837 4364 προς
861 4284 892 4344 δὲ
920 4284 967 4344 καὶ
990 4285 1060 4368 τελῇ
1088 4287 1149 4346 κατ’
1174 4287 1234 4358 ἔτος
1255 4289 1322 4367 πρός

27 4409 70 4478 τἠν
95 4408 159 4467 καθ’
183 4408 259 4482 ἡμᾶς
283 4407 412 4486 μεγάλην
441 4407 592 4482 ἐκκλησίαν
619 4413 668 4484 τῆς
690 4407 1005 4478 Κωνσταντινσυπόλεως
1035 4409 1120 4487 κηρόν
1146 4408 1248 4488 λιτρῶν
1276 4407 1322 4468 δύο

27 4527 161 4606 ῦπστοιγῆς
192 4531 284 4610 χάριν,
317 4530 356 4600 ώς
386 4526 433 4588 καὶ
462 4529 496 4587 τὰ
527 4529 612 4588 λοιπὰ
642 4529 825 4609 πατριαρχικά
855 4531 1052 4608 σταυροπηγιοι,
1084 4529 1249 4608 όρειλόντων
1275 4527 1322 4588 καὶ

26 4658 75 4706 τών
108 4652 197 4712 ἐκεῖσε
231 4651 390 4730 ἱερωμένων
419 4652 572 4732 προσώπων
604 4648 646 4710 ἀεὶ
679 4651 856 4726 μνημονεῦειν
886 4654 932 4710 τοῦ
961 4655 1157 4731 πατριαρχικοῦ
1191 4651 1323 4726 όνόματος
