3184 5288
1282 359 1323 426 83

41 563 116 620 πάντα
138 555 310 638 ἑξουσιὰζειν,
338 557 409 620 κατὰ
431 557 479 634 τὴν
507 557 659 636 μοναχικὴν
682 555 823 637 ἀκρίβειαν
845 553 892 616 καί
919 558 1086 636 συντήρησιν,
1114 554 1324 630 ἁναλαβόμενος

42 683 93 758 μετ’
113 682 190 742 αὐτοῦ
213 683 336 760 μοναχδν
359 679 458 762 ἀκριβῆ
480 678 527 739 καί
550 683 677 757 νουνεχῆ,
699 680 729 738 δν
753 681 785 738 ἁν
808 679 914 760 θελήσῃ
936 677 983 738 καί
1005 679 1101 760 πέμψῃ
1124 678 1139 736 ό
1161 679 1234 755 θεός,
1256 679 1324 758 πρδς

40 807 64 862 τό
86 805 155 882 ἐχειν
176 802 355 882 παιδοτρίβην
379 801 419 875 είς
445 804 494 877 τὴν
520 803 704 876 πνευματικὴν
731 802 904 879 κατάστασιν,
932 801 971 876 μὴ
998 801 1176 874 κωλυόμενος
1197 802 1272 880 παρά
1293 819 1323 858 τε

40 931 84 984 τῶν
104 930 233 1002 μοναχῶν
254 928 273 998 ἢ
295 923 357 1004 περὶ
380 917 410 983 οὗ
433 923 536 1002 ἔφημεν
567 922 750 1003 παιδοτρίβου,
774 921 841 982 ἁλλ’
866 922 941 1000 έχειν
966 923 1045 982 αῦτδν
1067 926 1156 981 πάσαν
1178 921 1227 996 τὴν
1250 918 1325 992 ἐξου-

40 1047 89 1104 άαν
113 1043 158 1106 καί
185 1049 331 1124 κυριότητα
360 1043 407 1104 καί
438 1042 615 1124 ἀναφαίρετον
647 1043 816 1122 δεσποτείαν,
847 1042 966 1120 ψάλλειν
996 1063 1026 1102 τε
1053 1040 1101 1102 καί
1128 1041 1326 1120 ὑπερεῦχεσθαι

40 1169 94 1246 1’πέρ
119 1189 148 1226 τε
176 1171 222 1226 τοῦ
249 1169 378 1246 κραταιοῦ
405 1163 452 1226 καὶ
480 1164 558 1244 ἁγίου
584 1166 665 1240 ἡμῶν
694 1164 846 1242 βασιλέως,
873 1165 973 1235 παντδς
999 1167 1046 1224 τοῦ
1072 1164 1177 1238 κόσμου
1203 1161 1250 1224 καί
1276 1169 1326 1238 τῆς

40 1288 99 1364 ἐμῆς
121 1287 297 1364 ἁναξιότητος
320 1287 508 1364 μνημονεῦειν.
538 1285 588 1346 εἰσί
612 1285 643 1346 δέ
666 1285 692 1346 σί
714 1286 942 1363 καταλειφθέντες
965 1283 1082 1364 μοναχοὶ
1110 1285 1139 1344 ἐν
1161 1291 1195 1368 τῇ
1217 1287 1326 1366 τοιαῦτη

40 1417 108 1492 μονῇ,
130 1411 268 1489 Nem
291 1412 424 1488 νονακὸα
448 1409 578 1485 Ἰνᾰννιτ
602 1409 734 1486 νονακότ,
750 1407 863 1482 Σάββα
886 1409 1019 1486 μαντικός,
1034 1407 1171 1486 Στέφανος
1194 1408 1326 1486 μανικὸς,

39 1529 162 1606 Ἰάκωβος
185 1533 318 1610 μοναχός,
349 1531 471 1606 Νικήτας
494 1533 627 1608 μοναχός,
650 1529 697 1588 καί
725 1573 1056 1591 ...........
1081 1527 1249 1599 Ἰωαννίκιος
1272 1549 1326 1603 μσ-

39 1654 123 1731 ντχός,
146 1651 374 1728 όΚαστελλίτης
397 1653 539 1728 Ἰωάννης,
562 1653 577 1710 ό
601 1656 678 1710 παπὰ
700 1645 837 1728 Γεωργιος
859 1651 1000 1730 όΛέριος,
1024 1647 1071 1708 καί
1093 1651 1144 1708 όσα
1165 1648 1260 1709 παιδία
1283 1648 1326 1708 διὰ

40 1775 78 1832 τδν
99 1775 159 1834 θεδν
184 1775 217 1834 ἐκ
239 1775 354 1854 βρέφους
377 1773 579 1854 ἀνεθρεψάμην.
611 1769 658 1832 καί
681 1770 705 1830 εἰ
733 1771 783 1846 μὲν
810 1775 967 1851 καρτεροῦσι
989 1768 1037 1830 καί
1060 1769 1217 1830 δουλεύουσι
1239 1769 1327 1830 καλόν

40 1893 74 1965 είς
93 1896 139 1969 τὴν
166 1895 248 1971 αὐτὴν
277 1897 372 1975 μόνην,
400 1893 445 1954 ἵνα
467 1891 518 1952 εἰσὶ
541 1891 587 1952 καί
611 1887 682 1952 οῦτοι
705 1891 834 1970 ἀδελφοί.
866 1891 880 1949 ό
904 1891 936 1952 δὲ
960 1893 1083 1968 μοναχδς
1105 1892 1215 1962 Λουκᾶς
1242 1889 1326 1950 καίό

41 2019 151 2092 μονσχός
172 2015 316 2094 Κῦριλλος
342 2013 389 2076 καὶ
416 2017 430 2074 ό
454 2016 577 2090 μοναχδς
604 2013 728 2092 Ζωίλος,
758 2011 816 2072 ἐπεὶ
840 2012 1038 2093 ἁπεσκίρτησαν
1065 2009 1112 2071 καὶ
1139 2010 1327 2093 ἐχωρίσθησαν

42 2131 81 2193 εἰτ’
106 2137 183 2214 ἐμοῦ,
208 2135 232 2195 εί
256 2136 399 2211 βούλονται
425 2135 587 2216 προσελθεῖν
615 2133 750 2207 βαλόντες
778 2136 955 2213 μεντοίνοιαν,
983 2128 1058 2213 ᾧπερ
1084 2138 1118 2214 τῇ
1146 2130 1254 2216 ἐξουσίᾳ
1277 2153 1328 2207 μου

40 2262 69 2334 τῃ
94 2257 233 2334 ἀντιλήψει
259 2261 305 2317 τοῦ
326 2261 456 2336 κραταιοῦ
483 2255 530 2316 καὶ
553 2255 631 2334 ἁγίου
652 2257 732 2332 ἡμῶν
763 2255 902 2329 βασιλέως
930 2253 1127 2333 ἐδωρησάμην,
1150 2253 1197 2337 ἵνα,
1217 2251 1328 2329 δέξηται

42 2375 125 2447 αἰτοδς
149 2375 196 2438 καὶ
226 2377 298 2438 κατὰ
323 2380 372 2452 τὴν
398 2376 474 2450 τάξιν
502 2377 563 2449 ένδς
590 2378 705 2438 ἑκάστου
729 2375 855 2456 διανέμῃ,
879 2376 918 2450 μὴ
943 2376 1017 2452 ἔχειν
1038 2394 1069 2434 τε
1092 2375 1196 2452 αίντοῦς,
1219 2376 1265 2434 τδν
1289 2421 1295 2432 .
1320 2421 1326 2434 .

43 2545 48 2554 .
73 2544 80 2558 .
107 2545 112 2557 .
141 2547 148 2561 .
181 2497 321 2578 Κῦριλλον
347 2497 395 2559 καὶ
423 2501 532 2559 Λουκάν
563 2501 581 2572 ἢ
608 2497 656 2558 καί
684 2518 758 2570 τινας
789 2497 894 2567 ἄλλους
923 2504 977 2556 τῶν
1008 2503 1138 2575 μσναχιῖιν
1167 2501 1218 2572 της
1248 2496 1329 2571 αὺτης

43 2625 117 2694 μονῆς
150 2619 341 2682 ἐπανίστασθαι
376 2621 415 2700 τῷ
450 2621 557 2700 ῥηθέντι
592 2619 788 2701 χαριστικαρίῳ
821 2621 900 2694 ἡμῶν
936 2617 1009 2697 κυρῷ
1040 2617 1181 2696 Θεοδοσίῳ
1214 2617 1254 2696 τῷ
1282 2623 1329 2678 τοῦ

44 2740 203 2820 Καστρισίου,
228 2742 257 2800 ἐν
280 2735 320 2812 οἷς
342 2744 453 2822 πράττει
475 2741 522 2802 καί
545 2741 683 2820 βοῦλεται,
707 2743 746 2816 μὴ
768 2740 947 2816 κωλυόμενος
968 2741 1032 2819 παρ’
1056 2738 1220 2816 οἱσυδήτινος
1243 2761 1329 2820 προσ-

42 2854 115 2942 ώπου,
137 2863 215 2942 ἁλλ’,
245 2865 289 2934 ὡς*
312 2865 485 2943 προέφημεν,
512 2867 589 2923 τοῦτο
623 2864 705 2936 μόνον
738 2861 880 2942 φυλάττειν
912 2863 990 2921 αὐτόν
1024 2861 1085 2940 περὶ
1112 2867 1165 2921 τῶν
1192 2866 1329 2940 συγγενῶν

44 2982 124 3060 αἰτοῦ,
151 2988 198 3044 τοῦ
225 2985 264 3060 μὴ
292 2984 432 3060 βλαβῆναι
458 2985 507 3057 τὴν
534 2985 623 3062 ψυχὴν
651 2985 730 3044 αὺτοῦ
758 2984 793 3043 δι’
823 2984 933 3055 αὺτούς·
961 2983 994 3042 τὰ
1023 2982 1128 3042 δ’ἄλλα
1154 2985 1242 3042 πάντα
1271 2981 1328 3042 εἰσ-

43 3106 155 3180 πράττειν
184 3106 232 3164 καί
264 3106 408 3166 διευθετεῖν
435 3111 488 3164 τῶν
521 3106 549 3164 ἐν
576 3112 610 3186 τῇ
638 3112 708 3186 μονῇ
736 3106 886 3177 ἁκωλῦτως
912 3104 959 3165 καὶ
986 3105 1110 3180 βελτιοῦν
1133 3104 1330 3182 ἁνοικοδομῶν,

44 3223 74 3292 ὡς
95 3225 242 3302 δυνάμενος
265 3227 335 3307 ἔχει,
363 3225 409 3286 καί
432 3227 531 3306 κυρίως
559 3225 605 3285 καὶ
634 3228 797 3298 αῦθεντικιῦς
823 3228 888 3305 παρ’
912 3227 981 3302 ὅλην
1009 3228 1101 3302 βιοτὴν
1125 3228 1214 3304 αὺτοῦ,
1237 3224 1330 3296 καθὼς

44 3344 82 3403 καί
105 3349 168 3426 παρ’
196 3346 258 3423 ἐμοὶ
285 3349 406 3427 ίατηρχεν
432 3350 450 3422 ἡ
475 3345 584 3420 ἐξουσία
612 3349 640 3407 ἐν
667 3354 701 3430 τῇ
728 3347 839 3431 ῥηθείσῃ
864 3355 944 3430 μονῇ,
968 3357 1002 3432 τῇ
1025 3349 1167 3428 ἀντιλήψει
1189 3353 1236 3408 τοῦ
1258 3369 1329 3427 κρα-

43 3472 106 3526 ταιοῦ
126 3467 172 3529 καί
195 3469 274 3548 ἁγίου
296 3471 376 3546 ἡμῶν
400 3469 546 3544 βασιλέως.
578 3470 623 3528 σὐν
646 3471 748 3540 τούτοις
769 3475 833 3528 πᾶσι
864 3469 967 3529 καὶτὰ
990 3471 1085 3545 βιβλία
1108 3490 1159 3545 μου
1182 3466 1290 3554 (καθὼς
1313 3471 1329 3543 ἡ

47 3585 174 3668 ἐπιγραφὴ
198 3590 286 3648 αἰετῶν
308 3593 442 3668 περιέχει,
468 3586 507 3675 [ἡ]
532 3589 579 3650 καὶ
601 3590 741 3669 ὑπεγράφη
765 3588 952 3670 οἰκειοχείρως
973 3593 1038 3671 παρ’
1063 3587 1144 3674 ἐμοῦ)
1167 3593 1263 3668 πάντα,
1286 3589 1330 3648 ίνα

47 3704 87 3764 εἰσὶ
107 3709 133 3768 ἐν
154 3716 187 3792 τῇ
210 3710 320 3792 τοιοῦτῃ
343 3716 413 3793 μονῇ
436 3716 486 3786 τῆς
510 3712 633 3791 ίίοίτμου,
665 3713 758 3786 ἥντινα
785 3711 945 3790 ἀπογραφὴν
971 3717 1025 3772 τῶν
1047 3709 1128 3790 ίεριῖιν
1152 3711 1258 3770 δέλτων
1281 3711 1329 3770 δέ·

47 3825 112 3886 διικα
131 3828 168 3908 τῷ
191 3830 300 3911 ψηθέντι
322 3831 399 3892 παιδί
424 3851 475 3907 μου
497 3830 682 3910 πνευματικῖμ,
705 3831 778 3910 κυρῷ
802 3830 962 3912 Θεοδωσίῳ,
984 3835 1052 3912 πρός
1073 3833 1104 3892 τδ
1127 3833 1165 3906 μὴ
1188 3831 1284 3891 λαθεῖν
1306 3851 1332 3889 τι

49 3947 87 4005 ἐπ’
112 3953 204 4014 αῖνιιῖιν.
228 3952 290 4025 τοῦς
313 3952 344 4013 δέ
367 3955 439 4033 τρεῖς
462 3973 514 4028 μου
537 3954 672 4032 ἀνεψιοὺς,
704 3955 749 4012 τόν
771 3973 801 4013 τε
824 3955 946 4032 μοναχδν
970 3951 1113 4032 Θεοφάνην
1136 3950 1182 4012 καί
1204 3973 1331 4032 παροινο-

47 4073 117 4144 νόμον
141 4081 193 4134 τῶν
221 4075 365 4153 Στουδίιυν,
390 4075 546 4155 Ἔηιιφάνιον
576 4073 623 4135 καὶ
648 4074 788 4154 Ἰωάννην,
816 4071 912 4148 ξένους
937 4077 1092 4135 παντάπασι
1113 4079 1183 4134 ποιῶ
1207 4074 1259 4132 ἁπδ
1281 4079 1330 4148 τῆς

49 4190 108 4268 ἐμῆς
141 4195 278 4277 μάνδρας,
313 4195 362 4256 οὒκ
393 4197 505 4275 ἔχοντες
544 4194 667 4269 ἐξουσίαν
703 4189 742 4269 εἷς
773 4197 805 4256 ἐκ
834 4197 934 4256 τούτων
963 4196 1029 4257 ποτὲ
1059 4200 1153 4277 καιροῦ
1183 4199 1201 4270 ἢ
1232 4197 1331 4275 χρόνου

47 4317 119 4372 κινεῖν
145 4337 168 4376 τι
197 4321 215 4392 ἢ
245 4318 341 4395 λέγειν
370 4319 438 4398 πρός
467 4319 513 4377 τὀν
549 4317 615 4392 έμδν
649 4321 852 4398 χαριστικάριον
883 4317 929 4376 καί
960 4326 1012 4376 τῶν
1044 4317 1072 4376 ἐν
1101 4323 1135 4397 τῇ
1166 4323 1236 4398 μονῇ
1267 4315 1331 4376 δια-

49 4435 175 4511 φερόντων.
206 4441 252 4498 τόν
282 4438 314 4498 δέ
341 4441 464 4516 μοναχὸν
493 4437 684 4517 Θεοδώρητον,
714 4439 761 4497 ἐὰν
788 4437 834 4498 καί
867 4439 973 4521 ἐπέλθῃ
1003 4439 1127 4516 θάνατος,
1158 4440 1228 4515 ᾰφιιῦ
1259 4437 1331 4516 αὐτῷ

48 4555 184 4631 νομίσματα
206 4559 285 4619 ἐννέα
314 4561 397 4636 χιάτα
424 4560 521 4635 λαβεῖν
550 4561 583 4620 ἐκ
610 4567 659 4635 τἠς
687 4565 772 4634 μονῆς
794 4579 846 4634 μου
876 4558 943 4639 ίνπὲρ
972 4563 1089 4636 ψυχικῆς
1113 4579 1164 4632 μου
1187 4558 1329 4637 σωτηρίας,

47 4673 90 4730 καί
114 4677 280 4758 ἐπέρχεσθαι,
304 4681 371 4739 όπου
392 4681 512 4742 κελεῦει.
542 4683 591 4750 τὰς
619 4681 649 4739 δὲ
678 4680 753 4759 ἱερὰς
779 4680 826 4740 καὶ
854 4681 929 4750 θείας
956 4678 1078 4758 εἰκόνας,
1102 4683 1135 4752 ἁς
1159 4682 1217 4760 ἔχω
1242 4679 1331 4760 ἐντῷ

1091 4800 1123 4851 61
