3160 5292
264 351 328 418 204

264 549 437 628 μετριότητος
464 555 514 626 τῇς
539 552 700 632 παραλόγου
728 552 820 610 τούτου
843 551 930 630 ὁρμῆς
953 549 1203 628 ἀναχαιτιοθήοεται
1226 547 1341 609 καὶτοῦ
1363 548 1427 630 παρ’
1452 551 1548 630 ένορίαν

265 671 413 744 ἐπιβαίνειν
437 671 543 744 ἐντοῖς
566 673 615 734 ύπδ
638 675 686 750 τἠν
709 674 795 748 μονὴν
822 676 867 732 τοῦ
890 671 1034 751 Θεολόγου
1056 675 1262 752 πατριαρχικοϊς
1283 673 1404 747 κτήμασι
1427 675 1549 748 κωλυθῇ-

263 812 350 854 σεται·
376 791 400 852 εἰ
422 793 476 874 γὰρ
498 796 517 872 ἡ
542 795 570 852 ἐν
594 795 706 870 ὀνόματι
727 799 773 855 τού
797 793 940 872 Θεολόγου
963 793 1091 872 ἱδρυμένη
1115 795 1184 868 μονῇ
1207 792 1245 871 τῷ
1267 793 1458 874 πατριοιρχικῷ
1480 791 1549 872 όιριὲ-

264 936 346 996 ρωται
374 917 474 996 θρόνῳ,
505 916 538 975 τὰ
565 917 608 976 ὑπ’
632 917 713 992 αὐτὴν
742 917 773 976 δὲ
800 917 886 974 πάντα
917 917 965 976 ύπδ
993 916 1041 989 τὴν
1068 916 1265 996 πατριαρχικίην
1292 917 1402 977 τελοῦσι
1430 917 1551 992 διοίκησιν

263 1035 309 1097 καὶ
335 1041 412 1098 τοῦτο
439 1038 661 1116 ὁμολογούμενον
687 1037 734 1098 καὶ
757 1034 879 1118 ἀρχῆθεν
903 1039 956 1110 ἕως
977 1043 1026 1112 τῇς
1049 1037 1128 1116 δεύρο
1149 1039 1326 1120 τελούμενον,
1348 1043 1409 1112 πῶς
1437 1039 1550 1120 όΑέρου

265 1163 293 1222 ἐν
315 1163 417 1234 τούτοις
440 1163 497 1234 ἔξει
511 1161 696 1242 παρείσδυσινς
720 1163 782 1222 ὅθεν
804 1154 851 1220 καί
875 1161 1016 1240 διορίζεται
1039 1161 1056 1234 ἡ
1081 1160 1223 1239 μετριότης
1244 1163 1325 1235 ἡμῶν
1349 1161 1395 1221 διὰ
1416 1166 1463 1222 τού
1486 1183 1549 1241 περ·

264 1287 340 1356 ὄντος
368 1286 449 1362 αὐτῆς
477 1287 654 1365 γράμματος,
683 1284 774 1358 μένειν
801 1281 848 1342 καί
877 1280 915 1354 εἰς
941 1283 1002 1353 τούς
1030 1280 1096 1357 όζῇς
1122 1283 1157 1340 τὰ
1178 1288 1228 1357 τῇς
1251 1288 1351 1364 μονῆς,
1375 1285 1413 1354 ὡς
1436 1284 1467 1342 τό
1488 1285 1549 1362 πρό-

263 1427 350 1486 τερον.
378 1405 425 1466 καὶ
448 1407 463 1466 ό
486 1407 537 1482 μὲν
558 1408 648 1485 Λέρου
676 1405 821 1476 ἐπίσκοπος
848 1401 952 1483 οτέρξει
975 1405 1111 1484 Σπάρταν,
1138 1407 1172 1479 ῇν
1196 1403 1295 1483 ἔλαχε,
1323 1403 1370 1464 καὶ
1397 1408 1455 1476 τοῖς
1483 1401 1550 1475 ἰδίοις

263 1529 346 1610 ὁρίοις
372 1529 568 1608 ἀρκεσθήσεται
595 1527 642 1588 καί
668 1527 734 1608 ύπὲρ
760 1527 793 1586 τό
822 1527 983 1602 ἐσκαμμένα
1005 1527 1036 1586 οὺ
1057 1527 1227 1606 προπηδήοει
1249 1529 1332 1588 ποτέ·
1355 1525 1484 1607 ἀφέξεται
1505 1529 1551 1606 γὰρ

262 1655 349 1729 ποίνινγ
375 1657 426 1729 τῇς
456 1657 542 1727 μονῆς
569 1656 616 1712 τοῦ
643 1649 788 1730 θεολόγον
819 1648 865 1711 καὶ
891 1656 944 1710 τῶν
975 1651 1017 1710 ὑπ’
1046 1651 1129 1724 αὐτὴν
1156 1651 1304 1726 κπημοίτων
1332 1649 1381 1710 καὶ
1412 1651 1552 1729 μετοχίων,

264 1773 327 1835 ούδὲ
354 1771 526 1854 ἱεροπραξίαν
552 1774 611 1834 τινὰ
637 1776 655 1848 ἢ
682 1773 849 1852 χειροτονίαν
876 1776 894 1847 ἡ
922 1780 985 1832 ναοῦ
1012 1773 1173 1852 καθιέρωσιν
1200 1772 1229 1832 ἐν
1253 1773 1343 1844 αύτοῖς
1369 1773 1488 1850 τελέσει,
1515 1773 1552 1830 ἵνα

264 1897 302 1972 μὴ
331 1899 389 1968 τοῖς
419 1895 671 1972 ἑπαιατεινομένοις
704 1895 775 1954 κατὰ
807 1900 861 1954 τῶν
890 1894 923 1954 τὰ
953 1894 1088 1973 ἀλλότρια
1117 1893 1300 1966 ἀκανονίοτως
1330 1895 1553 1974 σφετεριζομένων

264 2016 379 2095 σκόλοψι
400 2023 545 2099 περιπαρῇ,
569 2018 585 2076 ό
608 2017 639 2078 δὲ
660 2017 868 2096 καθηγούμενος
889 2021 938 2092 τῇς
961 2018 1007 2076 τού
1022 2013 1167 2094 Θεολόγου
1190 2021 1286 2096 μονῆς,
1310 2017 1324 2074 ό
1344 2021 1393 2094 κύρ
1409 2017 1429 2076 Γ
1431 2019 1553 2095 ερμανός,

263 2138 310 2202 καὶ
337 2139 362 2200 οί
394 2141 454 2214 μετ’
477 2141 556 2200 αύτδν
582 2140 828 2218 ἡγουμενεύσοντες
857 2139 885 2198 ἑν
913 2139 979 2220 αύτῇ
1011 2136 1099 2211 ἕξουσι
1128 2139 1176 2212 τὴν
1206 2139 1392 2213 πνευματικὴν
1422 2135 1555 2217 όινοὶκριοιν

263 2260 310 2322 καὶ
338 2261 467 2337 διοίκησιν
490 2267 543 2322 τῶν
567 2263 595 2322 ἐν
617 2264 674 2333 τοῖς
695 2264 813 2337 κτήμασι
836 2267 885 2336 τῆς
908 2266 994 2336 μονῆς
1015 2262 1248 2339 προσκαθημένων
1271 2263 1389 2338 πάντων,
1412 2262 1555 2338 καθώσπερ

264 2379 341 2462 είχον
370 2384 517 2466 ἀνέκαθεν,
547 2382 593 2444 καί
620 2389 780 2459 ποιμανοῡσι
806 2384 915 2454 τούτους
940 2388 1129 2458 πνευματικῶς
1155 2383 1226 2442 κατὰ
1253 2383 1302 2456 τἠν
1330 2381 1443 2442 ἐνοῦσαν
1473 2383 1556 2451 αύτοῑς

265 2506 404 2586 διάκρισιν.
429 2503 504 2584 είπερ
528 2503 627 2566 δὲκαὶ
650 2505 802 2585 ἀρχιερέως
825 2505 911 2586 δεηθῇ
934 2506 949 2564 ό
971 2506 1178 2583 καθηγούμενος
1202 2502 1245 2564 ἐπὶ
1267 2503 1461 2586 χειροτονίᾳῆ
1484 2504 1556 2584 οίλλῃ

264 2625 313 2688 τινὶ
335 2624 503 2709 ίεροπραξίᾳ,
527 2627 670 2708 διορίζεται
697 2629 715 2702 ἡ
743 2631 886 2706 μετριότης
908 2627 997 2704 ἡμῶν,
1026 2627 1064 2701 μὴ
1087 2626 1303 2706 προσκαλεῖσθαι
1329 2627 1376 2686 τόν
1398 2631 1450 2701 τῇς
1473 2627 1557 2705 Λέρου

265 2749 409 2808 ἐπίσκοπον
414 2794 424 2825 ,
458 2748 502 2809 ίνα
535 2749 574 2824 μὴ
607 2747 645 2832 τῷ
678 2749 757 2828 λόγῳ
791 2755 840 2824 τῆς
873 2749 1055 2824 πληοιότητος
1088 2749 1127 2819 ὡς
1161 2745 1260 2807 οἰκεῖον
1295 2747 1327 2808 τό
1363 2748 1558 2828 πατριαρχικδν

266 2867 370 2931 δίκαιον
402 2869 449 2930 καί
479 2863 556 2944 ούτος
587 2871 638 2948 ὀψέ
667 2891 734 2930 ποτε
764 2871 960 2950 σρετερίσοιτο,
990 2869 1059 2930 ἀλλ’
1091 2867 1121 2941 ἐξ
1152 2871 1247 2950 ἑτέρας
1281 2869 1446 2946 ἐπισκοπῇς,
1481 2869 1558 2942 ἡνίκα

265 2991 360 3074 δεήσῃ,
384 2992 516 3074 ἀρχιερέα
539 2993 764 3068 μετακαλέσεται.
795 2993 877 3070 όνπερ
904 2989 951 3051 καὶ
980 2990 1148 3070 αἱρετίσεται.
1177 2990 1223 3050 διὰ
1249 2991 1304 3072 γὰρ
1331 2995 1408 3050 τοῦτο
1436 2992 1557 3070 ἐγεγόνει

264 3117 295 3176 τό
317 3116 402 3195 παρόν
425 3114 601 3192 σιγιλλιῶδες
623 3116 770 3190 ὑπόμνημα
795 3111 841 3174 καὶ
865 3120 897 3194 τῇ
920 3113 1099 3195 διαληφθείοῃ
1120 3119 1305 3194 πατριαρχικῇ
1329 3119 1399 3195 μονῇ
1422 3117 1470 3172 τού
1487 3111 1557 3174 Θεο-

265 3239 351 3316 λόγου
374 3235 564 3318 ἐπεβραβεύθη
589 3235 628 3308 εἰς
651 3235 801 3314 ἁσροίλειαν
823 3242 877 3296 τῶν
898 3239 1074 3316 πειρωμένων
1098 3233 1326 3310 κατεπεμβαίνειν
1350 3237 1427 3317 αύτῇ.
1451 3238 1473 3314 †

369 3365 548 3435 Eaemplaria
570 3364 656 3419 chart.
676 3365 703 3419 2.
727 3364 804 3418 Flar.
823 3365 864 3419 ΙΙ.
884 3366 932 3432 31,
952 3366 1002 3418 32.
1026 3363 1123 3418 Edidit
1146 3365 1171 3418 I.
1189 3361 1334 3418 Salaecam
1356 3365 1386 3418 ia
1403 3365 1557 3434 periodica:

266 3464 457 3542 Εύαγγελικδς
476 3459 571 3540 κῆρυξ.
594 3468 646 3521 val.
664 3469 726 3522 VII.
744 3486 815 3522 anna
834 3470 925 3537 1863,
941 3487 973 3538 μ.
993 3469 1171 3522 326-329.
1197 3467 1368 3538 Subscriptio
1386 3469 1558 3538 patriarchae

265 3577 345 3642 deest,
373 3574 420 3626 aad
447 3573 541 3626 labala
569 3573 712 3628 ιτέύυοιιιίω
739 3573 846 3626 videtur
867 3571 980 3626 Δτυοπίο
1002 3573 1154 3626 Ammiano
1181 3574 1209 3626 ἰπ
1231 3573 1346 3626 secanda
1364 3573 1556 3644 patriarchatu

266 3675 514 3748 (maa-1267).

639 3893 778 3958 LXXX.
804 3893 880 3959 Sina
903 3917 987 3958 anno
1010 3905 1184 3958 otmense.

272 4025 419 4094 Theodora,
436 4043 505 4079 avar
526 4025 696 4094 imperator&
713 4023 855 4078 Μίοίιαύόίο
878 4023 1045 4097 Ραύιουόοηέ,
1071 4025 1212 4093 amasia-'nat
1234 4027 1397 4080 manasterio
1417 4029 1557 4096 possessio·

594 4145 654 4182 ιιαιι
676 4129 799 4183 ποίοοόίί
820 4129 986 4182 Απυόιιείιίίι·
1006 4129 1148 4184 ininsula
1173 4131 1232 4184 000.

818 4295 1012 4376 Ὀρισμός.

371 4455 391 4532 †
415 4451 502 4514 Ἧοοιν
526 4455 576 4530 μὲν
599 4451 646 4513 καὶ
669 4451 718 4512 εἶσὶ
740 4459 773 4534 τῇ
796 4451 867 4510 κατὰ
887 4451 936 4526 τὴν
954 4452 1064 4527 Πσίτμον
1087 4451 1225 4534 σεβασμίᾳ
1247 4459 1318 4536 μονῇ
1342 4460 1393 4530 τῆς
1415 4455 1558 4528 βασιλείας

268 4597 319 4651 μου
334 4576 379 4634 τού
393 4576 572 4653 ἠγαπημένου
588 4573 733 4651 Θεολὸγου
755 4573 912 4652 παλαιγενῆ
936 4573 1107 4648 δικαιώματα
1130 4573 1176 4634 καὶ
1191 4575 1388 4655 χρυσόβουλλα
1404 4581 1457 4636 τῶν
1474 4577 1556 4636 ἀοιδί-

269 4717 327 4772 μων
351 4695 497 4774 βασιλέων,
521 4695 598 4756 ἀλλὰ
627 4695 661 4770 δὴ
684 4692 731 4754 καὶ
751 4693 960 4774 χρυσόβουλλον
981 4697 1027 4754 τοῦ
1050 4696 1177 4755 αὐθέντου
1200 4716 1262 4775 μου,
1285 4700 1332 4756 τοῦ
1355 4697 1496 4772 βασιλέως
1518 4701 1558 4755 τού
