3160 5292
1222 321 1286 386 235

17 529 94 603 μονήν,
115 524 160 582 τόν
176 523 208 582 δέ
223 525 399 601 Νερονιράτην
422 522 568 599 ἀμετόχως
589 521 757 600 πειρώμενον
781 519 934 579 ἀποσπάσαι
956 520 986 578 τό
1008 521 1125 578 τοιοῦτον
1148 519 1288 597 χωράριον

17 644 55 704 ιτα
75 651 120 722 τῆς
142 652 240 725 μονῆς,
263 645 520 719 ἀπσκατεστήσαμεν
542 644 591 718 τὴν
613 643 736 717 τοιαόιην
760 641 844 716 μονὴν
868 640 913 700 διὰ
935 647 981 700 τοῦ
1002 640 1134 718 παρόντος
1153 640 1288 718 ἡμετέρου

14 771 158 844 γράμματος
184 771 312 845 κατέχειν
342 765 388 826 καί
411 767 537 841 νέμεσθαι
560 768 590 825 τό
612 768 730 824 τοιοῦτον
752 765 889 843 χωράριον
912 763 1109 840 ἀνενοχλήτως
1130 759 1177 820 καί
1200 761 1287 834 ἀνεμ-

13 888 140 960 ποδίστως,
172 887 230 949 ἐπεί
253 891 366 966 κατεῖχε
388 892 465 948 τοῦτο
488 886 534 947 ιιαὶ
557 887 670 960 ἐνέμετο
693 885 786 946 ἔκτοτε
810 886 893 966 μέχρι
914 887 961 944 τοῦ
982 889 1028 941 νῦν
1050 882 1121 942 ιιατά
1140 881 1189 952 τὰς
1207 903 1287 962 περι-

13 1011 95 1086 >ej-ese
127 1016 183 1070 τῶν
216 1012 369 1092 προσόντων
398 1011 481 1092 ταίιτῃ
513 1008 728 1090 χρυσοβσόλλων
762 1004 876 1092 λ[όγων,
911 1001 1040 1092 όρισ]μῶν
1074 1002 1120 1066 καί
1155 1005 1288 1084 διαφόρων

13 1134 250 1192 ίποααταστάσεων.
285 1135 347 1192 όθεν
381 1131 428 1192 καί
458 1133 507 1192 σίιιι
535 1132 638 1210 όρείλει
669 1131 721 1191 ἀπό
747 1150 777 1189 τε
806 1133 853 1188 τοῦ
879 1131 924 1188 νόν
951 1129 966 1186 ό
993 1125 1086 1208 ῥηθείς
1108 1127 1287 1207 Νερονιραὶιης

12 1255 144 1334 ἐπαγαγεῖν
169 1275 228 1314 τινα
254 1254 370 1332 ὄχλησιν
393 1257 411 1329 ἡ
434 1253 589 1329 διασεισμδν
617 1259 649 1334 τῇ
679 1251 788 1334 ῥηθείσῃ
816 1258 884 1334 μονῇ
913 1250 959 1310 διὰ
980 1253 1026 1310 τοῦ
1048 1250 1166 1310 τοιοίπου
1188 1270 1284 1329 χωρα-

12 1379 63 1454 ρίσι,
89 1377 170 1435 ἀλλά
192 1377 305 1454 ἀπέχειν
331 1376 427 1436 τέλεον
456 1373 487 1448 ἐξ
514 1377 603 1454 αὺτοῦ,
634 1376 672 1448 ὡς
702 1373 851 1452 ἀμετόχως
876 1367 1046 1454 πειρώμενος
1076 1371 1228 1432 ἀποσπάσαι
1258 1376 1288 1431 τό

10 1507 110 1558 τοιοῦτον
129 1501 269 1580 χωράρισν
285 1499 337 1558 ἀπό
358 1505 408 1574 τῆς
430 1497 554 1570 τοιαύτης
577 1501 673 1575 μονῆς,
698 1493 721 1554 εί
744 1497 782 1570 μὴ
806 1495 934 1570 βοίιλεται
956 1498 1033 1554 τοῦτο
1055 1497 1171 1570 ποιήσας
1192 1495 1287 1553 παθεῖν
1335 1513 1336 1516 ’

9 1621 120 1701 τιμωρίαν
147 1620 197 1680 καί
224 1621 360 1700 ἀφαίρεσιν
387 1625 433 1680 τοῦ
461 1619 518 1694 βίου
543 1621 635 1679 οάτοϋ·
667 1617 711 1676 διὰ
732 1619 786 1698 γὰρ
808 1621 884 1677 τοῦτο
912 1617 1036 1695 ἐγεγόνει
1058 1613 1104 1675 ιιαί
1126 1617 1145 1693 ἡ
1166 1620 1288 1695 παροῦσα

9 1745 111 1823 ἡμετέρα
133 1743 227 1822 γραφὴ
252 1741 299 1802 καί
323 1742 438 1818 ἐπεδόθη
461 1747 495 1822 τῇ
519 1739 649 1822 εἰρημένῃ
676 1739 812 1820 σεβασμίρ
840 1745 909 1820 μονῇ
936 1744 986 1813 τῆς
1008 1739 1225 1816 Κεχιονισμένης
1249 1736 1287 1808 είς

9 1863 92 1923 τίνείαν
115 1863 318 1942 ἀνενοχλησίαν
341 1861 387 1922 ιιαί
410 1863 569 1942 ἀσφάλειαν.
595 1859 672 1938 μηνί
694 1859 875 1941 όατωβρίῳ,
901 1859 1106 1931 ίνδιιιτιῶνος
1129 1859 1165 1934 β’.
1189 1862 1210 1940 †

94 1987 115 2064 ά
141 1986 178 2045 ’0
203 1985 324 2056 δοῦλος
351 1989 405 2044 τοῦ
432 1989 592 2065 κραταιοῦ
617 1982 673 2044 οιαὶ
696 1983 791 2063 ἁγίου
813 1985 904 2058 ἡμῶν
928 1983 1085 2042 αάθέντου
1112 1981 1167 2041 καί
1191 1981 1287 2054 βασι-

9 2107 78 2180 λέως
101 2155 108 2168 .
135 2155 141 2166 .
169 2157 177 2168 .
205 2157 211 2168 .
236 2107 251 2164 ό
273 2111 327 2167 τοῦ
351 2107 490 2182 Κανιήλ.
514 2107 535 2186 †

94 2238 242 2308 Archetyp.
269 2237 344 2292 Βίαν.
369 2255 418 2291 τινα
435 2240 484 2292 95.
514 2237 621 2290 Tabula
643 2237 827 2290 videturesse
850 2235 918 2290 anni
935 2235 1027 2290 1273.

264 2523 384 2588 XCIX.
409 2519 483 2589 Sine
506 2545 601 2608 anno,
624 2545 733 2590 mense
756 2525 848 2608 mai0‚
873 2523 937 2588 ind.
962 2523 1020 2587 XI.

9 2671 145 2740 Imperator
162 2671 335 2726 Διτάιυιιάαασ
351 2672 392 2725 II.
410 2673 589 2742 Ραίασοίορτιε
608 2671 749 2740 confimat
764 2673 939 2742 exemptiones
956 2678 1084 2742 quattuor
1098 2671 1287 2725 -ιιαυάυίανιιιιι

440 2779 607 2832 monasterii·
619 2795 637 2830 α
659 2777 844 2848 υσσίάμαίάάιισ.

90 2963 112 3038 †
137 2959 219 3019 Ἐπεί
246 2959 272 3020 οί
299 2961 415 3038 μοναχοί
442 2967 491 3036 τῆς
518 2960 669 3036 σεβασμίας
696 2968 781 3037 μονῆς
807 2967 857 3037 τῆς
880 2961 1023 3035 βασιλείας
1046 2982 1098 3035 μου
1126 2965 1176 3035 τῆς
1203 2961 1231 3018 ἐν
1254 2967 1287 3040 τῇ

9 3203 192 3282 ἀαγγελιστοῠ
214 3201 341 3266 Ἰωάννου
367 3209 413 3264 τοῦ
436 3202 579 3284 Θεολόγου
607 3205 809 3283 ἀναδραμόντες
838 3205 878 3276 εἰς
904 3207 952 3281 τὴν
981 3203 1123 3278 βασιλείαν
1147 3224 1197 3279 μου
1221 3203 1287 3262 ἀνέ-

9 3343 67 3402 μραν
96 3328 178 3408 αὐτῇ,
208 3327 247 3384 ότι
268 3327 287 3399 ἡ
310 3327 371 3384 κατ’
395 3325 489 3397 αὺτοίνς
516 3329 624 3402 τοιαίτη
652 3327 790 3403 σεβασμία
817 3329 887 3402 μονὴ
916 3328 976 3405 ἔχει
1002 3327 1137 3387 πλατόδια
1159 3327 1287 3405 τέσσαρα,

9 3446 74 3505 ίιιιαί
97 3448 300 3524 διετηρηθησαι
323 3449 406 3524 μέχρι
428 3451 475 3506 τοῦ
496 3453 541 3508 νῦν
564 3447 608 3506 διὰ
631 3449 807 3528 παλαιγενῶν
829 3447 1055 3528 προσταγμάτων,
1083 3448 1161 3508 ἀλλὰ
1183 3448 1217 3524 δὴ
1242 3447 1288 3507 τισί

9 3563 38 3624 λα
51 3567 264 3650 προστάγματος
283 3573 329 3629 τοῦ
352 3569 476 3644 ἀοιδίμου
499 3571 647 3648 βασιλέως,
670 3575 716 3631 τοῦ
740 3573 865 3632 αίιθέντου
887 3569 934 3631 ιιαί
953 3573 1054 3652 πατρός
1073 3567 1288 3651 τῆςιβασιλείας

9 3711 52 3768 ιτα,
78 3693 206 3771 ἀνώτερα
233 3693 322 3766 πάσης
351 3691 522 3767 δημοσιαιιῆς
544 3693 672 3770 ἐπηρείας
699 3693 745 3752 καί
769 3696 949 3771 συζητήσεως,
976 3695 1143 3774 κσμμεριιίου
1167 3693 1287 3770 δηλαδή,

9 3813 270 3894 ιαιλονιαταρτιανιοῡ,
298 3814 475 3872 σααλιατιιιοῦ
501 3813 559 3872 νιαίἸ
574 3822 627 3872 τῶν
654 3815 750 3874 ἀλλων
779 3817 912 3895 ἁπάντων,
941 3815 987 3874 καί
1018 3815 1171 3889 ἐδεήθησαν
1198 3817 1288 3892 τυχεῖν

9 3931 36 3992 ἐπ’,
59 3939 144 4014 τούτῳ
174 3935 221 3996 καί
248 3938 458 4014 προστάγματος
484 3941 534 4010 τῆς
561 3936 702 4009 βασιλείας
731 3959 791 4012 μου,
819 3927 988 4012 ἡίβασιλεία
1011 3959 1062 4012 μου
1088 3943 1138 4012 τῆς
1165 3937 1288 4010 δεήσεως

9 4057 74 4114 ι’πιῖιν
102 4058 281 4118 ἐπανιούσασα
311 4059 356 4116 τόν
385 4060 506 4136 παρόντα
537 4059 647 4136 ὁρισμόν
676 4059 880 4138 ἐπιχορηγεῐται
910 4059 949 4136 τῷ
980 4061 1057 4138 μέρει
1086 4065 1135 4134 τῆς
1165 4059 1288 4134 τοιαύτης
1320 4130 1322 4134 .

9 4187 88 4256 ισνῆς,
118 4179 155 4238 δι’
182 4173 212 4238 οὗ
239 4177 285 4236 καί
314 4177 455 4257 διορίζεται
484 4180 667 4256 διατηρεῖσθαι
692 4181 726 4237 τά
753 4185 862 4240 τοιαῦτα
888 4181 1006 4261 τέσσαρα
1033 4181 1168 4240 πλατίιδια
1195 4182 1287 4258 σίντης,

9 4299 55 4358 ἔνθα
81 4302 261 4380 ἀπέρχονται,
290 4301 462 4377 άνενόχλητα
490 4303 577 4374 πάντη
604 4300 650 4360 καί
674 4301 830 4360 ἀδιάσειστα
855 4300 902 4360 καὶ
930 4303 1062 4380 ἐλεύθερα
1085 4305 1174 4377 παίοης
1197 4303 1286 4376 δημο-

9 4429 85 4496 ιιααῆς
109 4423 243 4498 ἐπηρείας
264 4421 311 4482 καί
335 4425 515 4500 συζητηοεως,
540 4422 612 4499 μηδὲ
635 4423 765 4502 εὑρίσκειν
787 4427 861 4502 παρά
880 4443 952 4495 τινος
980 4423 1153 4502 διενόχλησίν
1176 4445 1235 4482 τινα
1258 4424 1287 4482 ἐν

9 4544 85 4613 τάταις
111 4546 175 4616 ταῖς
201 4546 307 4624 χώραις
333 4551 383 4619 τῆς
411 4543 554 4616 βασιλείας
578 4566 639 4623 μου,
670 4547 739 4619 μήτε
770 4545 811 4604 ἐπ’
842 4545 951 4628 ἐμβολῇ
980 4551 1184 4626 πραγματειῶν,
1218 4547 1287 4620 μήτε

9 4659 36 4716 ἐπ’
65 4665 188 4746 ἐκβολῇ,
222 4665 314 4735 καθὼς
345 4663 560 4740 διαλαμβάνουσι
590 4663 651 4744 περὶ
680 4665 772 4726 τούτου
805 4666 852 4726 καί
885 4667 918 4726 τό
948 4669 1082 4746 προσόντα
1115 4674 1147 4750 τῇ
1177 4668 1285 4750 τοιαίτῃ
