3160 5292
1243 389 1304 454 1⁷9

29 708 94 785 τοίιῳ
119 706 175 786 γὰρ
203 707 326 785 ἐγεγόνει
353 706 399 766 καί
427 709 445 784 ἡ
472 708 594 786 ἡμετέρα
620 707 839 779 ἀποκατάστασις
872 707 902 780 ἐξ
933 707 1079 787 ἐπιτρωτῆς
1105 711 1153 768 τοῦ
1179 707 1305 766 αθθὲντου

29 849 65 900 μοι
88 831 134 888 τοῦ
160 829 409 908 παρακοιμωμένου
439 827 487 888 καί
510 830 667 910 ὑπογραφῆς
697 831 776 890 αθτοϋ
805 827 851 888 καί
881 828 1014 910 βούλλης,
1044 826 1091 888 καί
1120 829 1305 908 θπογραφείσα

28 949 60 1008 ναί
81 951 145 1030 παρ’
169 950 238 1025 ἐμοῦ
265 949 383 1024 ἐπεδόθη
409 957 443 1032 τῇ
471 957 541 1034 μονῇ
567 958 617 1028 τῆς
641 951 753 1027 ίίάτμσυ
781 949 820 1023 είς
847 951 984 1026 δικαίωμα
1007 950 1148 1028 μέγακαὶ
1171 951 1305 1010 όλουτσίι

27 1073 116 1151 ίίίργου
143 1073 328 1152 κατοχόρωσιν
359 1072 407 1132 καί
433 1073 594 1149 δεσποτικὴν
621 1073 823 1156 κληρονομίαν,
846 1072 889 1151 τῷ
912 1072 990 1150 μηνὶ
1012 1071 1230 1153 φεβρουαρίῳ,
1259 1073 1303 1132 ίν-

27 1193 182 1266 διιτιῶνσς
206 1192 241 1274 δ’,
263 1197 333 1266 τοῖς
355 1193 411 1255 καί
431 1199 757 1276 προγεγραμμένοις.
781 1197 802 1276 †

112 1317 133 1395 †
158 1316 198 1376 ‘0
221 1317 278 1392 τὴν
302 1313 608 1397 ἀναγεγραμμένην
633 1319 903 1380 ἀποκατάστασιν
925 1319 1155 1394 ποιησάμενος
1180 1315 1215 1390 ἐξ
1237 1317 1304 1396 ὁρι-

27 1443 88 1512 σμοῦ
110 1443 170 1498 τοῦ
192 1437 433 1520 πανσεβάστσυ,
457 1440 617 1514 σεβαστοῡ
644 1440 700 1500 καὶ
726 1442 1032 1520 παρακοιμωμένσυ
1062 1437 1118 1499 καί
1149 1440 1305 1499 αθθέντου

25 1579 82 1634 μου,
106 1565 210 1640 κυροῦ
232 1557 390 1632 Ἀλεξίου
412 1565 468 1622 τοῦ
489 1561 673 1642 Κρατεροῦ,
697 1561 905 1643 Ἀνδρόνικος
927 1563 942 1622 ό
965 1560 1197 1641 Μαυρόπσδος.
1220 1563 1241 1641 †

112 1689 264 1760 δίαειιιρίσν
285 1690 371 1744 chart.
395 1691 472 1745 βίον.
497 1709 546 1744 nro
572 1694 620 1746 81.
642 1692 754 1746 Videtur
776 1707 831 1746 me
853 1692 921 1746 απιιί
937 1691 1029 1744 1216.

272 1976 395 2042 LXIH.
422 1976 498 2042 Sine
522 1999 615 2061 anno,
639 1999 748 2042 mense
772 1977 873 2064 aprili,
897 1976 961 2041 ind.
985 1975 1042 2042 IV.

24 2125 161 2193 Imperator
183 2125 325 2193 σοιῳίνιηαί
347 2127 514 2180 ἀυτιαίίτιααιι
538 2127 572 2180 αθ
598 2127 698 2180 Ioanne
725 2127 865 2194 Ραίιιιιίία,
890 2127 978 2180 incola
1002 2125 1179 2196 Phyqelomm
1196 2125 1306 2194 ,ίασίαιιι

303 2231 464 2284 monasterio
488 2229 517 2284 S.
539 2229 652 2301 Georgii
670 2231 768 2299 Dysici
788 2231 822 2284 ab
846 2247 875 2284 eo
897 2231 1010 2285 συνιάίίο.

111 2413 235 2492 γἘπεί
258 2415 273 2472 ό
296 2415 324 2473 ἐν
347 2415 385 2492 τῳ
410 2413 531 2492 ἐμπορίῳ
558 2421 611 2474 τῶν
635 2414 774 2492 Φυγέλων
797 2412 879 2475 οἰκῶν
903 2414 1033 2488 Ἰωάννης
1055 2413 1306 2490 κουβουκλείσηςό

24 2533 167 2610 ίίαλανίτης
190 2533 295 2613 γυναικί
320 2536 371 2611 μὲν
394 2535 526 2614 ουζυγείς,
550 2535 622 2612 μηδέ
639 2557 698 2596 τινα
720 2527 752 2596 δέ
774 2536 859 2596 παῖδα
881 2537 956 2614 σχὼν
980 2534 1010 2608 ἐξ
1034 2538 1116 2612 αἶα-ης
1137 2535 1185 2596 καί
1208 2537 1306 2608 δεδιὼς

21 2659 43 2714 τὲ
63 2653 128 2743 [τοῦ]
152 2660 269 2718 θανάτου
292 2660 382 2740 ἀωρσν
405 2660 533 2738 ἀνήγειρε
561 2659 647 2732 μονὴν
674 2659 707 2717 ἐκ
729 2659 837 2739 βάθρων
861 2658 895 2718 δι’
914 2649 1026 2717 ὀἰκείων
1050 2655 1153 2730 ἐξόδων
1178 2658 1219 2717 ἐπ’
1242 2659 1306 2719 όνό-

21 2797 72 2848 ματι
97 2785 145 2841 τοῦ
172 2780 250 2859 ἁγίαν
274 2779 293 2838 Γ
295 2775 410 2859 εωργίου
433 2783 479 2839 τοῦ
501 2781 624 2860 Δυσικοῦ,
654 2779 820 2857 ἐγκατέταξε
849 2780 880 2840 δέ
906 2781 988 2862 ταθτη
1011 2779 1058 2839 καί
1081 2781 1220 2859 μοναχοὺς
1243 2782 1307 2861 ἀχρι

20 2899 57 2956 καὶ
85 2909 139 2960 τῶν
170 2903 249 2980 ἑπτά,
278 2906 474 2982 προσκυριθσας
501 2904 567 2983 αὐτῇ
594 2901 640 2962 καί
668 2903 837 2976 ἀμπελῶνας
865 2901 936 2979 αὐτῷ
965 2897 1174 2986 διαίφέροβτας,
1203 2901 1304 2978 ἐδεήθη

20 3028 59 3094 τῆς
84 3023 230 3096 βασιλείας
257 3043 318 3102 μου,
346 3025 385 3093 ὡς
412 3023 581 3098 βουλόμενος
608 3023 755 3104 ἀφιερῶσαι
781 3029 814 3105 τῇ
841 3025 949 3106 τοιαύτη
977 3028 1048 3105 μονῇ
1074 3021 1120 3083 καί
1146 3023 1195 3100 τὴν
1218 3021 1305 3084 οἰκίαν

22 3144 88 3203 α’ποῠ
116 3144 164 3205 καί
195 3146 292 3220 σάιλήν,
324 3145 472 3225 ἐλευθέρας
503 3144 583 3216 οὔσας
614 3145 667 3205 ἀπό
697 3147 797 3216 παντός
827 3140 970 3224 προσώπου
999 3143 1046 3204 καὶ
1076 3145 1149 3220 μηδὲ
1178 3147 1246 3226 πρός
1273 3147 1304 3205 τό

20 3262 150 3350 δημίότισν
177 3263 323 3353 τ]ελοόσας
345 3269 375 3326 τδ
402 3269 498 3346 ὁτιοῦν,
525 3267 617 3339 καθὼς
645 3267 792 3346 ὑπέμνησε,
819 3266 1026 3345 χρυσόβσυλλον
1057 3265 1192 3345 σιγίλλιον
1219 3269 1303 3346 γενό-
1339 3243 1346 3258 Ι

19 3405 89 3457 μενον
113 3387 186 3467 οσδτῷ
212 3387 275 3470 περὶ
295 3389 399 3467 τούτου,
426 3389 617 3468 ἐκχωρηθῆναι
645 3387 677 3448 δὲ
698 3387 746 3448 καί
767 3409 842 3459 τινας
866 3388 1027 3468 ἐλευθέρους
1049 3387 1156 3468 καὶτῷ
1180 3387 1303 3468 δημοσίῳ

19 3506 225 3588 ἀνεπιγιὼοπους
250 3511 492 3592 προσκαθημένσυς
519 3511 595 3582 ἐντὀς
621 3517 675 3571 τῶν
698 3511 810 3570 δικαίων
832 3517 881 3586 τῆς
903 3511 1027 3586 τοιαύτης
1050 3515 1146 3591 μονῆς,
1169 3511 1187 3586 ἡ
1212 3507 1304 3596 [βασι-

19 3626 83 3715 λεία]
119 3653 172 3706 μου
205 3639 239 3714 τῇ
276 3635 386 3714 τοιαύτῃ
420 3633 499 3692 αὺτοῦ
536 3627 664 3718 [αἰτηβει
697 3627 875 3718 πίροσ]χοῦσα
909 3633 939 3690 τό
977 3634 1064 3711 παρδν
1097 3633 1305 3712 χρυσόβουλλον

20 3751 145 3828 αγιλλισν
170 3760 221 3830 τῆς
247 3754 390 3829 βασιλείας
418 3775 469 3828 μου
496 3753 568 3832 αθτῷ
596 3754 791 3834 ἐπεβράβευσε,
820 3754 855 3814 δι’
879 3748 909 3812 οὗ
931 3752 977 3813 καὶ
1001 3753 1144 3834 διορίζεται
1168 3755 1238 3832 μηδε
1263 3803 1269 3814 .
1295 3801 1302 3815 .

20 3917 50 3929 ..
75 3922 81 3934 .
106 3924 112 3935 .
144 3873 179 3950 βῆ
202 3895 262 3934 τινα
284 3875 318 3934 ἐκ
339 3883 394 3936 τῶν
415 3877 452 3952 όμ
476 3925 482 3937 ,
508 3923 514 3934 .
540 3919 547 3936 .
573 3924 579 3936 .
608 3875 752 3936 ἀπολιπεῖν
773 3876 843 3936 τδδ
868 3921 1002 3938 .....
1026 3875 1105 3955 λόγῳ
1133 3923 1301 3940 ......

20 3990 152 4078 ἐμίπόδιον
184 3997 340 4072 ἐμβάλλειν
366 3999 411 4057 τόν
439 4001 585 4073 τηνικαθια
615 3997 699 4058 δσῦκα
726 4004 779 4057 τῶν
807 3995 970 4076 Θρακησίων
998 4043 1199 4060 .......
1231 3998 1302 4074 ίνπη-

19 4119 186 4190 ρετοάντων.
213 4165 219 4177 .
246 4167 252 4179 .
277 4117 318 4191 είς
351 4121 400 4194 τὴν
433 4119 557 4196 τοιαίτην
586 4121 679 4179 τούτου
712 4117 821 4201 σίίκίαν]
855 4119 901 4178 καί
935 4139 1005 4190 τινος
1037 4117 1091 4178 τῶν
1125 4118 1303 4198 διαφερόντων

20 4240 76 4321 αντη
103 4241 273 4320 πραγμάτων
304 4240 481 4318 ἐφάπτεσθαι·
507 4239 635 4312 βοόλεται
657 4240 752 4320 γὰρὴ
779 4239 908 4313 βασιλεία
936 4261 988 4314 μου
1015 4240 1087 4300 κατὰ
1111 4240 1160 4317 την
1182 4245 1228 4301 τοῦ
1251 4240 1303 4316 δη-

19 4358 148 4434 λωθέντος
173 4358 397 4448 κοίυβσυίκλείση
423 4363 549 4440 πρόθεσιν
576 4363 837 4443 προσκεκνρωμένην
868 4355 936 4422 τίναι
965 4367 999 4444 τῇ
1030 4357 1106 4440 παρὰ
1131 4363 1234 4442 τοίιτσυ,
1265 4364 1303 4433 ὡς

19 4478 176 4564 διείληπται,
203 4483 381 4567 ἀνεγερθείση
405 4489 475 4564 μονῇ
496 4485 545 4558 τὴν
568 4485 691 4558 τοισάιτην
719 4482 807 4543 οἰκίαν
834 4482 880 4542 καί
907 4482 955 4558 τὴν
987 4482 1074 4558 αίιλὴν
1101 4485 1198 4563 αδτῆς,
1226 4483 1303 4565 είπερ

17 4604 62 4680 οθγ
82 4607 220 4668 ἀπόκειται
246 4607 285 4686 τῷ
313 4605 445 4685 δημοσίῳ,
474 4607 594 4687 ἐκχωρεί
621 4607 651 4666 δὲ
674 4605 712 4684 τῷ
740 4607 818 4686 μέρει
843 4611 893 4682 τῆς
916 4606 996 4682 αὐτῆς
1019 4610 1106 4681 μονῆς
1127 4604 1304 4686 προσκαθίσαι

18 4724 43 4783 ἐν
67 4730 123 4798 τοῖς
153 4727 264 4802 δικαίοις
291 4731 374 4803 αθτης
399 4730 467 4806 πρδς
494 4730 670 4806 συγκρότησιν
696 4729 794 4802 ταότης
821 4727 867 4786 καὶ
895 4727 1039 4806 ὑπηρεσίαν
1067 4728 1187 4802 μισθίους
1210 4726 1303 4801 ξένους

1048 4845 1095 4898 12⁸
