3228 5294
244 375 287 441 60

244 568 291 630 καὶ
314 568 354 642 είς
373 570 471 650 τέλος,
494 571 547 646 όπη
562 571 687 650 προήλθί
703 591 749 646 μοι
771 571 790 645 ή
812 569 883 632 κατά
905 573 951 630 τόν
974 565 1033 646 βίον
1057 571 1159 646 ματαία
1183 571 1255 651 όθός,
1278 578 1451 652 παραστῆσαι
1473 573 1547 648 ὑμῖν,

245 687 304 751 εἶτα
334 690 381 752 καί
410 690 506 752 δοκοῦν
537 695 668 771 σωτήριον
699 689 822 765 ἐπιτάξαι
851 698 884 773 τῇ
915 693 1033 752 διαθέσει
1056 694 1144 772 ὑμῶν,
1171 693 1215 752 ἵνα
1241 693 1361 770 γίνοισθε
1392 693 1421 752 έν
1453 692 1547 770 Κυρίῳ

244 815 395 888 σωζόμενοι
417 812 596 892 φυλάττοντες
618 815 666 890 τήν
689 815 821 889 θπακσήν.

349 933 389 1010 β’.
415 936 513 1010 Ἡμεῖς
536 934 643 995 ἐκτῶν
665 941 715 1011 τῆς
738 931 810 1016 ἐῴοις
838 941 930 1016 μερῶν
955 938 1099 1012 γενόμενοι
1133 935 1180 996 καὶ
1204 937 1237 996 ἐκ
1259 937 1388 1011 νεότητος
1410 937 1476 996 ένθα
1500 934 1547 996 καί

244 1057 309 1116 ἔνθα
338 1059 396 1129 τοῖς
426 1056 547 1128 θιαθλοις
577 1062 631 1116 τῶν
661 1057 804 1134 λογισμῶν
835 1057 1005 1136 ἀπαγόμενοι
1035 1058 1142 1118 ἔννοιαν
1174 1058 1305 1140 ἔσχομεν,
1333 1058 1362 1118 έν
1385 1057 1484 1140 ήλικίᾳ
1509 1058 1547 1117 ἐτι

242 1179 344 1260 κομιδῇ
374 1180 556 1258 τυγχάνοντες
589 1179 718 1260 παιδικῄ,
750 1179 898 1254 ἀποστῆναι
927 1185 977 1256 τῆς
1006 1185 1140 1259 πατρικῆς
1171 1177 1259 1252 οἰκίας
1292 1177 1340 1239 καί
1372 1181 1464 1256 γονεῖς
1500 1177 1548 1238 καί

243 1303 385 1380 συγγενεῖς
409 1300 534 1378 ἐκφυγεῖν
557 1292 604 1360 καί
626 1301 692 1380 πρός
715 1299 830 1380 Χριστόν
853 1301 899 1359 τόν
922 1299 1052 1376 ἀληθινόν
1075 1302 1137 1360 θεδν
1153 1302 1233 1374 ήμῶν
1255 1297 1303 1360 καὶ
1325 1306 1435 1378 σωτῆρα
1458 1321 1547 1359 κατα-

243 1425 350 1502 φυγεῖν·
374 1423 389 1480 ό
406 1421 475 1497 δῆτα
489 1419 537 1480 καὶ
553 1421 731 1502 ἐκτετέλεκα,
746 1420 793 1480 καὶ
809 1427 951 1496 μοναστῶν
966 1421 1126 1500 προσελθὼν
1143 1421 1235 1504 ἀγέλῃ
1251 1421 1396 1482 έκδέδωκα
1417 1422 1547 1503 ἐμαυτόν,

242 1543 293 1602 ‘ab
314 1544 460 1624 καθηγητῇ
482 1543 530 1602 καί
552 1541 712 1622 παιδοτρίβῃ
734 1541 773 1614 τῷ
795 1548 846 1618 τῆς
868 1541 944 1622 ἱεροῖς
973 1542 1080 1618 ἐκείνης
1106 1542 1223 1617 ποίμνης
1251 1539 1433 1622 ἀφηγουμένῳ
1461 1543 1547 1622 γενό·

244 1685 336 1740 μενος.
360 1665 424 1736 θεός
447 1664 478 1724 δὲ
504 1667 613 1736 πάντως
627 1661 661 1740 ήν
684 1665 698 1721 θ
722 1655 774 1723 διά
787 1665 837 1739 τήν
860 1665 960 1742 ἄφατον
991 1664 1196 1741 εῖισπλαγχνίαν
1229 1666 1307 1724 αυτοῦ
1339 1663 1479 1735 συνετίσας
1512 1685 1549 1739 με

243 1787 273 1845 έν
300 1785 458 1868 βραχυτάτῃ
486 1787 523 1846 ἔτι
545 1791 579 1866 τῇ
602 1783 699 1867 ήλικίᾳ
720 1784 767 1844 καί
791 1783 885 1844 ἀτελεῖ
911 1805 941 1844 τε
964 1783 1011 1844 καί
1034 1785 1136 1863 ἀπαγεῖ
1162 1783 1208 1844 καί
1232 1787 1315 1860 μήπω
1339 1785 1478 1862 μηδαμῶς
1501 1788 1549 1845 τόν

245 1907 333 1985 λόγον
358 1908 550 1987 ἐρηρεισμένσν
574 1905 687 1988 έχσίιοῃζ
711 1904 786 1979 ἀξιον
802 1907 833 1966 δέ
849 1903 904 1986 άρα
926 1910 1002 1966 τοῦτο
1025 1911 1074 1980 τῆς
1097 1905 1202 1966 ἐκείνου
1225 1906 1443 1987 μεγαλουργίας,
1468 1907 1549 1968 ἐπει-

243 2029 330 2108 δήπερ
360 2027 407 2090 καί
436 2029 577 2109 πρόπαλαι
616 2029 673 2089 «ἐκ
703 2029 836 2103 πόματος
867 2027 967 2104 νηπίων
997 2025 1044 2086 καί
1073 2027 1248 2103 θηλαζόντων
1275 2023 1351 2088 αἶνον
1373 2031 1548 2108 κατήρτισε»

243 2149 291 2210 καί
324 2153 359 2226 ιή
388 2149 508 2225 δήλωσις
537 2156 591 2209 τῶν
618 2147 711 2226 λόγων
740 2151 819 2208 αὺτοῦ
841 2148 947 2227 φωτίζει
970 2147 1017 2208 καί
1039 2149 1167 2218 συνετίζει
1189 2149 1333 2229 νηπίσυς»,
1356 2151 1396 2221 ῶς
1418 2150 1433 2207 ό
1457 2149 1549 2222 Δαβίδ

244 2269 387 2354 ᾀσματίζει
410 2273 535 2330 θειότατά
557 2291 587 2330 τε
610 2271 679 2346 όμοθ
701 2267 748 2330 καί
769 2272 1003 2349 προφητικῶταιοι.

346 2391 384 2472 γ’.
415 2391 507 2472 Ἔρως
537 2391 569 2451 δέ
599 2413 634 2468 με
665 2390 838 2472 τελεωτέρας
869 2389 1000 2462 ξενιτείας
1033 2389 1207 2470 παραλαβὼν
1239 2393 1323 2452 τόπον
1357 2391 1484 2466 ἀμείβειν
1519 2393 1552 2452 ἐκ

243 2515 325 2573 τόπου
351 2513 550 2591 παρεβιάσατο.
573 2511 621 2572 καί
648 2515 740 2588 μέντοι
766 2511 814 2574 καί
840 2515 897 2585 τοῖς
924 2519 973 2589 τής
1001 2511 1186 2589 Παλαιστίνης
1213 2515 1309 2593 μέρεσι
1335 2513 1552 2593 παρεβάλομεν,

245 2635 361 2714 ἐρῶντες
382 2631 565 2713 προσκυνηταὶ
586 2635 713 2713 γενέσθαι
736 2639 790 2694 τῶν
813 2639 858 2694 τοῦ
880 2631 970 2714 κυρίου
989 2635 1068 2708 ήμῶν
1091 2633 1176 2712 ἁγίων
1200 2633 1294 2714 ἰχνῶν,
1318 2635 1370 2713 οίιχ
1391 2637 1493 2710 ήκιστα
1519 2635 1552 2696 δὲ

242 2755 289 2816 καί
323 2755 549 2830 «μεταναστεύειν
576 2756 615 2827 ῶς
645 2754 813 2835 στρουθίον»,
843 2753 891 2814 καί
920 2755 991 2814 κατὰ
1022 2755 1084 2827 τοῖις
1110 2755 1247 2828 παλαιοῖς
1276 2755 1326 2814 «έν
1348 2759 1408 2828 ταῖς
1432 2756 1552 2835 ἐρήμοις

244 2877 419 2946 αὐλίζεσθαι»
446 2877 638 2956 προελόμενοι.
664 2876 863 2956 έμφσρηθέντες
886 2874 932 2936 οὖν
954 2881 1004 2951 τῆς
1025 2880 1079 2934 τῶν
1103 2875 1189 2954 ἁγίων
1211 2879 1302 2936 τόπων
1323 2880 1552 2956 προσκυνήσεως,

244 2999 283 3070 ὡς
312 2996 396 3077 εἰκός,
426 2995 474 3057 καί
503 3001 559 3068 τοῖς
590 2998 679 3057 ἐκεῖσε
710 3003 844 3078 φωστήρσι
870 2995 917 3056 καί
943 2999 1058 3076 πατράσι
1085 2997 1317 3072 συνομιλήσαντες
1345 3001 1429 3072 μόνον
1459 2995 1552 3080 (όκνῶ

243 3120 298 3200 γὰρ
324 3117 419 3198 εἰπεῖν,
443 3121 482 3179 ότι
509 3117 557 3178 καί
583 3120 632 3193 τὴν
658 3125 708 3194 τής
736 3119 829 3194 βιοτῆς
857 3113 968 3178 ἐκείνων
996 3119 1107 3194 μίμησιν
1135 3115 1376 3202 καρπωσάμενοι),
1404 3139 1552 3196 κατεσκη-

244 3243 371 3317 νῶσοιμεν
391 3243 466 3318 τάχα
488 3241 529 3318 ἐφ’
550 3239 642 3300 ίκανδν
664 3239 692 3300 ἐν
712 3243 768 3312 τοῖς
788 3239 999 3320 έρημικωτέροις
1019 3241 1112 3318 αῖιτής,
1133 3239 1262 3316 δηλονότι
1280 3247 1330 3317 τῆς
1347 3241 1552 3322 Παλαιστίνης,

243 3357 314 3441 εἶτα,
340 3361 387 3421 καί
417 3363 456 3432 ῶς
483 3363 514 3420 σίν
541 3363 689 3441 συνεχώρει
715 3363 746 3421 τό
772 3367 825 3419 τῶν
853 3361 1020 3441 Σαρσκηνῶν
1047 3368 1161 3441 σμῆνος,
1189 3363 1252 3421 καθ’
1280 3363 1355 3422 όλων
1383 3360 1438 3422 τῶν
1466 3365 1552 3445 ὁρίων

243 3489 293 3559 τῆς
317 3479 503 3556 Παλαιστίνης
525 3484 616 3561 ῶσπερ
637 3503 662 3542 τι
684 3481 814 3559 χαλάζης
835 3487 933 3562 χρῆμα
954 3483 1077 3561 τέτριγος
1099 3481 1224 3562 όλέθριον
1253 3485 1334 3562 φανέν
1357 3505 1388 3544 τε
1411 3485 1459 3545 καὶ
1483 3507 1552 3546 σκε-

245 3605 354 3683 δασθέν,
378 3602 425 3664 καί
446 3609 499 3663 πάν
522 3604 552 3662 τό
575 3604 697 3678 σύστημα
720 3606 767 3662 τοῦ
788 3603 976 3680 χοιστωνθμου
998 3603 1069 3663 λαοῦ
1092 3601 1244 3684 διαφθεῖρον
1263 3603 1311 3663 καί
1327 3605 1464 3686 ἀφανίζον,
1482 3577 1571 3668 ἑθέ-Ι

243 3727 343 3796 λοντες
364 3726 446 3801 ήμεῖς
469 3725 508 3800 μὴ
529 3725 684 3804 περιπεσεῖν
708 3723 886 3798 αθτοβουλίοις
910 3723 1042 3801 δόγμασιν
1070 3721 1115 3808 (σθ
1142 3722 1195 3806 γὰρ
1224 3727 1271 3806 άν,
1300 3725 1323 3786 εί
1355 3729 1395 3803 μὴ
1418 3729 1491 3788 τοῦτ’
1517 3727 1552 3808 ἦν

243 3849 274 3906 τό
296 3847 416 3925 κωλῦον,
439 3846 674 3924 φιλοψυχήσαντες
702 3841 926 3928 ἀνεδείχθημεν),
957 3845 1115 3922 μετέβημεν
1143 3847 1247 3908 ἐκεῖθεν
1274 3851 1313 3919 ῶς
1341 3850 1393 3909 ὑπό
1421 3856 1471 3927 τῆς
1494 3859 1552 3912 τῶν

245 3969 393 4050 βαρβάρων
416 3968 564 4046 φάλαγγος
587 3967 774 4037 ἀπελαθέντες
797 3965 843 4026 καί
868 3966 1041 4048 διωκόμενοι,
1063 3965 1112 4027 καί
1127 3967 1167 4040 εἴς
1182 3990 1206 4028 τι
1228 3969 1292 4049 ὅρος
1315 3971 1449 4051 ἀθόρυβον
1475 3973 1552 4048 ἐλη-

243 4089 384 4169 λθθειμεν,
409 4089 438 4148 έν
460 4088 541 4168 καλῷ
564 4088 615 4165 μὲν
637 4095 687 4164 τῖγς
712 4083 807 4167 χώρας
835 4094 885 4163 τῆς
912 4087 1064 4160 Ἀσιάτιδος
1091 4088 1229 4166 κείμενον,
1258 4091 1328 4151 σθτω
1351 4091 1376 4150 δ’
1401 4094 1552 4173 ἐγχωρίως

244 4213 353 4291 Δάτρος
381 4209 563 4292 καλούμενον,
591 4213 683 4290 φήμης
710 4213 784 4286 ἡμᾶς
808 4207 847 4278 είς
869 4213 946 4268 τοῦτο
970 4209 1088 4286 ἀγούσης
1110 4215 1160 4286 τῆς
1181 4210 1320 4285 παλαιοῖς·
1352 4213 1469 4294 λέγεται
1494 4217 1551 4297 γάρ

243 4333 291 4394 καί
313 4331 375 4404 τοὶις
397 4333 579 4414 μακαριστοὺς
602 4333 723 4405 ἐκείνους
749 4333 880 4411 πατέρας,
908 4329 935 4390 οἳ
959 4331 990 4390 τό
1018 4331 1130 4390 Ῥαίθάν
1151 4333 1211 4392 ποτ’
1236 4327 1348 4414 ᾤκησαν
1371 4334 1419 4396 καί
1441 4338 1472 4396 τό
1498 4338 1552 4397 Σί-

244 4475 329 4535 ναιον,
361 4455 465 4514 ἐκεῖθεν
499 4455 614 4514 ἐνταῦθα
644 4455 869 4530 μεταναστεῖισαι,
904 4449 927 4510 εί
959 4449 1005 4510 καὶ
1036 4453 1074 4526 μὴ
1105 4455 1218 4533 πάντας,
1250 4455 1319 4515 ἀλλ’
1347 4453 1393 4516 οὖν
1419 4479 1454 4536 γε
1484 4459 1552 4532 τοὺς

243 4576 386 4658 πλείονας,
411 4576 456 4637 διὰ
478 4577 527 4648 τάς
550 4577 674 4653 συνεχεῖς
698 4573 810 4653 ἐφόδους
831 4579 885 4632 τῶν
909 4567 1054 4653 ἀνημέρων
1076 4573 1244 4656 Βλεμμίιων,
1269 4577 1333 4636 άνευ
1356 4577 1469 4654 δηλαδὴ
1493 4589 1551 4640 τῶν

246 4700 336 4760 ἐκεῖσε
359 4699 596 4778 μαρτυρησάντων.
