3160 5292
1250 381 1309 445 181

30 569 93 642 λείας
113 591 178 644 μου·
205 572 387 646 έπεκτῆσαντο
412 571 466 650 γάρ
490 572 543 632 όπδ
567 571 674 652 δωρεάς
696 579 745 648 τῆς
769 571 912 646 βασιλείας
936 595 987 650 μου
1010 574 1164 648 ἀναμεταξὺ
1187 582 1240 636 τῶν
1264 576 1310 636 δύο

29 699 151 772 ποταμῶν,
175 698 273 754 τοῦτο
297 692 457 774 Μαιάνδρου
484 693 530 754 καὶ
557 699 603 754 τοῦ
631 695 684 754 αἰοτδ
711 701 764 754 τῶν
789 695 934 756 Παλατίων
963 697 1150 776 διερχομένου,
1173 697 1264 758 τοπίον
1287 719 1311 758 τι

28 819 48 874 το
67 815 217 893 λεγόμενον
242 815 363 895 Πόργος,
388 817 453 876 ἔνθα
478 814 525 876 καὶ
548 818 587 889 ῶς
610 818 739 895 μετόχιον
762 820 959 892 συνεστήσαντο
982 817 1029 878 καί
1052 820 1234 898 διαποροῦντες
1257 821 1309 880 άπδ

28 946 63 1011 τῆς
88 937 200 1014 [Ιάτμου
231 939 324 1016 έχουσι
354 936 401 997 καί
429 935 469 1011 εἰς
495 939 653 1014 καταμονῆν
683 938 729 999 καὶ
756 939 904 999 ἀνάπαυσιν
935 937 982 998 καὶ
1013 939 1052 1012 είς
1078 943 1236 1020 καταφυγὴν
1264 940 1310 1002 καὶ

28 1059 171 1136 έοράλειαν.
198 1058 246 1119 καὶ
273 1062 365 1135 μέντοι
391 1057 438 1120 καὶ
464 1061 676 1140 παραλαβόντες
701 1063 731 1122 τό
759 1064 876 1122 τοιοῦτον
903 1061 1004 1144 τοπίον,
1033 1065 1124 1143 ῶσπερ
1152 1063 1222 1139 δῆτά
1243 1083 1309 1124 ποτε

26 1180 59 1240 καὶ
79 1187 112 1262 τῆ
136 1183 166 1242 ἐν
191 1189 224 1265 τῆ
247 1182 531 1243 Κωνσταντινουοτόλει
558 1189 628 1266 μονῇ
655 1189 704 1260 τῆς
729 1185 926 1264 Παναχράντου
954 1184 1084 1264 διέφερεν,
1114 1185 1206 1264 έχουσι
1233 1191 1309 1247 τοῦτο

27 1303 54 1373 εἷς
73 1305 102 1363 τ“ο
132 1305 244 1382 α’μαχον
270 1307 483 1383 περιστήσαντες
510 1305 655 1385 έλεόθερον
683 1308 770 1382 πάντη
798 1305 845 1366 καί
872 1305 1100 1367 ἀκαταδοόλωτον
1128 1308 1181 1368 ἀπο
1210 1311 1310 1381 παντδς

26 1429 165 1506 προοῶπσυ,
192 1427 286 1500 καθὼς
314 1429 403 1500 αὺτοῖς
431 1425 477 1487 καὶ
505 1423 693 1506 ἀποκατέστη,
722 1427 793 1502 μετὰ
820 1430 921 1500 παντός
945 1427 1049 1489 δικαίου
1071 1433 1309 1510 προσαρμόσαντος

25 1548 52 1625 τῷ
73 1549 186 1629 τοιούτῳ
213 1547 424 1630 ἰδιοπεριορίατῳ
452 1549 536 1630 τοπίῳ
563 1549 610 1609 καὶ
638 1550 724 1609 αθτῶν
751 1549 805 1609 τῶν
834 1549 862 1610 έν
885 1549 956 1628 οῶτῷ
980 1551 1091 1611 άλυκῶν
1114 1554 1189 1630 παρά
1210 1573 1241 1611 τε
1262 1557 1308 1612 τοῦ

23 1671 204 1750 τανσεβάστσυ,
235 1671 366 1746 σεβασποῡ
397 1669 444 1730 καὶ
471 1668 571 1732 οἰκείου
606 1677 656 1750 τῆς
686 1669 829 1746 βασιλείας
857 1693 919 1752 μου,
949 1675 1197 1754 παρακοιμωμένου
1227 1678 1307 1754 κυροῡ

24 1791 138 1864 ’λλεξίου
167 1797 214 1854 τοῦ
236 1793 387 1874 Κρατεροῦ,
418 1791 466 1853 καί
493 1797 540 1854 τοῦ
569 1793 755 1868 πανσεβάοτου
785 1796 1038 1875 πρωτοστράτορος,
1068 1799 1149 1874 κυροΰ
1180 1796 1307 1858 Ἰωάννου

22 1921 56 1976 τοῦ
74 1917 147 1998 Ἰοῆ,
172 1917 207 1977 δι’
227 1918 372 1998 ἐγγράφων
400 1920 487 1978 αἰτῶν
513 1915 650 1999 πράξεων,
679 1919 718 1990 ὡς
743 1915 790 1978 καὶ
818 1919 898 1978 αὐτοῦ
923 1922 969 1978 τοῦ
997 1920 1234 1999 πρωτοστράτορος
1261 1919 1305 1978 δι-

23 2041 177 2112 ιοιῶοαντος
199 2041 230 2099 τδ
257 2041 341 2121 μέρος
368 2045 417 2116 τῆς
445 2047 531 2118 μονῆς
553 2045 603 2116 τῆς
628 2041 739 2115 Πάτμου
767 2037 807 2112 εἰς
832 2041 863 2100 τ“ο
890 2038 1118 2100 ἀκαταδοόλωτον
1142 2039 1217 2118 ἔχειν
1241 2041 1304 2100 αίττδ

22 2159 57 2216 καί
82 2159 287 2239 ἀνενοχλῆτως.
321 2159 381 2221 ἐπεὶ
411 2162 442 2222 δέ
472 2161 570 2237 ἐδέησε
599 2161 638 2240 τῷ
668 2163 746 2242 μέρει
773 2162 872 2236 ταθτης
900 2155 945 2220 διὰ
971 2162 1002 2221 τδ
1029 2161 1230 2242 ἀσφαλέστερον
1258 2159 1306 2222 καί

21 2283 213 2360 χοιτοβοόλλου
240 2291 290 2360 τῆς
312 2283 455 2358 βασιλείας
478 2304 539 2363 μου,
562 2285 698 2360 ηὐδόκησε
721 2283 754 2342 πθ
776 2281 837 2362 περὶ
859 2283 952 2343 τούτου
975 2279 1022 2342 καί
1043 2285 1061 2357 ἡ
1085 2283 1213 2358 βασιλεία
1235 2303 1304 2360 μου·

22 2411 68 2473 πῶς
94 2405 149 2484 γὰρ
177 2405 228 2466 οὒκ
256 2405 314 2466 ἔδει
343 2407 392 2481 τῆν
423 2404 567 2481 βασιλείαν
598 2426 649 2481 μου
676 2401 874 2486 ἀναδέξασθαι,
908 2407 947 2477 ὡς
980 2404 1033 2465 ἀπό
1065 2403 1207 2483 πελάγους
1244 2405 1305 2476 τοὺς

24 2523 172 2601 ίίατμηνοὶις
205 2527 344 2604 μοναχοθς
379 2524 418 2598 εἰς
451 2527 614 2606 όρμητῆριόν
637 2547 661 2586 τι
695 2531 884 2598 καταντῶντας
917 2525 966 2601 τὴν
1001 2525 1145 2600 βασιλείαν
1173 2545 1225 2602 μου
1258 2523 1306 2586 καί

20 2648 87 2724 χεῖρα
109 2647 240 2722 βοηθείας
262 2649 352 2717 αὐτοῖς
374 2643 467 2728 δρέξαι
493 2647 540 2707 καὶ
562 2649 593 2708 τδ
616 2645 752 2726 έοραλὲς,
775 2649 891 2707 καθόσον
915 2647 1012 2729 ἔνεστι,
1034 2647 1138 2720 τούτοις
1159 2650 1305 2728 περιποιῆ-

22 2769 115 2849 οαπθαις
144 2770 207 2829 ὅθεν
234 2768 281 2830 καὶ
308 2773 526 2850 χειρογραροῶσα
547 2771 564 2844 ἠ
589 2767 717 2842 βασιλεία
740 2788 791 2844 μου
817 2769 848 2829 τό
871 2770 957 2848 παρόν
978 2769 1187 2849 χρυσόβουλλον
1209 2767 1304 2848 σιγίλ-

20 2887 68 2948 λιον
88 2893 188 2966 ποιότης
212 2891 345 2972 προτείνει
367 2890 413 2951 καὶ
438 2891 565 2972 έπορέγει
586 2893 689 2962 τούτοις
712 2892 750 2962 ῶς
774 2891 904 2972 ἄγκυραν,
929 2890 964 2950 δι’
987 2883 1018 2950 οὖ
1039 2887 1087 2949 καὶ
1108 2887 1251 2962 καθέξουσι
1274 2892 1304 2950 τό

20 3010 255 3092 ἃνπγεγραμμένον
278 3013 379 3092 ποπίον,
403 3013 448 3072 τδν
473 3013 589 3091 Πύργον,
614 3013 675 3087 μεθ’
698 3006 736 3072 ὧν
762 3013 908 3088 κατέχουσι
936 3012 1019 3091 μέχρι
1045 3009 1092 3070 καὶ
1118 3015 1163 3070 νῶν
1186 3011 1305 3090 ἀμάχως

22 3132 118 3192 ἁλυκῶν
139 3133 187 3194 καὶ
209 3137 313 3195 λοιπῶν
337 3135 448 3195 δικαίων
471 3135 551 3195 αθτοῶ
574 3133 620 3194 καὶ
643 3134 682 3204 είς
705 3135 767 3208 τοὺς
790 3132 855 3211 έξῆς
876 3135 991 3213 χρόνους
1015 3134 1208 3212 οἰνενοχλήτως
1231 3136 1302 3194 πάν-

20 3274 44 3329 τη
68 3256 112 3316 καὶ
138 3261 230 3338 ῶσπερ
257 3258 315 3338 α’ρτι
342 3258 391 3331 τὴν
415 3259 605 3335 ἁπανταχόθεν
630 3257 787 3338 ἐλευθερίαν
812 3255 855 3316 ἐπὶ
876 3262 909 3338 πῆ
932 3261 1039 3338 κατοχῇ
1064 3258 1142 3316 αὐτοῡ
1164 3253 1211 3315 καὶ
1232 3262 1303 3335 νομῇ

21 3379 160 3457 κέκτηνται,
188 3380 275 3452 οθτως
302 3377 347 3438 καί
376 3377 415 3452 εἰς
437 3379 467 3438 τό
490 3381 636 3454 μετέπειτα
663 3379 815 3457 ἐλευθέρως
842 3375 889 3438 καί
913 3378 1117 3450 αυτοδεσπότως
1139 3379 1304 3456 κατέχοντες

22 3499 124 3582 ἔσονται,
146 3501 239 3572 καθὼς
261 3499 308 3560 καὶ
331 3499 355 3559 οἱ
380 3498 605 3578 Παναχραντηνοὶ
630 3500 750 3579 ἀρχῆθεν
765 3495 849 3577 -είχον
874 3501 954 3560 αθτό·
973 3501 1047 3559 ἔσται
1068 3500 1122 3579 γὰρ
1144 3497 1192 3558 καὶ
1215 3501 1304 3572 αὺτοῖς

21 3621 51 3690 ιὐς
74 3619 223 3697 ίδιόνιτητον
252 3624 380 3700 μετόχιον
407 3622 587 3701 λογιζόμενον
614 3620 662 3680 καὶ
688 3621 835 3680 οθδέοιοθεν
863 3621 1092 3696 διασεισθήσονται
1115 3620 1140 3680 οί
1164 3620 1305 3696 Πατμηνοὶ

23 3739 221 3818 ἐμραυιζομένου
249 3748 295 3804 τοῦ
318 3745 450 3823 παρόντος
472 3742 680 3822 χρυσοβοθλλου
702 3747 751 3817 τῆς
775 3741 918 3817 βασιλείας
941 3763 992 3817 μου
1014 3740 1061 3800 καί
1084 3743 1168 3822 μέχρι
1190 3741 1236 3802 καὶ
1259 3745 1305 3802 τοῦ

21 3867 136 3939 σχόντος
156 3865 433 3945 περικλονηθῆσονται
457 3865 508 3924 ἀπό
531 3869 577 3924 τοῦ
600 3867 700 3944 μέρους
722 3869 767 3924 ποῶ
791 3865 920 3941 δημοσίου
942 3867 960 3938 ῆ
985 3863 1132 3944 ἑτέρωθεν·
1154 3863 1197 3923 ἐπὶ
1219 3865 1304 3943 τούτῳ

21 3985 62 4064 (ἂρ
90 3986 213 4064 ἐγεγόνει
241 3989 272 4047 τό
300 3989 386 4068 παρόν
413 3987 621 4068 χρυσόβουλλον
649 3987 784 4065 σιγιλλιον
813 3985 853 4058 εἰς
879 3987 928 4061 τἠο
950 3990 997 4045 τοῦ
1019 3985 1110 4046 τοπίου
1131 3986 1234 4067 τούτου,
1257 3989 1304 4045 τοῦ

22 4107 130 4187 Ιίίργου,
169 4111 352 4191 κατοχθρωσιν
389 4109 520 4190 πλείονα,
559 4111 746 4188 γεγενημένον
781 4108 825 4168 διὰ
858 4110 1050 4188 περισσοτέραν
1085 4107 1221 4167 δικαίωσιν
1254 4113 1304 4182 τῆς

21 4233 151 4310 ουλε-ί

113 4355 135 4430 †
158 4354 213 4412 Τό·
237 4353 314 4429 μηνί
337 4353 473 4432 μαρτίῳ,
499 4352 706 4424 ἰυδικτιῶνος
722 4351 756 4430 θ’,
782 4351 824 4410 δι’
849 4351 992 4432 ἐρυθριῶν
1014 4351 1220 4429 γραμμάτων
1246 4356 1303 4426 τῆς

22 4473 190 4550 βασιλικῆς
216 4475 271 4534 καὶ
297 4474 389 4546 θείας
415 4477 546 4557 χειρός,
573 4475 630 4550 τῆν
658 4475 712 4534 διὰ
738 4479 839 4554 κηροῦ
867 4474 989 4549 συνήθη
1019 4471 1179 4550 δίπτυχον
1209 4471 1302 4546 βασι-

21 4593 109 4670 λικὴν
137 4595 298 4677 σφραγῖδα
324 4595 379 4656 καὶ
409 4600 461 4657 τό·
493 4596 547 4656 διὰ
573 4601 627 4656 τοῦ
649 4597 794 4676 Τορνίκη
822 4595 1020 4674 Δημητρίου.
1057 4595 1235 4675 ἀπῃῶρητο
1267 4593 1303 4653 δὲ

21 4715 67 4776 καί
87 4719 234 4778 κάτωθεν
262 4719 392 4794 βοθλλα
414 4725 520 4798 χρυσῆ
544 4718 588 4778 δι’
611 4716 725 4791 όξείας
748 4716 909 4799 μετάξης,
934 4717 967 4776 ἐν
990 4717 1049 4791 μὲν
1071 4714 1114 4796 τῷ
1137 4713 1185 4776 ένί
1209 4717 1304 4796 μέρει
