3228 5294
267 337 311 402 42

269 532 445 612 ὑπέγραψα
474 533 529 593 καί
560 534 743 614 έσφράγισα
783 533 845 594 καὶ
874 535 919 613 τῷ
949 537 1043 614 μέρει
1072 543 1131 612 τῆς
1161 542 1265 613 μονῆς
1296 535 1487 597 ἐπιδέδωκα
1516 537 1559 608 είς

269 653 452 732 ἀσφάλειαν
475 657 504 734 †.

373 779 394 857 †
417 777 509 838 Κατὰ
528 779 583 838 τδν
606 778 761 858 ἀπρίλιον
784 784 871 855 μῆνα
893 785 950 854 τῆς
974 775 1159 862 ἐνεστώσης
1183 779 1377 854 δωδεκάτης
1399 778 1559 840 ίνδικτιιῖι-

269 919 329 969 νος
355 903 410 959 τοῦ
431 899 541 979 ςφίηζ
566 899 659 972 ἔτους
681 900 838 975 ἀπεστάλην
860 900 940 980 κάγὼ
967 901 1095 976 Ἰωάννης
1118 903 1274 980 νοτάριοςὺ
1297 900 1471 979 Θεολογίτης
1492 903 1562 982 παρὰ

269 1019 418 1082 Εύσταθίου
434 1024 594 1102 στρατηγοῦ,
607 1025 756 1102 προνοητοὺ
768 1023 862 1097 Σάμου
877 1021 923 1084 καί
940 1018 1080 1102 ἀνθρώπου
1095 1028 1144 1098 τῆς
1160 1023 1241 1102 ἁγίας
1255 1025 1334 1098 ήμῶν
1350 1023 1504 1102 δεσποίνης,
1519 1031 1561 1084 τοῦ

268 1142 448 1224 Χαρσιανίτου
465 1142 493 1202 έν
509 1149 541 1226 τῇ
557 1146 632 1223 νήσῳ
644 1145 737 1225 Λέρῳ,
756 1144 827 1204 κατὰ
849 1144 898 1220 τὴν
914 1143 1141 1224 προκομισθεῖοαν
1158 1143 1230 1222 αὑτῷ
1245 1144 1334 1220 τιμίαν
1350 1143 1396 1206 καί
1411 1165 1560 1225 προσκυνη-

268 1265 317 1340 τὴν
338 1262 483 1346 πρόσταξιν
506 1272 555 1342 τής
577 1265 659 1344 άγίας
682 1267 765 1342 αὑτῆς
788 1266 942 1347 βασιλείας,
965 1268 1035 1326 ὥστε
1057 1272 1169 1343 ποιῆσαι
1190 1267 1236 1326 τάν
1259 1265 1443 1346 διαχωρισμὸν
1466 1271 1514 1326 τοὺ
1535 1288 1561 1326 τε

267 1386 427 1467 προαστείου
454 1387 604 1467 Παρθενίου
626 1385 673 1448 καί
695 1393 748 1448 τῶν
772 1388 819 1448 δύο
845 1388 947 1468 ἀγρῶν,
970 1397 1016 1449 τοῦ
1038 1409 1068 1448 τε
1093 1387 1269 1468 Πολουφοὺτη
1292 1385 1415 1448 καὶτῶν
1439 1389 1560 1469 Πουρου-

267 1513 332 1589 νῶν,
354 1507 416 1588 περὶ
439 1516 489 1585 τῆς
510 1509 686 1586 ἀνακυψάσης
709 1509 877 1590 ἀμφιβολίας
898 1515 948 1586 τῆς
970 1511 1071 1570 τούτων
1095 1514 1193 1588 νομῆς,
1213 1511 1252 1582 ὡς
1271 1509 1356 1570 ὄντων
1370 1515 1423 1570 τῶν
1438 1511 1561 1571 τοιούτων

270 1630 316 1691 δύο
332 1630 424 1711 ἀγρῶν
442 1627 472 1704 ἐξ
496 1628 584 1710 ἀρχῆς
606 1629 653 1692 καί
676 1631 779 1692 ἀνωθεν
801 1630 851 1691 ύπὺ
873 1635 923 1706 τῆς
945 1633 1086 1708 ὑποταγῆς
1107 1635 1153 1691 τοὺ
1176 1630 1336 1711 Παρθενίου,
1359 1630 1406 1692 καί
1429 1631 1562 1693 ἐπίκοινον

270 1751 390 1812 ἔκπαλαι
412 1753 461 1828 τὴν
483 1754 570 1829 νομὴν
592 1755 780 1829 κεκτημένων.
804 1759 858 1813 τῶν
880 1753 1007 1814 τοιούτων
1031 1753 1062 1812 δὲ
1086 1752 1132 1813 δύο
1155 1753 1247 1834 ἀγρῶν
1270 1751 1324 1813 ἀπὺ
1346 1757 1391 1814 τοῦ
1415 1753 1562 1833 Παρθενίου

269 1869 506 1956 ἀποσπασθέντων,
531 1874 640 1951 ἐζήτουν
663 1876 710 1936 καί
733 1875 807 1950 αὑθις
829 1879 878 1952 τὴν
901 1853 987 1954 νομὴν
1010 1875 1144 1936 ἐπίκοινον
1168 1876 1243 1954 ἔχειν
1266 1877 1291 1938 οί
1313 1880 1359 1937 τοὺ
1383 1877 1559 1956 Πολουφούτη

268 1993 315 2056 καί
341 2001 395 2056 τῶν
423 1997 584 2077 Πουρουνῶν
610 1999 748 2080 πάροικοι·
780 1999 810 2058 τὺ
833 2000 916 2080 μέρος
940 1997 970 2058 δὲ
993 2004 1047 2058 τῶν
1070 2003 1199 2076 μοναχῶν
1221 2001 1268 2059 τοῦ
1297 2001 1457 2073 τιμιωτάτου
1482 2003 1561 2078 κυροὺ

268 2118 480 2199 Χριστοδοὺλου,
503 2125 557 2178 τῶν
580 2119 626 2180 καὶ
648 2121 696 2196 τήν
719 2119 877 2180 δεσποτείαν
899 2124 944 2179 νῦν
972 2120 1091 2197 έχάντων
1123 2123 1170 2179 τοὺ
1200 2119 1349 2200 Παρθενίου
1376 2119 1412 2179 δι’
1436 2119 1561 2194 εὐοεβσὺς

268 2241 476 2321 χρυσοβούλλου
495 2245 542 2302 τοὺ
557 2245 686 2323 κραταιοῦ
701 2239 748 2302 καί
763 2243 841 2320 άγίου
860 2243 938 2317 ήμῶν
959 2242 1107 2321 βασιλέως,
1128 2245 1158 2302 οὑ
1180 2239 1351 2300 κατετίθεντο
1374 2241 1450 2314 ὅλως
1473 2243 1562 2316 κοινὴν

270 2357 339 2421 εῖναι
361 2363 410 2436 τὴν
437 2363 560 2439 τοιαύτην
587 2367 682 2442 νομήν,
710 2365 740 2424 τδ
768 2365 906 2444 ἀτάραχον
935 2363 982 2424 καὶ
1009 2365 1180 2444 ἀφιλόνεικον
1207 2365 1299 2424 τούτου
1326 2364 1493 2436 ἀσπάζεσθαι
1519 2363 1563 2424 καί

268 2482 328 2561 ’ίσην
349 2482 388 2563 τῷ
411 2484 553 2566 Παρθενίῳ
576 2487 662 2562 νομὴν
685 2487 759 2564 έχειν
781 2484 828 2546 καὶ
856 2487 917 2559 τοὺς
945 2486 1045 2566 ἀγρούς
1070 2492 1124 2545 τῶν
1152 2492 1283 2564 μοναχῶν
1311 2486 1516 2561 ἐνισταμένων.
1541 2487 1563 2545 σί

268 2603 315 2666 καὶ
346 2605 605 2686 ἀπαναγκασθέντες
631 2608 789 2686 ὑπεμνήσθη
817 2608 892 2690 παρὰ
918 2613 971 2668 τῶν
1000 2605 1150 2688 εἰρημένων
1181 2614 1313 2687 μοναχῶν
1340 2611 1357 2684 ή
1386 2607 1453 2686 ἁγία
1483 2610 1563 2685 αὑτῆς

269 2725 408 2808 βασιλεία,
431 2728 501 2788 ίύστε
525 2728 745 2809 ἀναμετρηθῆνοιι
764 2726 812 2789 καὶ
834 2731 852 2806 ή
873 2733 918 2788 τοὺ
941 2729 1091 2808 Παρθενίου
1113 2731 1184 2806 νομὴ
1206 2729 1254 2790 καὶ
1275 2732 1293 2806 η
1316 2729 1370 2790 τῶν
1393 2731 1439 2791 δύο
1462 2731 1563 2811 ἀγρῶν,

268 2847 316 2908 καί
340 2849 497 2932 έπίμεριοθῇ
522 2847 561 2922 εἰς
584 2849 631 2910 δύο
654 2849 777 2932 μερίδας,
801 2853 857 2922 τοῖς
881 2852 931 2926 μὲν
956 2849 1028 2911 δυσίν
1052 2851 1147 2932 ἀγροῖς
1170 2852 1330 2935 ἀπονεμηθῇ
1353 2852 1403 2928 μία
1426 2854 1514 2934 μερίς,
1528 2853 1564 2932 τῷ

270 2971 301 3031 δὲ
325 2973 402 3051 μέρει
424 2974 471 3032 τού
501 2972 651 3053 Παρθενίου
675 2973 768 3053 ἑτέρα·
799 2971 846 3033 καί
869 2973 945 3055 εἴπερ
968 2974 1065 3056 εὑρεθῇ
1090 2973 1143 3033 ἀπθ
1164 2979 1218 3034 τῶν
1242 2973 1289 3033 δύο
1318 2974 1497 3045 λειπάζεσθαι
1518 2978 1564 3050 τὴν

269 3093 375 3174 ἑτέραν,
403 3092 510 3154 ίκανοὺν
537 3095 635 3170 ταύτην
661 3095 692 3154 τδ
721 3094 851 3156 ἐλλεῖπον
879 3096 961 3171 σίντης
982 3096 1000 3170 ή
1023 3096 1213 3176 περιττεύουοα
1236 3095 1323 3176 μερίς.
1354 3098 1385 3167 δς
1407 3094 1454 3156 καὶ
1477 3117 1563 3157 κατοι-

268 3214 366 3289 λαβὼν
381 3216 430 3292 τὴν
445 3216 642 3297 προρρηθεῖσαν
657 3221 740 3294 νήσου
757 3217 855 3297 Λέρον,
871 3215 919 3276 καί
934 3215 1159 3298 συμπαραλαβὼν
1182 3217 1243 3292 μεθ’
1268 3217 1363 3277 έαυτοὺ
1386 3217 1447 3290 τούς
1471 3221 1565 3278 εὑυπο-

269 3335 453 3417 ληπτοτέρους
482 3341 536 3406 τῶν
567 3337 717 3420 παροίκων,
747 3338 808 3410 τοὺς
835 3337 881 3398 καὶ
910 3339 1033 3398 κάτωθεν
1062 3342 1108 3398 τοὺ
1140 3339 1206 3398 ὑλου
1235 3339 1316 3418 ύφους
1345 3336 1564 3420 ὑπογράψαντας,

269 3460 426 3540 περιῶρισα,
449 3461 581 3543 παρουσίᾳ
605 3462 691 3520 αὑτῶν
710 3482 739 3520 τε
754 3466 808 3520 τῶν
832 3459 1013 3536 δηλωθέντων
1036 3461 1152 3541 ἀνδρῶν,
1170 3453 1331 3544 [παρήάντων
1347 3457 1462 3520 καὶτῶν
1478 3481 1565 3536 μονα-

269 3587 329 3658 χῶν
355 3585 401 3640 τοὺ
427 3584 625 3663 προειρημένου
652 3585 734 3663 κυροὺ
760 3581 960 3662 Χριστοδούλου
979 3581 1034 3642 ,καὶ
1060 3587 1114 3641 τῶν
1140 3581 1279 3661 παροίκων
1305 3586 1359 3640 τῶν
1390 3581 1435 3640 δύο
1463 3582 1564 3662 ἀγρῶν,

269 3705 315 3762 τοὺ
337 3723 368 3762 τε
391 3701 567 3783 Πολουφοὺτη
590 3702 713 3764 καὶτῶν
736 3705 906 3786 Πουρουνῶν,
934 3701 981 3764 καὶ
1005 3697 1082 3784 εύρον
1104 3705 1135 3762 τδ
1158 3701 1209 3778 μέν
1232 3703 1392 3784 Παρθένιον,
1415 3708 1468 3781 γῆν
1483 3725 1565 3779 νομα-

270 3823 359 3884 διαίαν
387 3824 489 3899 μοδίων
517 3822 711 3904 ἑξακισχιλίων
740 3829 922 3900 πεντήκοντα·
954 3825 1082 3897 ὡσαύτως
1104 3824 1151 3884 καί
1173 3825 1218 3884 τὺν
1246 3823 1330 3905 ἀγρὺν
1364 3823 1565 3904 Πολουφοὺτην,

268 3951 322 4025 γῆν
354 3945 452 4022 ὁμοίαν
482 3946 585 4022 μοδίων
616 3947 849 4024 πεντακισχιλίων
877 3943 1027 4019 ἑξακοσίων
1057 3946 1213 4006 δεκαοκτώ·
1245 3945 1290 4005 σὺν
1316 3945 1419 4017 τούτοις
1445 3945 1493 4004 καὶ
1522 3947 1566 4005 τδν

270 4069 354 4150 ἀγρδν
376 4077 429 4129 τῶν
458 4071 618 4150 Πουρουνῶν
645 4069 693 4130 καί
721 4069 800 4129 αὑτὺν
828 4069 929 4144 δμοίως
952 4073 1006 4148 γῆν
1032 4065 1195 4144 νομαδιαίαν
1223 4065 1325 4143 μοδίων
1348 4065 1446 4145 χιλίων
1468 4087 1566 4147 τετρα-

270 4191 369 4252 κοσίων
397 4194 567 4269 πεντήκοντα
595 4193 676 4273 θκτὺ,
704 4191 751 4254 σύν
778 4197 811 4273 τῇ
841 4191 941 4251 ἔσωθεν
969 4191 1150 4273 εὑρισκομένη
1178 4187 1220 4249 ἐπ’
1248 4189 1416 4268 ἀμφοτέρους
1445 4189 1567 4269 ἀροσίμῳ

270 4320 323 4395 γῇ,
344 4315 379 4389 ἣν
401 4311 448 4373 καὶ
471 4313 609 4394 ἀφορίσας,
632 4315 663 4373 τδ
686 4315 737 4390 μὲν
761 4313 911 4394 Παρθένιον
934 4311 1159 4393 ἀπαρασάλευτον
1181 4309 1228 4371 καὶ
1255 4311 1470 4387 ἀκαινοτὺμητον
1494 4313 1567 4389 ἔχειν

270 4433 319 4510 τὴν
335 4434 403 4511 ὑλην
429 4435 508 4496 αὑτοῦ
528 4439 615 4512 νομήν
634 4456 664 4496 τε
684 4434 731 4496 καὶ
754 4438 883 4515 σπόριμον
906 4441 959 4512 γῆν
981 4439 1035 4494 τῶν
1052 4432 1106 4516 ‘gv'
1131 4431 1233 4510 μοδίων
1255 4432 1318 4505 τοὺς
1341 4431 1372 4492 δὲ
1396 4432 1444 4492 δύο
1468 4429 1567 4513 ἀγρούς

271 4557 346 4636 ἔχειν
373 4555 420 4617 καὶ
446 4557 585 4629 δεσπόζειν
617 4557 711 4633 ἐπίσης
738 4557 786 4631 τήν
814 4557 968 4636 εὑρεθεῖσαν
1000 4557 1028 4616 έν
1059 4556 1147 4626 αὑτοῖς
1174 4554 1334 4631 νομαδιαίαν
1361 4551 1408 4614 καὶ
1436 4557 1568 4635 σπόριμον

270 4663 324 4764 γῆν
353 4685 407 4740 τῶν
431 4679 502 4766 ‘tog'
527 4679 639 4760 μοδίων,
668 4676 691 4742 εί
718 4675 765 4742 καί
792 4677 897 4742 πλείων
923 4681 970 4742 τοὺ
998 4677 1148 4758 Παρθενίου
1176 4679 1317 4757 τυγχάνει·
1347 4674 1394 4737 καί
1421 4677 1567 4753 ἐπεζήτουν
