3162 5278
241 339 303 404 278

240 535 349 606 παντάς.
376 535 443 612 ιτρδς
465 535 541 592 τούτο
564 531 619 613 οὖν,
642 532 767 611 ἀδελφοί,
790 535 820 591 τύ
844 538 941 610 σχῆμα
967 534 997 591 τ“ο
1022 527 1111 615 ἀγ[ιον
1134 529 1180 591 καὶ
1202 527 1377 616 πρσ]ρητικ“ον
1399 529 1444 589 καὶ
1466 531 1530 590 ἀπο-

242 656 367 715 στολικδν
393 653 441 714 καί
469 651 614 733 ἐξαιρέτως
641 651 802 733 ἀγγελικύν,
831 655 870 726 ῶς
896 653 944 728 τὴν
971 653 1117 733 παρθενίαν
1144 658 1197 712 τῶν
1221 653 1350 732 ἀγγέλων
1374 653 1531 727 μιμούμενον

242 776 288 838 καί
315 778 462 854 ύποταγην.
494 777 550 856 χρὴ
579 775 622 837 οὖν
650 775 693 836 ἐπὶ
719 777 821 854 τούτου,
848 777 973 856 καθάπερ
1000 775 1025 834 σί
1054 771 1172 854 ἀγγελοι
1200 774 1229 833 ἐν
1256 775 1295 854 τῷ
1323 771 1441 853 σύρανῷ,
1462 781 1530 854 κοινῇ

242 895 319 972 τάξει
341 897 388 959 καίΙ
409 899 522 976 ύμνησει
550 899 599 981 μιᾷ
626 894 792 978 δοξολογοῡν
822 899 868 958 τδν
896 897 1039 978 δεσπότην,
1069 897 1139 956 ούτω
1165 895 1213 955 καί
1234 898 1316 973 ἡμεῖς
1343 895 1386 955 ἐπὶ
1412 901 1461 970 τῆς
1485 902 1531 974 γῆς

242 1025 342 1092 πάντες
372 1021 506 1100 ἀνθρωποι
536 1015 705 1105 δρειῙλσμεν]
737 1018 784 1079 καί
815 1017 937 1092 δοξάζειν
967 1020 1016 1094 τὴν
1047 1019 1127 1098 ἁγίαν
1157 1018 1254 1098 τριάδα
1287 1019 1315 1077 ἐν
1345 1018 1396 1100 μιᾷ
1425 1019 1531 1093 θεύτητι,

244 1141 344 1220 πολλῷ
372 1141 481 1217 μάλλον
509 1141 533 1202 οί
561 1140 679 1220 μοναχσὶ
706 1142 735 1202 ἐν
762 1144 819 1214 τοῖς
845 1140 1048 1223 μοναοτηρίοις,
1076 1143 1115 1214 ῶς
1143 1143 1230 1216 ὅμοιοι
1256 1145 1310 1200 τῶν
1338 1140 1467 1218 ἀγγέλων
1493 1137 1532 1197 διὰ

244 1268 290 1324 τού
320 1266 475 1343 σχήματος,
506 1264 544 1334 ὡς
573 1261 744 1343 προείρηται,
779 1265 841 1323 δέον
873 1262 928 1322 ἐστί
958 1264 997 1335 ῶς
1027 1263 1144 1342 άγγελοι
1177 1261 1225 1322 καὶ
1255 1261 1403 1321 ἀπόστολοι
1434 1262 1461 1320 ἐν
1489 1261 1533 1342 μιᾷ

244 1390 317 1467 ψυχῇ
351 1383 398 1444 καὶ
428 1384 527 1464 καρδίᾳ
556 1385 736 1460 κοινοβιακῶς
765 1385 965 1463 πολιτεύεσθαι,
996 1383 1062 1444 διδτι
1093 1384 1183 1444 ούκέτι
1214 1381 1333 1462 ἐπίγειος
1363 1386 1410 1442 τού
1440 1383 1533 1456 κύαμον

244 1508 336 1567 τούτου
363 1507 378 1565 δ
405 1509 542 1587 μοναχάς,
574 1505 640 1566 ἀλλ’
668 1506 848 1585 ίιπερκάσμιος
878 1503 925 1565 καὶ
955 1506 1076 1584 ούράνιος
1105 1503 1152 1564 καὶ
1183 1506 1214 1564 τ“ο
1244 1503 1396 1579 πολίτευμα
1432 1505 1535 1578 ἀληθῶς

246 1628 315 1703 μετὰ
341 1631 387 1688 τού
412 1629 522 1688 Παύλου
550 1628 622 1706 ἔχων
650 1627 679 1687 ἐν
706 1629 843 1708 ούρανοῖς,
865 1626 912 1687 καὶ
934 1629 1011 1686 τούτο
1036 1626 1298 1706 ἐπαγγελλόμενος,
1321 1625 1364 1686 διδ
1386 1627 1535 1705 γινωσκέτω

243 1754 298 1822 τάς
322 1749 454 1830 μοναχδς,
478 1750 517 1821 ῶς
540 1747 589 1808 ούκ
612 1748 692 1826 ἔστιν,
716 1750 757 1809 δτι
779 1755 827 1825 τῆς
849 1750 988 1830 παρούσης
1011 1750 1099 1828 ζωῆς,
1123 1747 1200 1806 ἀλλά
1221 1747 1261 1827 τῷ
1284 1747 1335 1826 βίῳ
1357 1749 1443 1827 τούτῳ
1463 1749 1535 1806 νενέ·

245 1891 347 1952 κρωται
376 1868 424 1931 καί
453 1867 588 1952 ἅρθαρτάς
616 1869 672 1930 ἐστι
702 1870 748 1930 καί
777 1867 935 1950 ἐπουράνιος
965 1869 1117 1949 ἅνθρωπος.
1152 1867 1200 1929 καί
1226 1869 1297 1930 κατά
1326 1869 1438 1930 Παῦλον
1467 1867 1536 1936 αύθις

246 1991 343 2053 εἰπεῖν·
371 1994 404 2052 «δ
426 1994 530 2068 κόσμος
558 1991 630 2071 αύτῷ
654 1993 818 2073 ἐσταύρωται
845 1989 892 2050 καί
919 1992 998 2062 αύτδς
1024 1989 1063 2070 τῷ
1089 1993 1221 2070 κόσμῳ».
1252 1989 1299 2050 καί
1326 1989 1385 2050 ἐπεὶ
1413 1990 1537 2068 δταρὼν
1568 2023 1569 2036 1

247 2114 297 2191 μὲν
324 2115 419 2194 καιρδς
447 2113 590 2193 ἐργασίας,
619 2113 826 2188 θδὲμέλλων
854 2112 1075 2194 ἀνταποδόσεως,
1103 2113 1142 2188 μίη
1165 2111 1335 2192 ἀμελήσητε,
1359 2113 1398 2184 ῶς
1421 2111 1537 2190 εἴπομεν,

246 2235 286 2310 εἰς
312 2237 343 2296 τδ
369 2237 514 2315 θεάρεστον
540 2233 587 2295 καί
614 2232 772 2312 θεοτίμητον
802 2236 881 2314 ἔργον
908 2237 954 2294 τού
976 2232 1121 2315 κοινοβίου,
1149 2233 1227 2293 ἀλλὰ
1253 2232 1424 2294 σπουδάσατε
1450 2235 1538 2310 τάχιον

245 2359 387 2436 γενέσθαι·
413 2355 528 2431 «βιασάη
551 2359 605 2437 γάρ
628 2357 697 2416 ἐστιν
719 2358 738 2434 ἠ
762 2355 890 2432 βασιλεία
915 2361 969 2415 τῶν
992 2356 1112 2435 ούρανῶν
1142 2352 1189 2414 καὶ
1217 2353 1242 2413 σί
1269 2354 1426 2430 βιαζόμενοι
1454 2354 1538 2434 ἀρπά-

246 2483 335 2552 ζουσιν
359 2480 472 2554 αύτην».
497 2480 526 2538 ού
548 2478 602 2559 γάρ
629 2473 689 2538 σίδέ
710 2499 765 2556 τις,
795 2477 820 2537 τί
846 2475 952 2550 τέξεται
979 2479 996 2552 ἡ
1021 2477 1140 2537 ἐπιοῦσα.
1164 2479 1317 2557 γέγραπται
1344 2477 1412 2555 γάρ·
1447 2468 1540 2552 «ἑνῷ

249 2603 317 2681 εύρω
339 2621 379 2682 σε,
403 2607 485 2680 κρινῶ
505 2621 567 2661 σε».
590 2598 637 2660 καί
660 2601 853 2680 κατορθῶσατε
875 2598 971 2659 λοιπδν
993 2599 1024 2658 τδ
1045 2599 1182 2674 κοινόβιον
1205 2595 1237 2671 ἐξ
1259 2598 1328 2674 ὅλης
1351 2603 1444 2676 ψυχῆς
1467 2597 1539 2667 ἐκτδς
1568 2595 1569 2600 ’

249 2723 398 2801 δισταγμδν
417 2719 464 2781 καὶ
485 2722 620 2800 σύγχυσιν,
643 2720 687 2780 ἵνα
707 2721 838 2800 εύρηθῆτε
863 2722 998 2800 εύάρεστσι
1023 2719 1138 2780 ἐνώπιον
1159 2723 1206 2780 τού
1228 2721 1291 2780 θεοῦ
1313 2717 1360 2779 καὶ
1382 2718 1423 2796 μὴ
1447 2717 1540 2796 αίσγυ-

249 2847 368 2924 νάμενοι,
397 2845 461 2904 ὅταν
491 2841 621 2920 ἀποδύσῃ
651 2842 759 2921 ἑκάστῳ
788 2843 860 2902 κατὰ
889 2842 924 2902 τὰ
954 2843 1023 2920 ἔργα
1053 2843 1145 2923 αύτού,
1179 2839 1226 2900 καί
1256 2841 1282 2900 σί
1312 2839 1363 2916 μέν
1392 2840 1427 2900 τά
1456 2835 1541 2918 ἀγαθὰ

248 2968 411 3042 ποιήσαντες
435 2963 474 3038 εἰς
501 2964 644 3025 ἀνάστασιν
671 2967 758 3046 ζωῆς,
789 2965 813 3024 οἱ
845 2965 875 3025 δέ
901 2965 936 3024 τδι
957 2963 1049 3044 ραύλα
1074 2961 1228 3044 πράξαντες
1257 2964 1305 3022 καί
1335 2963 1385 3022 ούκ
1416 2962 1540 3038 ἐμετενά-

248 3109 317 3165 ησαν
352 3085 392 3161 εἰς
423 3088 568 3149 ἀνάστασιν
602 3087 729 3168 κρίσεως.
768 3087 863 3148 οθκούν
896 3087 1044 3168 παύσασθε,
1079 3083 1231 3166 ἀντιβολῶ,
1265 3089 1315 3160 της
1349 3081 1540 3166 ίδιορρυθμίας,

248 3214 319 3292 ἥπερ
348 3208 404 3272 ἐστὶ
427 3212 540 3285 σημεῖον
568 3207 746 3282 ἀνικτοταξίας
771 3206 818 3268 καὶ
846 3207 989 3288 ριλσυλίας
1012 3212 1073 3285 (οιό)
1098 3208 1188 3284 μήτηρ
1214 3203 1261 3265 καὶ
1288 3205 1439 3284 ριλαυτίας.
1464 3203 1539 3264 καὶύ

249 3341 298 3412 τῆς
325 3333 472 3410 Κλίμακος
502 3335 575 3406 θεῖος
598 3333 727 3409 Ἰωάννης
756 3333 864 3409 πλάνην
893 3332 1021 3408 ὀνομάζει
1048 3330 1129 3405 αύτὴν
1157 3327 1205 3389 καί
1235 3329 1351 3408 ἀπάτην,
1381 3325 1429 3388 καί
1460 3326 1541 3396 ούδείς

249 3461 304 3516 τῶν
325 3457 451 3538 πατέρων
473 3456 571 3516 λσιπδν
593 3459 611 3530 θ,
634 3461 687 3515 τῶν
710 3455 869 3515 ἀποστόλων
895 3455 1074 3529 ἐνομοθέτησε
1101 3451 1228 3530 γενέσθαι
1255 3453 1434 3531 μοναστηριον
1463 3448 1540 3528 ίδιύρ-
1568 3449 1569 3478 ί

252 3578 361 3659 ρυθμον,
388 3577 467 3638 ἀλλά
492 3575 625 3656 κοινάβια,
654 3579 692 3648 ῶς
719 3576 892 3657 ἑπαρέδωκεν
916 3577 931 3636 δ
954 3575 1044 3653 σωτὴρ
1067 3573 1112 3633 διὰ
1133 3571 1187 3633 τῶν
1211 3572 1290 3632 αύτού
1313 3573 1454 3651 μαθητῶν,
1477 3572 1493 3645 ἡ
1516 3569 1541 3628 δὲ

253 3697 421 3778 ίδιορρυθμία
449 3698 477 3758 ἐν
503 3695 646 3777 κεφαλαίῳ
676 3695 726 3757 τινί
755 3698 884 3777 εύρομεν,
915 3698 955 3755 δτι
985 3695 1036 3754 ύπδ
1067 3699 1145 3754 τινῶν
1177 3693 1358 3774 αίρεσιαρχῶν
1386 3693 1541 3770 λεγομὲνων
1568 3677 1569 3744 f

252 3822 463 3900 Λαμπετιανῶν,
487 3819 540 3879 ἀτδ
557 3815 715 3893 Λαμπετίου
729 3819 801 3890 τινδς
822 3820 906 3890 ούτως
925 3817 1181 3898 προσαγορεύονται,
1199 3817 1217 3890 ἡ
1234 3813 1402 3896 ίδιορρυθμία
1417 3814 1540 3892 ἐσπάρθη,
1568 3839 1569 3896 γ

253 3943 348 4015 οἵτινες
375 3945 431 4014 τοῖς
458 3943 638 4017 βουλομένοις
665 3939 709 4001 ἐπὶ
731 3943 761 4001 τδ
785 3943 848 4001 αδτδ
871 3944 919 4016 ζῆν
943 3939 1071 4016 δηλονότι
1095 3939 1123 3997 ἐν
1146 3937 1291 4012 κοινσβίοις
1318 3937 1502 4014 ἐπιτρέπουσιν
1522 3932 1541 3990 οἱ

252 4067 403 4145 κατάρατοι
426 4065 543 4145 ἑκάστῳ,
572 4063 630 4122 οἵαν
658 4063 749 4122 ἐθέλει
776 4059 933 4138 δοκιμάζειν
955 4061 1105 4142 πολιτείαν,
1132 4059 1254 4134 τοιαύτην
1283 4059 1404 4132 μετιέναι
1426 4057 1497 4116 κατὰ
1516 4057 1540 4114 τὲ

253 4187 333 4247 αύτού
355 4185 468 4260 θέλημα
490 4183 537 4245 καί
561 4185 654 4256 άλλας
682 4185 778 4264 ἑτέρας
805 4181 918 4256 ἀταξίας
944 4181 1145 4262 ρληναρούντες
1172 4179 1197 4240 οἱ
1220 4179 1353 4256 δύστηνοι.
1381 4177 1429 4239 καί
1454 4177 1478 4238 οί
1499 4177 1540 4251 μέν

254 4311 313 4369 δσοι
341 4309 490 4387 ἐτύγχανον
517 4309 574 4379 τοῖς
603 4307 831 4382 ἐντετυπωμένοις
857 4306 931 4385 ταρά
958 4311 1011 4364 τῶν
1038 4303 1117 4364 θείων
1144 4305 1268 4382 πατέρων
1296 4301 1443 4376 κοινοβίοις
1472 4301 1498 4359 ἔν
1517 4319 1540 4356 τε
1568 4303 1569 4380 f

255 4431 355 4509 βρώσει
381 4427 428 4489 καί
453 4432 515 4490 πάσι
541 4428 587 4490 καί
612 4429 703 4502 ἐσθῆτι
725 4426 772 4487 καὶ
794 4434 827 4508 τῇ
850 4429 934 4508 λειτῇ
964 4425 1090 4508 διαγωγῇ
1117 4421 1164 4484 καί
1191 4424 1220 4483 ἐν
1246 4426 1310 4495 ταῖς
1336 4424 1500 4503 πρεπούσαις
1519 4421 1540 4478 ἐν

255 4557 309 4624 τοῖς
338 4551 526 4630 μοναστηρίοις
552 4553 747 4626 πνευματικαῖς
774 4549 921 4618 διακονίαις
950 4545 997 4606 καὶ
1024 4548 1054 4606 σύ
1081 4549 1224 4626 σαρκικαῖς
1250 4545 1297 4605 καί
1320 4545 1438 4627 ὑπακοῇ,
1463 4543 1539 4615 θελή-

256 4695 329 4752 ματι,
352 4679 539 4748 πνευματικῶν
564 4672 690 4748 δηλονέτι
717 4669 763 4730 καί
787 4673 815 4731 ού
839 4675 986 4750 σαρκικῶν,
1009 4668 1103 4739 καθὼς
1129 4664 1176 4726 καί
1199 4668 1213 4725 δ
1236 4667 1325 4745 μέγας
1347 4671 1398 4741 της
1420 4663 1540 4744 σσρίαςί
