3162 5278
220 343 284 407 294

219 537 268 612 τήν
296 536 400 596 εἴσοδον
427 541 491 596 πᾶσι
517 539 574 608 τοῖς
601 536 755 617 ἀρχιερεῦσι
784 539 841 608 τοῖς
870 535 911 614 ὑφ’
936 535 1030 608 αῦτοίις
1057 537 1134 614 ἀγειν
1161 537 1209 610 τὴν
1238 536 1323 610 μονὴν
1355 535 1518 613 ἐπιχειροῦσι

220 656 266 718 καὶ
289 659 334 718 τόν
361 659 432 718 κατὰ
458 659 519 718 θεδν
543 658 695 734 ἀμέμπτως
721 657 911 717 πολιτεύεσθαι
938 657 996 730 βίον
1022 656 1068 716 καί
1096 661 1145 732 ζῆν
1170 657 1196 716 ἐν
1220 659 1287 738 αῦτῆ
1310 659 1517 736 ήσυχιαστινῶς,

220 779 430 857 ἀνεπηρεάστως
451 800 482 838 τε
509 778 554 839 καί
583 779 809 850 ἀσκανδαλίστως
838 778 912 858 παρὰ
940 784 993 837 τῶν
1023 779 1095 838 κατὰ
1124 779 1235 858 καιρσθς
1265 781 1323 851 ταῖς
1350 775 1518 858 φιλοδοξίαις

221 901 447 982 ἐπιμαινομένων,
474 901 504 960 οῦ
527 903 581 976 μὴν
605 901 647 982 δέ,
674 897 753 961 ἀλλά
779 899 826 960 καί
853 904 908 970 τοῖς
935 901 1006 960 κατὰ
1032 900 1142 980 καιροὺς
1172 903 1352 982 πατριάρχαις
1380 899 1470 976 μηδὲν
1495 921 1518 960 τι

219 1026 356 1102 προσεῖναι
388 1022 430 1081 ἐπὶ
456 1029 490 1104 ιή
517 1029 588 1105 μονῇ
615 1024 712 1105 ταύτῃ,
744 1017 798 1082 οἱον
827 1021 851 1082 δ’
872 1024 958 1082 ὁτιοῦν
986 1021 1060 1081 ἀλλο
1089 1022 1192 1082 δίκαιον
1216 1027 1383 1101 συγχωροῦν,
1413 1021 1518 1096 ἀλλ’ί,

221 1147 303 1218 μόνον
325 1145 373 1219 σἠν
397 1145 531 1225 ἀναφορὰν
558 1149 604 1205 τοῦ
627 1144 727 1205 οἰκείου
755 1144 888 1220 όνόματος
916 1144 945 1204 ἑν
967 1146 1027 1218 ταῖς
1048 1143 1135 1216 θείαις
1157 1143 1320 1224 ἱερουργίαις
1341 1141 1389 1202 καί
1412 1143 1519 1214 λοιπαῖς

221 1266 460 1340 ἐκκλησιαστικαῖς
483 1265 658 1338 ἁκολουθίαις
684 1265 731 1325 καί
757 1268 787 1326 τδ
812 1265 926 1342 ἐτησὶως
949 1266 1132 1344 ἐπικρατήσειν
1157 1265 1277 1324 δίδοσθαι
1304 1271 1337 1346 τῇ
1359 1266 1424 1325 καθ’
1449 1266 1519 1339 ἡμᾶς

221 1388 334 1470 μεγάλῃ
358 1387 492 1470 ἐκκλησίᾳ
519 1390 658 1465 ὑποταγῆς
686 1389 767 1447 ἕνεκα
795 1387 841 1447 καὶ
863 1387 934 1446 κατὰ
956 1389 1044 1446 πάντα
1067 1389 1159 1460 με’νειν
1183 1386 1264 1462 αίιτὴν
1288 1386 1415 1462 δηλονότι
1441 1386 1518 1446 ἐλευ-

222 1510 303 1589 θέραν
329 1509 375 1569 καί
403 1510 436 1568 τά
463 1510 545 1584 αὑτῆς
568 1513 655 1570 πάντα
676 1511 810 1590 προνόμια
834 1509 967 1585 ἀλώβητα
994 1507 1040 1568 καὶ
1063 1507 1290 1588 ἀπαρεγχείρητα
1318 1505 1357 1580 εἰς
1383 1511 1415 1568 τ“ο
1439 1512 1518 1584 μετέ-

220 1652 308 1712 πειτα,
336 1630 383 1690 καί
411 1631 564 1706 ἐδεήθησαν
590 1631 637 1691 καί
660 1630 779 1706 ήξίωσαν
801 1634 876 1707 ἡμᾶς
900 1633 930 1692 οῦ
953 1636 1058 1712 μικρῶς
1084 1633 1175 1709 τυχεῖν
1202 1629 1249 1690 καί
1270 1632 1406 1710 ἡμετέρου
1429 1633 1519 1710 γρσίμ·

221 1773 305 1828 ματος
329 1753 516 1834 ἐπικυροῦντος
539 1753 573 1813 τὰ
600 1754 656 1814 ἀνω
680 1754 796 1834 ’ρηθέντα
824 1753 868 1813 ἐπὶ
890 1751 997 1813 πλείονι
1026 1753 1137 1827 δυνάμει
1159 1749 1206 1812 καὶ
1230 1752 1351 1827 διηνεκεῖ
1374 1751 1517 1833 ἀσφαλείᾳ.

220 1875 312 1935 τοῦτου
344 1877 424 1956 χάριν
458 1874 505 1935 καί
535 1877 552 1950 ή
587 1877 729 1955 μετριότης
760 1877 840 1949 ήμῶν
874 1875 923 1950 τήν
954 1874 1056 1949 αἱτησιν
1088 1875 1176 1934 αἰετῶν
1210 1875 1249 1949 μὴ
1279 1874 1440 1954 παριδοῦσα,
1477 1877 1519 1933 αἱτε

222 1997 328 2056 δικαίαν
358 1995 439 2058 οὖσαν
474 1995 519 2057 καί
555 1995 680 2076 εὔλογον,
715 1995 794 2056 ἀλλὰ
824 1997 945 2071 συνήθως
979 1995 1026 2056 καί
1060 1997 1149 2066 αὺτοῖς
1186 1995 1347 2055 ἐπινεῦσασα
1381 1997 1521 2070 ἑπομένως

220 2121 317 2200 γράφει
346 2118 393 2178 καί
420 2120 595 2198 ἀποφαίνεται
623 2119 693 2192 μετὰ
722 2116 769 2178 καὶ
795 2124 845 2194 της
872 2117 933 2197 περὶ
961 2119 1042 2193 αῦιὴν
1069 2119 1303 2197 ῦπεριελεστάτης
1330 2119 1441 2180 συνόδου
1470 2129 1520 2177 τών

223 2241 373 2318 ἱερωτάτων
405 2240 556 2321 ἀρχιερέων
587 2238 634 2298 καί
664 2239 826 2320 θπερτίμων,
856 2245 909 2298 τῶν
939 2240 968 2298 ἐν
998 2238 1069 2318 ἁγίῳ
1098 2239 1230 2313 πνεύματι
1260 2239 1410 2316 ἀγαπητῶν
1439 2241 1520 2314 αῦτής

223 2361 350 2440 ἀδελρῶν
378 2361 425 2422 καί
448 2363 675 2443 συλλειτουργῶν,
698 2361 745 2421 καί
767 2369 820 2420 τῶν
844 2364 1011 2437 τιμιωτάτων
1038 2359 1085 2420 καί
1108 2363 1285 2437 λογιωτάτων
1308 2361 1452 2442 κληρικῶν
1475 2369 1521 2437 τῆς

222 2485 284 2543 καθ’
312 2485 386 2557 ἡμᾶς
414 2487 459 2542 τοῦ
483 2485 596 2562 Χριστοῦ
624 2485 753 2562 μεγάλης
781 2483 931 2557 ἐκκλησίας
957 2488 1011 2541 τῶν
1038 2484 1153 2561 γνώμας
1181 2483 1375 2562 ἀρχιερατικάις
1404 2483 1521 2560 ἐχόντων

223 2603 270 2663 καὶ
293 2605 364 2663 κατὰ
385 2607 490 2679 πνεῦμα
514 2604 576 2662 υἱῶν
601 2604 747 2683 ἀγαπητῶν
771 2607 864 2684 αὐτῆς,
887 2605 917 2663 τδ
937 2605 1022 2682 παρόν
1047 2603 1265 2683 ἐπιβραβεῦουσα
1287 2606 1377 2676 αὐτσὶς
1400 2605 1521 2682 σιγιλλι-
1569 2599 1570 2614 ἰ

223 2726 294 2797 ῶδες
323 2725 547 2800 ἐπιβεβαιωτικδν
569 2729 695 2806 γράμμα,
726 2727 760 2786 δι’
785 2721 816 2786 οὗ
842 2725 889 2786 καὶ
917 2727 945 2785 ἐν
972 2725 1042 2804 αἱγίῳ
1069 2725 1290 2806 παρακελεύεται
1311 2727 1456 2805 πνεῦματι,
1483 2728 1522 2786 ίνα

222 2853 275 2906 τῶν
302 2846 428 2906 παλαιῶν
456 2847 566 2908 ἐκείνων
593 2847 807 2928 χρυσσβοῦλλων
832 2855 885 2906 τῶν
914 2847 1114 2920 εῦσεβεστάτων
1140 2847 1188 2907 καί
1216 2848 1358 2928 μακαρίων
1387 2849 1522 2924 βασιλέων

222 2967 269 3028 καὶ
295 2975 348 3028 τῶν
375 2970 480 3029 λοιπῶν
503 2972 673 3050 γραμμάτων
701 2975 753 3028 τῶν
781 2971 949 3046 ἀειμνήστων
976 2968 1152 3049 πατριαρχών
1179 2976 1232 3030 τῶν
1260 2971 1294 3028 τά
1316 2973 1453 3050 προνόμια
1479 2968 1522 3030 καί

222 3091 271 3163 τάς
291 3091 449 3171 ἐλευθερίας
471 3097 504 3173 τῇ
527 3091 639 3172 ῥηθείσῃ
662 3097 732 3172 μονῇ
756 3091 935 3170 δωρησάντων
959 3093 1094 3166 μενόντων
1117 3093 1327 3170 κεκυρωμένων,
1352 3091 1520 3172 ἀπαρεγχει-

223 3216 310 3293 ρήτων
332 3233 362 3272 τε
390 3211 436 3271 καὶ
464 3213 664 3286 ἀμεταπτώτων
691 3205 738 3272 καί
767 3210 806 3284 εἰς
834 3211 919 3272 αἰῶνα
940 3213 986 3271 τδν
1010 3213 1125 3290 ἅπαντα,
1153 3213 1206 3284 ἕως
1233 3205 1264 3272 οὔ
1288 3211 1302 3270 ό
1324 3213 1407 3288 ήλιος
1429 3213 1520 3294 ἐφορᾷ,

222 3336 240 3408 ή
265 3334 315 3408 μὲν
339 3334 518 3412 διαληφθεῖσα
542 3336 611 3409 μονή
635 3338 680 3394 τοῦ
704 3333 782 3412 ἁγίου
807 3332 917 3406 ἐνδόξου
941 3333 1094 3393 ἀποστόλου
1117 3332 1163 3392 καί
1184 3333 1382 3410 εἰιαγγελιστοῦ
1398 3336 1521 3394 Ἰωάννου

222 3460 268 3514 τοῦ
291 3455 436 3534 Θεολόγσυ
459 3457 476 3530 ή
501 3457 529 3515 ἐν
551 3463 585 3538 τῇ
610 3458 714 3535 Πάτμῳ
742 3459 801 3531 ἅμα
822 3463 856 3537 τῇ
878 3459 951 3535 νήσῳ
977 3459 1050 3538 παίσῃ
1077 3453 1204 3528 καὶτοῖς
1230 3457 1303 3515 κατὰ
1329 3460 1418 3517 πάντα
1445 3459 1521 3516 τόπον

224 3577 424 3657 εὑρισκομένοις
447 3578 585 3655 μετσχίοις
609 3579 691 3653 αῦτής
713 3576 760 3638 καὶ
784 3580 903 3654 μάλιστα
924 3581 979 3650 τοῖς
1002 3579 1031 3638 ἐν
1053 3584 1086 3659 τῇ
1109 3579 1182 3656 νήσῳ
1203 3577 1288 3657 Πάρῳ
1312 3576 1359 3637 καί
1382 3578 1412 3638 ἐν
1433 3579 1520 3656 Μήλῳ

223 3700 268 3758 σῦν
295 3704 360 3757 πᾶσι
383 3701 438 3772 τοῖς
461 3701 657 3780 ἀριερωμένοις
680 3699 746 3783 αὐιῇ
770 3704 788 3774 ή
811 3700 857 3759 καί
880 3701 1143 3780 ἀριερωθησομένσις
1164 3702 1285 3773 κτήμασι
1310 3699 1358 3760 καί
1383 3705 1521 3782 πράγματι

222 3824 339 3896 κινητοῖς
366 3843 395 3880 τε
427 3821 474 3880 καί
505 3822 641 3894 ἀκινήτοις
670 3820 718 3880 καί
752 3824 932 3897 αῦτοκινήτοις
963 3819 1010 3880 καὶ
1039 3822 1147 3892 λοιποῖς
1178 3819 1261 3900 ἱεροῖς
1291 3823 1449 3898 κειμηλίοις
1478 3821 1520 3882 καί

223 3945 329 4003 σκεῦεσι
351 3943 397 4003 καί
423 3943 540 4020 βιβλίοις
567 3943 608 4020 εἰη
634 3943 680 4002 καί
704 3944 827 4018 διαμένοι
850 3945 888 4016 ώς
911 3943 1040 4018 βασιλικὴ
1063 3942 1109 4003 καί
1132 3946 1316 4024 πατριαρχικὴ
1338 3942 1387 4026 καί
1410 3965 1519 4024 σταυρο-

223 4066 374 4145 πηγιαγικὴ
406 4067 554 4140 αὐτόνομος
588 4063 635 4122 καί
665 4063 875 4142 αῦτσδέσποτος,
906 4063 1105 4144 ἀνενόχλητος,
1141 4064 1365 4147 ἀκαταπάτητος,
1397 4067 1520 4134 ἀσῦδστσς

223 4185 269 4246 καί
285 4186 360 4258 δλως
375 4187 580 4262 άκαταζήτητος
601 4186 676 4266 παρὰ
698 4188 797 4259 παντός
819 4189 961 4268 προσώπου
986 4187 1213 4261 ἐκκλησιαστικοῦ
1235 4184 1283 4244 καί
1306 4185 1406 4247 λαϊκσῦ
1429 4187 1518 4264 μηδενί

224 4307 311 4382 μηδὲν
337 4311 512 4387 χρεωστοῦσα
539 4309 682 4388 ἀποτίνειν,
712 4309 735 4368 εἰ
763 4311 800 4384 μὴ
828 4311 858 4368 τδ
887 4309 1068 4388 ἐπικρατῆσαι
1096 4308 1210 4382 ἐτησιως
1237 4313 1270 4388 τῇ
1293 4309 1357 4366 καθ’
1380 4311 1456 4384 ἡμᾶς
1480 4313 1520 4368 τοῦ

224 4429 339 4509 Χριστοῦ
363 4431 476 4513 μεγάλῃ
501 4431 646 4513 ἐκκλησίᾳ,
675 4429 700 4490 οἱ
728 4430 920 4506 ἐνασκοῦμενοι
946 4429 970 4489 δ’
995 4431 1061 4511 αῦτῇ
1085 4429 1300 4504 μνημονεύοντες
1323 4434 1369 4490 τοῦ
1392 4451 1518 4511 πατριάρ-

223 4554 303 4628 χικσῦ
331 4551 463 4626 ὀνόματος
492 4551 540 4611 καὶ
566 4553 755 4630 ήσυχοιστικῶς
784 4551 832 4612 καί
859 4551 1001 4633 εἰρηνικῶς
1029 4551 1170 4628 διάγοντες
1199 4551 1246 4610 τὀν
1274 4553 1347 4611 κατὰ
1376 4555 1439 4614 θεδν
1468 4553 1519 4628 βίον

227 4672 325 4747 ἔχωσιν
353 4671 447 4731 ἄδειαν
476 4673 602 4751 ἐκλέγειν
630 4673 662 4731 ἐκ
690 4675 773 4747 μέσου
802 4676 887 4734 αῦτῶν
914 4672 961 4733 καί
988 4673 1170 4732 ἀποκαθιστᾶν
1192 4674 1238 4733 τὀν
1260 4676 1416 4753 ήγοῦμενον
1441 4679 1519 4736 αῦτῶν
