3228 5294
245 301 265 368 8

246 497 384 575 ἀκτήμων,
405 497 534 556 καττνικὸν
549 497 667 572 νόμισμα
681 498 773 572 ήμισυ.
805 496 933 570 Ἰωάννης
952 497 968 554 ὁ
986 494 1042 566 υίὸς
1057 494 1201 557 Βασιλείου
1215 497 1262 554 τοῦ
1276 494 1453 574 ὁρορίνλακος,
1474 496 1538 572 ἔχει

244 618 301 678 υίον
315 619 461 698 Κυριακάν,
480 617 533 677 οἰτίο
549 617 650 693 βοίάίου
666 618 736 696 ἑνός,
751 617 853 698 χοίρων
869 616 906 696 β’,
922 618 1060 695 ἀκτήμων,
1076 617 1205 677 καττνικάν
1220 616 1341 694 νόμισμα
1354 618 1445 692 ἥμισυ.
1472 617 1537 676 Ευ-

246 741 339 821 ριακάς
355 741 369 798 ὁ
385 735 530 819 ἀρορίιλαξ,
552 740 611 818 ἔχει
625 742 740 817 γυναῖκα
754 737 881 819 Εἰρήνην,
901 737 956 798 υίον
971 739 1117 818 Γεώργιον,
1134 732 1235 813 βοίδιον
1251 739 1291 817 ἕν,
1310 739 1439 800 καττνικίιν
1453 741 1537 813 νόμι-

247 882 303 936 σμα
317 863 407 937 ήμιου,
434 860 455 919 Γ
456 861 571 941 εώργιος
584 863 630 920 τοῦ
645 860 823 941 ὁρορίιλακος,
840 861 980 938 ἀκτήμων,
995 861 1126 922 κανονικὸν
1141 861 1259 936 νόμισμα
1273 861 1365 936 ήμισυ.
1395 859 1540 932 Νικόλαος

246 987 292 1043 τοῦ
303 983 432 1062 Σαμωνᾶ,
449 981 509 1060 ἔχει
523 983 639 1059 γυναίκα
650 980 806 1062 Ἐλισάβετ,
824 976 925 1056 βοίδιον
942 983 980 1061 ἕν,
996 983 1115 1056 νόμισμα
1129 983 1219 1056 ήμισυ.
1244 981 1400 1062 Στρατηγίνς
1415 981 1538 1062 πρεσβί-

246 1123 335 1184 τερος,
363 1103 421 1180 ἔχει
442 1104 558 1181 γυναῖκα
580 1100 706 1182 Εἰρήνην,
733 1102 788 1161 υἱάν
812 1103 935 1182 Μόσχον,
958 1096 1059 1177 βοίδιον
1085 1104 1124 1184 ἕν,
1151 1103 1281 1162 καπνικάν
1302 1105 1422 1178 νόμισμα
1443 1103 1539 1178 ἥμισυ.

247 1225 449 1296 Κωνσταντῖνος
464 1224 478 1282 δ
493 1223 650 1304 Σελιβίρης,
673 1223 813 1303 ἀκτήμων,
834 1224 963 1284 καττνικάν
983 1225 1100 1298 νόμισμα
1119 1225 1210 1300 ἥμισυ.
1242 1224 1378 1304 Γειίιρηιος
1393 1225 1407 1282 ὁ
1423 1224 1542 1284 Φαντε-

248 1346 329 1428 ρινάς,
352 1345 411 1423 ἔχει
433 1347 547 1424 γυναῖκα
563 1341 668 1425 Ἄνναν,
692 1341 793 1418 βοίδιον
817 1345 855 1425 ἓν,
878 1347 997 1422 νόμισμα
1018 1347 1109 1422 ἥμισυ.
1147 1345 1215 1420 ὁμοῦ
1232 1347 1357 1424 πάροικοι
1377 1347 1542 1425 ζευγαράτοι
1588 1429 1589 1434 ¹

250 1467 306 1545 δύο,
327 1463 476 1541 βοίἀατικοί
491 1464 527 1547 δ’,
546 1465 593 1526 καί
613 1466 767 1541 ἀκτήμονες
781 1469 919 1546 τέσσαρες,
939 1467 1093 1546 τελοῦντες,
1112 1466 1205 1538 καθίυς
1225 1465 1327 1526 ἀνωθεν
1348 1467 1408 1538 ἑνὸς
1423 1466 1543 1528 ἑκάστου

249 1587 264 1646 ὁ
290 1587 381 1665 στίχος
408 1586 498 1666 δηλοῖ,
526 1587 584 1662 ήτοι
611 1587 766 1664 νομίσματα
791 1589 863 1650 ἀκτάν
889 1590 984 1668 ἥμισυ,
1015 1589 1165 1668 μιλιαρίσια
1195 1584 1264 1668 τρία,
1294 1587 1388 1667 ράλεις
1417 1586 1543 1669 δώδεκα,

250 1706 451 1788 ζευγαρατίκιον
473 1707 622 1788 μιλιαρίσια
645 1707 765 1788 δώδεκα,
788 1709 882 1787 μόλοις
906 1708 950 1783 ιβ’.

354 1829 560 1908 Προάστειον
581 1831 616 1890 τὸ
639 1831 765 1906 Γάμμα.
804 1829 864 1890 Διά
889 1829 953 1890 τῶν
978 1830 1153 1910 παροίκων.
1198 1829 1347 1908 Στρατηγίυ
1373 1831 1457 1910 χήρα,
1480 1831 1548 1908 ἔχει

250 1949 305 2010 υίδν
321 1945 466 2031 Γεώργιον,
488 1952 623 2031 θυγατέρα
635 1948 742 2032 Ἄνναν,
762 1954 903 2030 ζευγάριον
919 1953 958 2030 ἔν,
973 1950 1128 2027 νομίσματα
1141 1949 1180 2032 γ’,
1203 1948 1354 2030 μιλιαρίσια
1370 1949 1403 2010 δ’.
1434 1941 1545 2028 Ἑλένη

250 2074 325 2152 χήρα
352 2075 397 2132 τοῦ
420 2071 564 2156 Γωνιάτου,
597 2073 658 2150 ἔχει
685 2072 740 2132 υίον
760 2073 899 2151 Ἰωάννην,
929 2072 1068 2148 ἀκτήμων,
1100 2073 1217 2146 νόμισμα
1243 2073 1334 2146 ήμισυ.
1380 2071 1463 2145 Καλὴ
1494 2075 1547 2132 τοῦ

252 2194 401 2273 Φωτεινοίι,
425 2193 487 2272 ἔχει
508 2194 610 2272 νίμρην
631 2190 736 2272 Ἄνναν,
761 2194 874 2272 ἔγγονον
890 2194 1029 2270 Ἰωάννην,
1054 2194 1192 2272 ζευγάριον
1215 2193 1255 2272 ἕν,
1279 2191 1351 2272 ἀργά
1369 2191 1408 2272 γ’,
1432 2191 1546 2268 μουλά-

251 2335 307 2394 ριον
323 2317 361 2394 ἕν,
381 2314 491 2395 χοίρους
508 2315 584 2394 δέκα,
605 2314 757 2390 νομίσματα
777 2313 812 2394 δ’,
833 2314 996 2394 μιλιαρίσιον
1016 2316 1053 2374 ἕν.
1087 2313 1187 2393 Εἰρήνη
1202 2315 1278 2394 χήρα
1292 2315 1310 2390 ἡ
1325 2313 1547 2394 Καραμαλλίνα,

253 2435 313 2512 ἔχει
334 2435 389 2496 υίον
413 2437 543 2516 Μιχαήλ,
568 2431 670 2510 βοίδιον
693 2438 732 2516 ἕν,
759 2438 889 2496 κατνικίνν
916 2437 1034 2512 νόμισμα
1057 2437 1147 2512 ἥμισυ.
1187 2435 1271 2496 Ἀννα
1294 2437 1378 2516 χήρα,
1402 2436 1548 2516 ἀκτήμων,

251 2557 371 2632 νόμισμα
392 2559 482 2632 ήμιου.
521 2559 657 2636 Γεώργιος
680 2559 694 2616 ὁ
716 2558 772 2638 υίος
787 2556 905 2638 Εἰρήνης
926 2560 1016 2637 χήρας
1038 2562 1088 2633 τῆς
1103 2556 1322 2638 Κατσαραάίνας,
1346 2557 1406 2636 ἔχει
1427 2560 1550 2635 γυναῖκα

253 2676 381 2759 Εἰρήνην,
402 2681 540 2759 ἀκτήμων,
563 2679 692 2740 κανονικὸν
711 2680 830 2754 νόμισμα
849 2681 940 2754 ήμισυ.
974 2681 1110 2759 Στέφανος
1126 2681 1140 2739 ὁ
1157 2673 1321 2761 Πτελαίτης,
1346 2680 1405 2758 ἔχει
1428 2683 1549 2758 γυναῖκα

253 2797 431 2886 Ἀδήριανήνή,
454 2801 583 2860 καπνικάν
599 2802 718 2876 νόμισμα
732 2802 822 2876 ἥμισυ.
860 2801 928 2876 ὁμοῦ
950 2801 1075 2880 πάροικοι
1097 2803 1257 2880 ζευγαράτοι
1280 2801 1337 2880 δύο,
1361 2801 1482 2876 βοίάάτοι
1505 2800 1548 2880 α’,

253 2921 300 2982 καὶ
323 2924 475 2999 ἀκτήμονες
498 2920 533 3002 δ’,
556 2922 710 3000 τελοῦντες,
737 2923 829 2993 καθὼς
855 2917 959 2982 ἀνωθεν
986 2924 1100 2982 ἑκάστου
1122 2923 1137 2982 ὁ
1160 2922 1252 3002 στίχος
1274 2923 1365 3002 δηλοῖ,
1392 2923 1550 2998 νομίσματα

254 3044 278 3106 θ’
294 3047 385 3124 ἥμισυ,
408 3043 558 3123 μιλιαρίσια
581 3042 615 3124 ε’,
639 3039 840 3125 ζευγαρατίκιον
863 3043 1015 3123 μιλιαρίοια
1037 3041 1069 3102 ε’.

358 3166 561 3246 Προάοτειον
594 3167 628 3225 τ“ο
660 3164 909 3246 Βερβουλίάιον.
960 3165 1020 3224 Διά
1052 3170 1114 3224 τῶν
1143 3167 1319 3247 παροίκων.
1369 3167 1500 3241 ’Ἰωάννης
1532 3170 1550 3226 ὁ

255 3287 377 3368 Σνρίνος,
401 3287 461 3365 ἔχει
480 3290 597 3365 γυναῖκα
613 3284 720 3367 Ἄνναν,
740 3285 811 3360 υἱοὺς
828 3287 933 3346 Λέοντα
952 3285 999 3346 καὶ
1019 3286 1172 3366 Βαοιλειον,
1196 3289 1337 3368 ζευγάριον
1358 3289 1397 3366 ἔν,
1417 3287 1490 3367 ἀργὰ
1506 3287 1548 3363 β’,

256 3409 380 3488 ρορβάδα
403 3408 476 3488 μίαν,
505 3409 653 3489 μουλάριον
677 3411 716 3490 ἕν,
743 3409 853 3488 χοίρους
876 3406 954 3487 δέκα,
981 3407 1135 3484 νομίσματα
1156 3408 1194 3488 γ’,
1217 3407 1369 3489 μιλιαρίοια
1391 3406 1426 3484 β’.
1464 3409 1549 3470 Ἄννα

256 3531 274 3605 ή
298 3525 463 3610 Τζαμίνενα,
492 3533 633 3609 ζευγάριον
661 3533 700 3609 ἓν,
728 3530 881 3605 νομίσματα
907 3529 946 3610 γ’,
974 3529 1125 3610 μιλιαρίσια
1153 3529 1186 3590 δ’.
1226 3531 1357 3605 ’Ἰωάννης
1383 3531 1397 3590 ὁ
1419 3531 1549 3612 Τζάμης,

258 3653 316 3730 ἔχει
339 3655 453 3731 γυναῖκα
469 3650 579 3732 Ἄνναν,
603 3651 739 3730 βοϊάάτος,
763 3653 880 3728 νόμισμα
902 3653 991 3726 ἥμισυ.
1031 3652 1185 3730 Ἀγαιτητίνς
1199 3657 1244 3712 τοῦ
1260 3654 1460 3734 Γραμματικοῦ,
1485 3654 1550 3730 ἔχει

256 3776 373 3854 γυναῖκα
388 3773 515 3854 Εἰρήνην,
539 3775 678 3854 ἀκτήμων,
699 3775 828 3834 κατνικάν
848 3775 966 3850 νόμισμα
984 3775 1074 3848 ήμιου.
1105 3775 1308 3846 Κωνσταντῖνος
1322 3775 1337 3833 ὁ
1352 3774 1436 3850 Καλη
1461 3821 1467 3832 .
1494 3821 1500 3834 .
1527 3822 1548 3855 .,

258 3898 318 3976 ἔχει
339 3899 454 3975 γυναῖκα
478 3896 597 3978 Μαρίαν,
621 3896 761 3976 ἀκτήμων,
784 3889 913 3956 κασνικον
934 3897 1055 3971 νόμισμα
1076 3898 1167 3971 ήμισυ.
1205 3897 1273 3971 ὁμοῦ
1295 3899 1420 3976 πάροικοι
1443 3897 1549 3974 ζευγα-

258 4022 333 4098 ράτοι
356 4017 413 4100 δύο,
437 4017 564 4092 βοιδάτος
586 4017 623 4098 α’,
650 4017 697 4078 καί
720 4019 874 4092 ἀκτήμονες
896 4018 952 4097 δύο,
980 4019 1132 4097 τελοῦντες,
1155 4017 1248 4090 καθὼς
1269 4018 1371 4078 ἀνωθεν
1395 4019 1508 4077 ἑκάστου
1532 4020 1549 4076 ὁ

258 4141 350 4219 στίχος
373 4139 464 4220 δηλοῖ,
487 4139 640 4216 νομίσματα
663 4137 687 4210 ζ’
701 4142 791 4218 ἥμισυ,
815 4139 965 4220 μιλιαρίοια
987 4139 1029 4214 ς’.

364 4262 567 4342 Προάοτειον
595 4260 628 4320 αἰ
653 4261 673 4319 Γ
680 4255 818 4322 αλαίδαι
854 4261 907 4320 οίνν
938 4265 991 4320 τοῦ
1020 4263 1118 4320 τόπου
1148 4267 1206 4336 τῆς
1229 4261 1351 4336 Λάδης.
1397 4260 1457 4320 Διά
1482 4266 1548 4320 τῶν

259 4382 435 4463 παροίκων.
470 4384 607 4462 Γεώργιος
622 4384 637 4440 ὁ
653 4385 817 4463 Φωστήρης,
839 4383 897 4460 ἔχει
912 4387 1028 4460 γυναῖκα
1044 4383 1172 4460 Ἀγάάην,
1197 4384 1370 4463 ζευγαράτος,
1393 4381 1550 4456 νομίσματα

260 4504 298 4583 γ’.
335 4505 539 4576 Κωνοταντῐνος
561 4505 575 4563 ὁ
597 4503 722 4583 γαμβρὸς
744 4503 833 4580 αἰετοῦ,
862 4504 920 4580 ἔχει
943 4505 1058 4582 γυναῖκα
1082 4502 1208 4584 Εἰρήνην,
1237 4505 1375 4582 ζευγάριον
1399 4505 1438 4583 ἓν,
1464 4503 1547 4578 νομί-

262 4647 351 4702 σματα
370 4623 398 4701 β’
411 4629 501 4702 ἥμισυ.
533 4625 664 4702 Ἰωάννης
684 4627 698 4684 ὁ
715 4624 895 4705 Ἀγουρίτζης,
920 4625 980 4702 ἔχει
1002 4627 1116 4702 γυναῖκα
1133 4621 1240 4704 Ἄνναν,
1263 4624 1317 4683 υἰον
1334 4625 1548 4706 Κωνσταντίνον,
