3228 5294
247 363 288 426 14

246 557 337 616 ἐκεῖσε
369 553 489 631 κάμπτει
517 557 585 636 πρδς
614 557 691 614 νότον
719 561 827 634 κρατῶν
856 555 887 614 τδ
918 555 1086 636 ἀναρριὶακον
1116 555 1147 615 τό
1177 555 1330 634 λεγόμενον
1359 559 1405 615 τοῦ
1432 557 1544 634 Μικροῦ

245 676 396 756 Πηγαδίου,
419 675 466 736 καί
489 677 640 757 ἀπέρχεται
663 677 745 755 μέχρι
767 679 813 735 τοῦ
835 675 972 755 γεφυρίου·
1000 677 1156 757 περικόπτει
1182 676 1212 735 τ“ο
1235 677 1298 736 αῦτδ
1320 675 1368 736 καί
1390 677 1544 757 ἀπέρχεται

244 799 328 858 πάλιν
350 799 380 858 τδ
404 798 466 858 σίοτδ
489 798 667 879 ἀναρρόακον,
694 795 742 857 καί
769 797 880 876 ἔρχεται
902 798 985 876 μέχρι
1007 801 1052 858 τοῦ
1074 797 1215 873 ἱσταμένου
1239 797 1317 878 δρυός
1339 796 1379 870 εἰς
1401 799 1432 858 τδ
1455 799 1544 877 όρρῦ-

246 919 302 980 διον
324 923 368 980 τοῦ
392 921 490 1000 βόακας
512 923 557 980 τοῦ
579 917 695 993 πλησίον
717 923 763 978 τοῦ
785 918 921 994 ἀμπελίου
943 923 990 980 τοῦ
1010 920 1112 999 χωρίου
1131 919 1241 1001 Πρίνης,
1265 919 1437 1001 διαχωρὶζων
1460 917 1545 1002 δεξιᾷ

122 1109 126 1116 ,
246 1039 296 1116 μὲν
319 1035 364 1126 [τά
386 1036 488 1126 δίκαια]
511 1044 557 1101 τοῦ
578 1040 679 1121 χωρίου
696 1039 806 1119 Πρὶνης,
831 1040 959 1122 ἀριστερᾷ
982 1041 1012 1100 δὲ
1035 1045 1080 1100 τοῦ
1098 1044 1317 1122 περιοριζομένσυ
1336 1044 1426 1104 τόπου.
1451 1063 1545 1102 κατα-

244 1162 376 1236 λιμπάνει
396 1163 427 1222 τδ
450 1163 512 1222 συύτδ
536 1161 643 1241 ῥυάκιον
666 1161 793 1243 ἀριστερᾷ
814 1167 921 1242 κρατῶν
944 1163 989 1221 τὀν
1011 1165 1110 1242 τράρον
1132 1168 1178 1222 τοῦ
1201 1163 1337 1238 ἀμπελίου
1361 1167 1467 1243 μικρόν,
1492 1162 1543 1222 καί

246 1282 395 1362 ἀπέρχεται
418 1285 500 1363 μέχρι
522 1287 567 1343 τοῦ
591 1281 766 1358 βαστάματος
792 1281 839 1342 καί
866 1289 914 1358 τῆς
944 1282 1134 1364 λιθοσωραίας,
1166 1285 1195 1343 έν
1225 1280 1248 1365 ᾧ
1277 1283 1324 1345 καὶ
1355 1284 1418 1366 δρῦς
1449 1287 1545 1364 μέγας

246 1403 348 1464 ἵσταται
377 1404 493 1481 πλησίον
525 1405 617 1465 αὐτοῦ·
648 1404 851 1481 καταλιμπάνει
879 1403 957 1487 δεξιᾷ
983 1405 1034 1481 μέν
1060 1402 1094 1466 τά
1116 1407 1208 1466 δίκαια
1229 1411 1275 1467 τοῦ
1301 1407 1403 1486 χωρίου
1428 1407 1544 1488 ίίρίνης,

246 1525 373 1606 ἀριστερᾷ
395 1524 427 1586 δὲ
449 1529 494 1586 τοῦ
516 1527 735 1606 περιοριζομένου
757 1528 852 1586 τόπου·
875 1524 994 1602 κάμπτει
1016 1527 1111 1608 μικρόν
1133 1529 1201 1608 πρδς
1219 1528 1265 1588 τδν
1281 1528 1437 1610 Βάσταγαν,
1462 1529 1544 1588 ἀντι-

245 1645 332 1729 περνᾷ
354 1648 384 1706 τό
407 1647 510 1727 βυάκιν,
537 1645 584 1708 καὶ
605 1651 700 1728 κρατεῖ
721 1649 768 1723 τὴν
792 1647 872 1728 ῥάχιν
893 1651 939 1708 τοῦ
962 1647 1041 1708 αὺτοῦ
1064 1647 1169 1728 βουνοῦ,
1196 1647 1244 1708 καί
1270 1649 1419 1732 ἀπέρχεται
1447 1650 1545 1710 ἐπάνω

244 1772 294 1844 τῆς
315 1775 432 1848 κορυφῆς
455 1767 548 1829 αίιτοῦ·
576 1769 777 1844 καταλιμπάνει
801 1771 892 1850 αῦτην,
920 1769 1069 1851 ἀπέρχεται
1091 1772 1152 1830 κατ’
1169 1772 1273 1831 είιθείοιν
1295 1773 1363 1852 πρός
1386 1769 1543 1852 ἀνατολάς,

151 1965 154 1972 ⁴
246 1890 447 1966 καταλιμπάνει
471 1885 599 1974 ἀριστερᾷ
619 1893 665 1950 τδν
688 1893 777 1969 μέγαν
801 1889 863 1970 δρῦν
884 1892 929 1950 τὀν
951 1890 1093 1968 ἱστάμενον
1117 1890 1156 1964 εἰς
1178 1893 1208 1953 τό
1230 1896 1369 1974 χωράρισν
1391 1897 1438 1954 τοῦ
1460 1913 1545 1972 περι-

246 2013 403 2092 σριζομένου
434 2011 524 2092 τόπου,
555 2009 601 2072 καί
630 2011 779 2091 ἀπέρχεται
809 2014 892 2091 μέχρι
913 2016 960 2072 τοῦ
983 2014 1126 2090 Βάσταγος
1146 2014 1263 2088 πλησίον
1286 2019 1331 2074 τσῦ
1354 2014 1444 2097 δρυός,
1477 2015 1546 2074 δια-

245 2133 369 2214 χωρὶζων
392 2129 470 2216 δεξιᾷ
492 2133 543 2208 μὲν
564 2127 598 2192 τά
621 2132 713 2192 δίκαια
734 2138 784 2210 τῆς
807 2134 955 2209 ἐπισκοπῆς
978 2134 1044 2213 ἀνω,
1068 2135 1196 2218 ἀριστερᾷ
1211 2135 1243 2196 δέ
1257 2138 1303 2196 τόν
1318 2139 1545 2216 περιοριζόμενον

245 2256 339 2316 τόπον·
362 2255 469 2336 κρατῶν
490 2256 536 2315 τδν
559 2255 637 2314 αῦτδν
652 2255 798 2333 Βάσταγαν
818 2254 1007 2329 ἀποδιαβαὶνει
1022 2256 1070 2331 τὴν
1086 2257 1267 2337 λιθοσωραίαν
1281 2255 1329 2318 καὶ
1344 2257 1406 2330 τοὶις
1420 2258 1545 2339 πρίνους,

244 2375 292 2436 καὶ
317 2378 481 2458 κατέρχεται
508 2377 569 2436 κατ’
591 2377 696 2435 εὐθείαν
724 2378 806 2456 μέχρι
832 2379 878 2436 τοῦ
906 2377 1005 2457 βόακας
1032 2381 1078 2437 τοῦ
1100 2377 1254 2458 λεγομένου
1276 2385 1326 2454 τῆς
1348 2379 1544 2458 Μονοελυιίας,

246 2501 415 2582 διαχωρίζων
438 2497 517 2583 δεξιᾷ
539 2497 589 2576 μὲν
613 2495 658 2585 [τά
681 2494 784 2584 δίκαια]
812 2505 861 2575 τῆς
889 2499 1039 2575 ἐπισκοπῆς
1066 2499 1132 2580 ἀνω,
1163 2499 1291 2582 ἀριστερᾷ
1321 2499 1353 2562 δὲ
1382 2505 1429 2560 τοῦ
1458 2521 1546 2582 περι-

245 2624 401 2702 οριζομένου
424 2623 513 2682 τόπου.
560 2614 618 2680 είτα
640 2623 757 2695 κάμπτει
778 2621 845 2700 πρός
872 2619 971 2700 βορρᾶν
998 2627 1104 2700 κρατῶν
1132 2622 1162 2680 τό
1190 2622 1253 2681 αὐτδ
1281 2621 1461 2702 ἀναρρῦακον,
1493 2621 1545 2682 καὶ

245 2745 394 2824 ἀπέρχεται
417 2744 499 2822 μέχρι
520 2747 570 2818 τῆς
592 2741 656 2802 όδοῦ
679 2747 727 2818 τῆς
750 2741 931 2822 διερχομένης
954 2741 1006 2802 ἀπδ
1029 2745 1075 2801 τοῦ
1094 2742 1252 2822 Μαιάνδρου
1274 2739 1321 2801 καί
1343 2741 1545 2822 ἀπερχομένης

245 2863 285 2936 είς
314 2866 344 2924 τδ
372 2865 531 2945 προάστειον
562 2864 672 2943 Πρίνης.
719 2859 769 2924 είθ’
796 2865 864 2924 οὕτω
895 2867 1013 2939 κάμπτει
1042 2865 1109 2945 πρδς
1139 2863 1210 2924 δόσιν
1239 2869 1347 2944 κρατιῦν
1377 2865 1426 2940 τὴν
1457 2865 1547 2941 αῦτὴν

245 2987 369 3067 στράταν,
401 2983 448 3046 καί
478 2985 629 3064 ἀπέρχεται
658 2987 742 3066 μέχρι
771 2989 816 3045 τοῦ
847 2985 971 3062 μεγάλου
999 2985 1077 3066 δρυός
1103 2990 1149 3046 τοῦ
1176 2985 1318 3060 ἱσταμένου
1344 2984 1462 3063 πλησίον
1492 2994 1546 3064 τῆς

244 3107 427 3188 λιθοσωραίας
447 3103 495 3167 καί
515 3109 562 3166 τοῦ
582 3106 729 3188 πριναρίου,
757 3107 925 3188 διαχωρίζων
953 3104 1032 3189 δεξιᾷ
1058 3105 1109 3181 μὲν
1136 3107 1170 3166 τά
1191 3106 1281 3166 δίκαια
1303 3109 1350 3166 τοῦ
1377 3108 1547 3187 προαστείου

246 3230 357 3312 Πρίνης,
379 3233 426 3290 τοῦ
445 3228 523 3308 ἀχὶου
538 3227 692 3312 θεολόγον,
717 3229 844 3312 ἀριστερᾷ
866 3227 897 3288 δὲ
919 3229 964 3289 τδν
986 3229 1203 3309 περιοριζόμενον
1225 3229 1321 3287 τόπον·
1344 3226 1392 3287 καὶ
1412 3227 1467 3288 ἀπδ
1488 3237 1547 3289 τῶν

246 3352 336 3414 ἐκεῖσε
357 3353 477 3428 κάμπτει
498 3351 566 3432 πρός
588 3351 699 3434 βορρᾶν,
725 3352 881 3433 περικόπτει
903 3350 952 3427 τὴν
979 3352 1104 3431 στράταν,
1135 3352 1180 3410 τδν
1208 3347 1374 3431 ξηρότροχον
1401 3351 1448 3410 τδν
1478 3351 1549 3413 όντα

247 3475 397 3554 ἔμπροσθεν
423 3477 473 3548 τῆς
501 3471 652 3550 ἐκκλησίας
677 3477 723 3534 τοῦ
746 3473 913 3552 Ἄσωμάτου,
944 3472 1099 3552 περικόπτει
1126 3470 1160 3530 τὰ
1185 3471 1369 3546 καταλύματα
1395 3475 1443 3531 τοῦ
1471 3493 1547 3553 προ-

246 3595 361 3676 αστείου,
390 3592 437 3655 καὶ
464 3594 614 3676 ἀπέρχεται
636 3595 682 3654 τδν
704 3592 795 3676 πρίνου
818 3595 863 3654 τδν
886 3591 1029 3668 ἱστάμενον
1051 3589 1167 3668 πλησίον
1189 3595 1235 3652 τοῦ
1257 3591 1337 3672 δρυός
1358 3599 1409 3668 τῆς
1430 3593 1548 3676 Τζερη-

245 3722 347 3798 μιόνου,
366 3715 414 3776 καί
427 3715 462 3776 τά
477 3717 625 3793 ῦπόκλημα
641 3715 749 3796 δένδρα,
770 3715 926 3775 ἀποκλείων
945 3713 1013 3773 αίιτά
1034 3710 1161 3796 ἀριστερᾷ
1175 3715 1241 3793 πρός
1257 3713 1302 3773 τὀν
1317 3715 1548 3794 περιοριζόμενον

244 3843 335 3920 τόπον,
358 3837 406 3900 καί
428 3839 575 3918 ἀπέρχεται
591 3835 631 3910 είς
650 3839 680 3898 τδ
700 3837 798 3916 χεῖλος
816 3841 863 3896 τοῦ
879 3836 978 3917 βόακας
992 3841 1042 3910 τῆς
1057 3833 1262 3915 Σκορδοχηνας,
1285 3835 1351 3894 ἔνθα
1365 3833 1412 3896 καὶ
1427 3834 1548 3919 ἤρξατο,

245 3961 415 4042 διαχειρίζειν
443 3956 522 4042 δεξιᾷ
548 3959 598 4035 μὲν
626 3959 660 4019 τά
687 3959 778 4019 δίκαια
804 3961 850 4018 τοῦ
878 3957 1037 4038 προαστείου
1065 3949 1178 4036 Πρὶνης,
1208 3959 1255 4014 τοῦ
1282 3955 1361 4035 άγίοιι
1384 3955 1549 4042 θεολόγον,

245 4081 374 4166 ἀριστερᾷ
396 4081 427 4142 δὲ
449 4082 495 4140 τδν
516 4082 734 4162 περιοριζόμενον
757 4082 848 4140 τόπον.
896 4079 998 4140 ἔσωθεν
1021 4077 1053 4137 δὲ
1075 4079 1121 4137 τοῦ
1142 4077 1261 4136 τοιοῦτον
1282 4083 1458 4159 περιορισμοῦ
1489 4081 1549 4142 ἔστι

244 4204 291 4266 καὶ
313 4210 350 4283 γῆ
373 4204 492 4284 ῦπεργος
512 4201 560 4264 καί
582 4201 738 4282 νομαδιαία,
760 4203 820 4278 ἥτις
842 4202 891 4262 οίικ
911 4199 1090 4278 ἀνεμετρήόη.
1126 4194 1176 4256 είσί
1196 4197 1228 4257 δὲ
1247 4195 1295 4257 καί
1316 4197 1410 4260 ἐλαῖαι
1428 4200 1548 4278 ἐννενή-

244 4347 329 4389 κοντα
349 4326 457 4408 κορμοί,
485 4325 564 4406 δρίιες
586 4327 787 4406 τεσσαράκοντα
809 4321 856 4384 καὶ
880 4321 936 4402 δίο,
964 4318 1012 4380 καὶ
1034 4321 1113 4400 ἕτερα
1137 4318 1235 4400 δένδρα
1258 4319 1393 4401 διαφόρων
1415 4323 1549 4404 ὀπωρῶν,

348 4450 552 4532 Προάστειον
583 4447 616 4508 αἱ
642 4441 808 4507 Γαλαίδαι
838 4444 891 4504 σῦν
921 4445 975 4502 τοῦ
1004 4443 1103 4501 τόπου
1132 4446 1189 4517 τῆς
1217 4439 1340 4516 Λάδης.
1387 4440 1550 4524 Ἐκκλησία

244 4571 422 4652 λιδόκτιστσς,
445 4572 617 4652 ῦποκέραμος
638 4567 685 4628 καί
707 4567 891 4648 τεθυρωμένη,
913 4565 931 4638 ἠ
954 4561 1087 4642 όπεραγία
1106 4561 1242 4636 θεστόκος,
1265 4559 1313 4621 καί
1329 4563 1446 4640 όσπητια
1462 4567 1550 4629 λιθσ.

244 4695 413 4771 πηλόκτιστα
439 4694 668 4772 ἀνωγεωκάτωγα
694 4688 763 4771 τρία.
809 4688 825 4746 ό
848 4685 879 4746 δὲ
901 4683 1074 4766 περιορισμός
1096 4685 1142 4741 τοῦ
1164 4683 1281 4742 τοιοῦτον
1302 4687 1469 4764 προαστείου
1493 4691 1546 4768 οὺχ
