3228 5294
1305 329 1349 395 ω

67 525 99 594 ὡς
122 522 210 602 ἄριστοι
233 523 343 584 εἴκασεν
366 525 381 582 ό
403 524 558 602 ἐλλόγιμος
584 545 611 584 κ.
638 525 668 584 Ἰ.
693 524 871 602 Σακκελίιυν,
903 524 969 584 διότι
996 522 1044 584 καί
1070 525 1088 599 ἡ
1115 517 1205 603 γραρὴ
1233 526 1354 604 νεωτέρα

66 637 107 702 της
125 634 174 686 τῶν
196 627 293 686 ἄλλων
315 627 530 707 χρυοοβοὺλλων
553 631 599 687 τοῦ
622 624 748 700 Ἀλεξίου
769 626 817 686 καί
839 629 857 702 ἡ
881 628 1023 706 ὑπογραφὴ
1043 628 1115 687 πολὺ
1139 625 1353 700 ἑξαλλοίσσουσα

66 737 106 804 τῆς
124 735 167 790 τοῦ
188 727 322 804 Ἀλεξίου.
346 737 405 792 Nro
428 739 470 790 43
492 737 659 808 mmplaria
684 740 703 790 4
725 737 841 792 οιάοιίιια
866 737 985 792 tabulae.

305 1059 396 1124 XIV.
422 1056 660 1146 [6596-1088]
684 1081 794 1124 mense
817 1058 921 1144 aprili,
943 1057 1009 1124 ind.
1033 1057 1092 1124 XI.

67 1222 203 1292 Imperator
226 1223 339 1278 Αίαοίαο
362 1225 386 1278 Ι.
413 1225 559 1278 Commune
581 1224 654 1278 iubet
669 1225 697 1277 ίιι
717 1229 781 1278 acta
798 1224 913 1294 publica
936 1223 1036 1293 referri
1057 1225 1225 1278 ιίοιιιιίίοιισιιι
1248 1225 1355 1279 insulae

430 1327 525 1382 Ραίιιιί
539 1327 647 1396 factam
671 1326 771 1382 sancto
796 1327 974 1382 θίιπίοίοιίυίο.

154 1513 198 1571 Τό
227 1511 297 1572 ίσον
326 1517 382 1573 τοῦ
411 1512 520 1587 τιμίου
546 1509 601 1571 καί
628 1516 854 1592 προσκυνητοῦ
886 1511 1068 1587 βασιλικοῦ
1095 1511 1271 1574 πιττακίου
1301 1517 1356 1572 τοῦ

66 1633 350 1712 καταπεμρθέντος
382 1631 430 1704 είς
457 1635 491 1692 τδ
519 1634 676 1712 σέκρετον
703 1638 765 1692 τῶν
792 1630 974 1692 οίκειακῶν
1010 1633 1064 1692 καὶ
1099 1634 1356 1714 καταστρωθέν-

66 1773 110 1824 τος
138 1755 170 1814 ἑν
202 1753 287 1834 αῦτῷ
313 1755 399 1815 κατὰ
424 1757 478 1814 τόν
501 1753 680 1835 ἀπρίλλιον
704 1761 791 1831 μῆνα
820 1761 879 1830 τῆς
903 1753 948 1814 ια’
978 1753 1183 1826 ίνδικτιώνος
1209 1753 1266 1815 καί
1298 1777 1356 1816 πε-

66 1877 227 1952 ριέχοντος
249 1877 364 1949 οῦτως·

157 1997 237 2076 †‘H
261 1996 390 2070 βασιλεία
412 2017 464 2072 μου
492 1997 648 2078 ἐδωρήσατο
675 1997 747 2057 κατὰ
775 1997 882 2057 τελείαν
913 1996 960 2056 καί
992 1997 1168 2078 ἀναφαίρετον
1198 1996 1357 2056 δεσποτείαν

65 2117 98 2194 τῷ
125 2119 315 2198 εῦλσβεστατῳ
346 2118 461 2197 μονοχῷ
491 2116 538 2178 καὶ
567 2121 709 2200 ησυχασπῇ
744 2118 818 2198 κυρῷ
851 2116 1044 2198 Χριστοδοῦλῳ
1074 2116 1113 2196 τῷ
1144 2116 1277 2197 Λατρηνῷ
1307 2119 1357 2193 τἠν

66 2238 127 2312 όλην
152 2244 233 2314 νῆσον
265 2240 389 2317 Πάτμον,
425 2241 535 2315 ἐποίησε
566 2241 597 2300 δὲ
627 2239 699 2319 αῦτῷ
729 2239 775 2298 καὶ
804 2239 1011 2318 χρυσόβουλλον
1040 2239 1141 2320 λόγον,
1173 2240 1202 2299 ἐν
1232 2233 1255 2320 ᾧ
1287 2239 1355 2298 διω-

67 2359 148 2438 ρίσατο
171 2361 322 2438 ἐκκοπῆναι
345 2361 391 2422 καί
414 2362 577 2440 λογισθῆναι
603 2360 650 2421 καὶ
679 2365 768 2422 πάντα
790 2362 824 2420 τὰ
846 2362 946 2438 ποιότης
969 2361 1088 2437 δημόσια
1109 2361 1179 2436 τέλη
1202 2354 1249 2421 καί
1273 2361 1356 2442 βάρη,

67 2483 110 2540 ὅσα
131 2481 176 2542 καί
199 2475 244 2542 οἶοί
269 2481 333 2563 τίσι,
362 2481 433 2563 χειρὶ
456 2487 502 2543 τοῦ
527 2487 634 2563 πρώτου
657 2483 790 2563 προέδρου
813 2483 1129 2554 Κωνσταντινουπόλεως
1156 2479 1204 2542 καί
1231 2480 1275 2542 ἐπί
1303 2487 1356 2542 τῶν

67 2601 180 2678 δεήσεων
206 2608 253 2664 τοῦ
279 2602 379 2664 οἰκείου
407 2601 548 2684 ἀνθρώπου
579 2606 677 2683 αῦτῆς,
711 2607 749 2676 ώς
776 2604 809 2664 ἂν
835 2603 944 2677 ἀτελῶς
965 2625 995 2664 τε
1018 2603 1064 2664 καί
1093 2599 1204 2684 ἀβαριῦς
1231 2603 1358 2674 δεσπόζον

65 2729 109 2800 ιῆς
133 2725 256 2800 τοιαύτης
283 2731 337 2804 γῆς
364 2725 443 2797 αίιτός
469 2746 500 2785 τε
526 2724 573 2784 καὶ
600 2725 625 2784 οί
647 2725 691 2784 ὑπ’
715 2727 793 2786 αὐτόν
818 2724 935 2804 μοναχοὶ
965 2725 1036 2786 κατὰ
1057 2725 1088 2786 τό
1111 2725 1289 2806 ἀναφαίρετον
1310 2723 1359 2785 καί

64 2847 128 2905 κατὰ
149 2847 198 2920 τόις
220 2848 386 2926 ἐγκειμένας
408 2845 447 2925 τῷ
469 2846 669 2928 γρυσοβοῦλλῳ
692 2843 851 2920 διαστίξεις.
875 2845 922 2906 καὶ
949 2846 1059 2908 κελεύει
1082 2848 1143 2922 ὑμῖν
1167 2847 1293 2908 ἐπελθεῖν
1312 2847 1358 2907 τόν

66 2974 174 3030 τοιοῦτον
200 2969 408 3049 χρυσόβουλλον
436 2969 523 3048 λόγον
554 2967 601 3028 καὶ
631 2974 820 3050 καταστρώσαι
847 2969 876 3028 ἑν
902 2971 959 3040 τοῖς
985 2973 1038 3028 τῶν
1065 2966 1106 3048 ὑφ’
1130 2969 1201 3044 ὑμᾶς
1223 2969 1359 3048 σεκρέτων

65 3091 194 3170 χαρτίοις,
227 3097 340 3168 ποιῆσαι
363 3091 394 3151 δὲ
417 3089 464 3150 καί
486 3089 532 3150 ’ίσα
554 3093 600 3150 τοῦ
622 3093 755 3172 παρόντος
784 3090 925 3151 πιττακίου
953 3087 999 3150 καί
1027 3090 1181 3170 ῦτογράψαι
1213 3089 1242 3149 ἐν
1269 3090 1360 3160 αὺτοῖς

66 3213 129 3285 μετὰ
151 3219 204 3272 τῶν
231 3214 273 3292 ὑφ’
296 3211 367 3289 ὑμᾶς
389 3218 552 3293 σεκρετικῶν
574 3210 621 3272 καί
645 3211 735 3272 δοῦναι
764 3211 803 3290 τῷ
826 3211 1055 3292 προδιαληρθὲντι
1078 3212 1215 3290 όσιιυτοὶτῳ
1243 3207 1359 3288 μοναχῷ

67 3331 102 3405 είς
129 3333 231 3394 οἰκείαν
262 3330 422 3414 ἀσφάλειαν.
459 3333 535 3411 μηνί
566 3334 747 3414 οἰπριλλίιρ,
781 3331 987 3405 ίνδικτιῶνος
1018 3332 1201 3410 ἑνδεκάτης
1230 3326 1360 3414 ῒΕἶχε

66 3455 115 3514 καί
136 3457 193 3532 τὴν
216 3455 272 3516 διὰ
293 3461 396 3536 κηροῦ
419 3458 541 3534 συνήθη
566 3457 731 3538 σφραγῖδα
752 3461 808 3515 τοῦ
832 3455 1011 3528 βασιλέως.

162 3580 182 3659 †
215 3575 429 3661 Θεόκτιστος,
459 3577 779 3659 πρώτοβεστάρχης,
808 3576 926 3657 κριτὴς
955 3575 1011 3637 καί
1042 3574 1226 3654 διενεργῶν
1256 3576 1290 3635 ἐν
1319 3575 1361 3654 τῷ

68 3701 209 3780 σεκρέτῳ
231 3705 295 3760 τῶν
318 3697 513 3780 οίκειακιῦν,
536 3701 552 3758 ό
575 3699 759 3775 Είιλαμπης
782 3699 812 3780 †.

167 3819 413 3902 ῨΒασίλειος,
447 3821 767 3902 πρωτοβεστοίρχης,
801 3821 918 3900 κριτὴς
947 3823 1003 3880 τοῦ
1034 3818 1142 3895 βήλου
1170 3815 1227 3879 καὶ
1256 3820 1364 3898 μέγας

68 3941 311 4026 χαρτουλοίριος
333 3948 396 4002 τῶν
420 3941 616 4022 οἰκειακῶν,
639 3943 654 4001 δ
677 3941 878 4022 Γοργονίτης
901 3941 932 4020 †.

163 4065 411 4146 †Nnmcphpoq,
435 4064 738 4146 πρωτοβεστάρχης
765 4061 823 4124 καί
850 4062 1030 4138 βασιλικός
1055 4063 1210 4144 νοτοίριος
1232 4065 1288 4121 τοῦ
1310 4081 1363 4121 σε·

68 4189 178 4267 κρότου
201 4193 264 4248 τῶν
291 4185 489 4266 οίκειακιῦν,
512 4187 528 4245 ό
551 4185 738 4262 Εὔλαμπής
760 4186 790 4266 †.

163 4310 185 4388 †
215 4309 387 4387 Ἰωάννης,
417 4309 539 4386 βέοτης
565 4307 620 4370 καί
648 4307 825 4385 βασιλικός
851 4309 1006 4387 νοτοίριος
1033 4309 1088 4366 τοῦ
1115 4307 1274 4384 σεκρέτου
1301 4311 1365 4366 τῶν

71 4428 257 4510 οἶκειακιῦν,
282 4431 297 4490 ό
319 4429 530 4512 Καριανίτης
554 4431 584 4510 †.

163 4553 406 4632 γΒασίλειος,
437 4551 613 4633 πατρίκιος
639 4551 654 4612 ό
677 4552 862 4630 Ῥωμανός,
895 4550 956 4610 ἀπό
986 4551 1164 4630 προσώπου
1187 4547 1367 4628 Θεοδώρου

69 4674 239 4750 βασιλικοῦ
261 4671 430 4754 νοταρίου,
453 4677 507 4734 τοῦ
529 4672 598 4734 υἱοῦ
621 4693 696 4753 μου,
722 4673 897 4754 ὑπέγραψα
919 4672 950 4750 †.

1155 4792 1172 4840 4
