3162 5278
254 329 318 394 354

254 522 450 604 άπορανθέντα,
474 525 541 605 πρὸς
557 542 587 584 τε
610 523 732 584 σύστασιν
747 524 889 604 ἀφορῶντα
910 529 960 599 τῆς
983 523 1090 602 σχολῆς
1112 521 1159 583 καὶ
1181 522 1274 598 κοινὴν
1296 527 1343 584 τοῦ
1357 525 1454 602 γένους
1475 523 1537 602 ὠρέ-

252 643 340 704 λειαν.
372 643 449 716 δςδ’
465 647 498 703 ἂν
525 643 571 704 καί
594 644 686 716 ὁποῖος
707 649 762 704 τιῦν
788 646 914 705 ἁπάντων
940 646 1067 727 τολμήσῃ
1094 644 1157 704 καθ’
1185 643 1337 720 οἱονβήττνα
1363 645 1463 724 χρόνον
1486 645 1536 704 δια-

252 769 340 828 σεῖσαι
369 765 416 826 καί
439 764 633 848 παραχαράξαι
657 785 681 827 τι
702 767 802 827 τούτων
824 765 872 828 καί
896 766 988 828 άῦικον
1013 767 1130 826 ἐκτεῖναι
1151 770 1233 847 χεῖρα
1262 764 1309 825 καί
1340 766 1471 846 ἐπήρειάν
1490 787 1539 824 τινα

253 887 404 968 ἐπαγαγεῖν
427 888 494 969 αῦτῆ
521 894 554 971 τῇ
582 887 687 970 σχολῇ,
715 889 885 970 ὁτοιοῦτος,
909 887 1005 961 ὁποίας
1032 891 1063 948 ἂν
1087 886 1129 962 εἴη
1155 884 1262 961 τάξεως
1287 885 1334 947 καί
1356 890 1540 956 καταστάσεως

251 1008 298 1071 καί
320 1010 412 1070 ὁποίου
435 1009 550 1090 βαθμοῦ,
574 1012 613 1082 ὡς
634 1009 779 1089 ριλάδικος
800 1008 847 1070 καί
869 1009 1009 1091 ἱερόσυλος
1032 1007 1078 1070 καί
1100 1009 1202 1092 κομιδῇ
1225 1009 1365 1090 βάρβαρος
1386 1007 1433 1068 καὶ
1449 1009 1539 1088 ἑχθρσς

250 1137 300 1209 τῆς
329 1135 375 1193 τοῦ
401 1133 498 1209 γένους
527 1139 667 1211 προκοπῆς
696 1130 742 1192 καὶ
772 1131 909 1210 ὡφελείας
939 1129 985 1192 καί
1013 1131 1165 1206 μισόκαλος
1191 1130 1378 1212 ἀφωρισμένος
1405 1129 1447 1206 εἴη
1475 1131 1540 1209 παρὰ

250 1259 300 1330 τῆς
334 1253 415 1334 ἁγίας
450 1253 497 1312 καί
528 1250 671 1329 ὁμοουσίου
700 1252 746 1312 καὶ
776 1254 908 1324 ζωοποιοῦ
937 1251 984 1312 καὶ
1012 1249 1165 1333 ἀδιαιρέτου
1193 1252 1318 1333 τριάδος,
1348 1255 1393 1312 τοῦ
1426 1252 1486 1322 ἑνὸς
1510 1256 1539 1332 τῇ

250 1379 323 1456 ρῦοει
346 1375 428 1454 Θεοῦ,
459 1375 507 1436 καί
528 1376 719 1456 κατηραμένος
748 1373 794 1435 καί
825 1375 1020 1458 ἀσυγχώρητος
1048 1373 1096 1435 καί
1126 1375 1197 1452 μετὰ
1225 1375 1340 1435 θάνατον
1372 1373 1473 1444 άλυτος
1499 1372 1540 1431 καί

249 1501 426 1574 τυμπανιαῖος
453 1495 500 1557 καί
520 1494 621 1569 πάσαις
643 1499 702 1570 ταῖς
723 1500 866 1578 πατρικαῖς
892 1495 939 1558 καί
961 1497 1114 1568 συνοδικαῖς
1137 1498 1215 1578 ἀραῖς
1242 1497 1385 1568 ῦπεῦθυνος
1412 1493 1459 1555 καί
1484 1494 1539 1554 ἔνο-

249 1640 301 1697 χος
326 1619 365 1698 τῷ
389 1617 450 1700 πυρί
477 1624 526 1696 τῆς
548 1620 673 1698 γεέννης.
704 1615 749 1679 ἐπί
770 1619 872 1690 τούτοις
900 1617 945 1679 οὖν
968 1619 1064 1680 άπαστν
1087 1618 1209 1695 ἀπελύθη
1237 1615 1284 1678 καί
1309 1619 1340 1678 τ“ο
1363 1618 1451 1698 παρὸν
1472 1617 1538 1691 ἡμέ-

248 1761 326 1821 τερον
352 1742 557 1822 πατριαρχικόν,
588 1739 727 1800 συνοδικῖτν
756 1740 784 1800 έν
808 1740 980 1821 μεμβράναις
1001 1739 1118 1820 γράμμα
1143 1739 1190 1800 καί
1217 1739 1406 1820 έπεβραβεῦθη
1432 1745 1466 1821 τῇ
1493 1738 1538 1818 ῥη-

248 1862 324 1946 θείσῃ
353 1863 381 1922 ἐν
406 1863 511 1942 Πάτμῳ
538 1861 628 1944 σχολῇ
656 1858 696 1934 είς
723 1862 836 1937 μόνιμον
860 1861 1021 1943 ἀσφάλειαν,
1049 1862 1239 1944 καταστρωθὲν
1261 1861 1313 1922 κάν
1335 1859 1374 1939 τῷ
1397 1858 1464 1940 ῖερῷ
1485 1861 1539 1920 κὼ-

249 1982 311 2060 δηκι
333 1989 383 2061 τῆς
405 1985 468 2044 καθ’
490 1985 566 2059 ἡμεῖς
588 1987 634 2044 τοῦ
657 1983 773 2062 Χριστοῦ
796 1982 926 2062 μεγάλης
949 1984 1109 2060 ἐκκλησίας.
1134 1986 1154 2064 †

352 2123 373 2202 ’γ
398 2121 449 2182 Ἐν
474 2123 541 2183 ἔτει
564 2123 713 2203 σωτηρίῳ
737 2119 849 2204 Ιαψξίῖ,
873 2119 901 2183 κ’
923 2119 1046 2184 ίουνίου
1068 2127 1184 2203 μηνὸς,
1210 2122 1442 2198 ἐπινεμήσεως
1463 2121 1539 2200 ss'.†

351 2259 590 2342 ’[Θεοδάσιος,
627 2261 713 2341 ἐλέῳ
746 2263 822 2322 θεοῦ
852 2261 1115 2341 ἀρχιεπίσκοπος
1145 2262 1539 2336 Κωνσταντινουπόλεως,

247 2381 338 2454 Νέας
361 2383 505 2460 Ῥώμης,
528 2380 583 2442 καί
608 2380 841 2458 οίκουμενικος
862 2385 1083 2462 πατριάρχης.
1107 2384 1128 2461 †

247 2521 326 2600 †‘0
350 2521 492 2592 Κυζίκου
516 2520 707 2598 Γεράσιμος.
732 2523 752 2602 †
916 2501 941 2600 ’β
965 2523 999 2582 Ὁ
1024 2523 1194 2602 Προῦσσης
1217 2521 1453 2602 Γεράσιμος.·β

248 2641 327 2720 †‘0
362 2641 595 2719 Νικομηδείας
629 2644 867 2724 ίΙαρθένιος.’ρ
920 2644 999 2722 †‘0
1022 2644 1187 2725 Βερροίας
1209 2643 1392 2724 Δανιήλγ

247 2764 325 2844 †‘0
351 2763 554 2844 Ἡρακλείας
579 2765 768 2846 Γεράσιμος.
793 2768 813 2846 †
920 2767 940 2846 †
964 2766 1000 2825 ‘0
1014 2764 1540 2841 ΦιλιππουπάλεωςΣαμουήλτ.η

245 2886 325 2965 †‘0
358 2885 577 2963 Χαλκηδόνος
610 2885 817 2960 Ἀθανάσιος.
845 2887 866 2966 †
918 2887 997 2968 †'0
1021 2889 1156 2964 Λήμνου
1179 2887 1408 2966 Διονύσιοςγ

245 3009 266 3088 †
290 3007 325 3066 ‘0
349 3008 486 3088 Δέρκων
509 3008 689 3080 Διονύσιος.
713 3011 734 3088 †
920 3008 941 3085 †
965 3009 1001 3067 ‘0
1024 3011 1160 3088 Δράμας
1185 3009 1381 3089 Παρθένιος.
1406 3009 1427 3088 ί·

246 3129 267 3208 †
291 3129 326 3186 ‘0
343 3127 600 3204 Θεσσαλονίκης
622 3128 820 3210 Νικηφόρος.
845 3131 866 3210 †
920 3130 941 3210 †
964 3127 999 3188 ‘0
1023 3129 1224 3209 Γανοχώρων
1248 3131 1446 3210 Προκάπιος.
1472 3131 1494 3208 †

245 3249 321 3331 †'0
345 3252 484 3331 Μυρέων
510 3252 751 3332 Παρθένιοςέγ
919 3250 998 3330 †‘0
1032 3250 1257 3330 Βελιγραδίου
1291 3251 1489 3330 Πορρῦριος.
1522 3249 1540 3328 ἱ

641 3375 662 3452 †
685 3372 720 3430 '0
743 3371 914 3451 Τυρνάβου
937 3371 1102 3446 Ἀνθιμος,
1125 3372 1146 3451 †

348 3499 499 3570 Exemplar
510 3500 595 3554 chart.
613 3499 688 3553 Mor.
701 3517 751 3554 ¹nro
763 3501 780 3553 7
783 3501 810 3554 8.
825 3498 881 3554 sub
893 3516 942 3552 τινα
956 3501 994 3553 79
1005 3506 1093 3554 exstat
1104 3501 1221 3554 σίυσιίατι
1227 3500 1410 3569 patriarchae
1424 3496 1540 3573 γράμμα

245 3597 382 3657 συνοδικον
408 3595 470 3676 περὶ
496 3601 550 3656 τῶν
577 3594 727 3676 χρημάτων
748 3595 795 3657 καί
817 3602 871 3657 τῶν
894 3595 1010 3672 βιβλίων
1032 3601 1082 3674 τῆς
1105 3597 1212 3675 σχολῆς
1234 3595 1272 3677 τῷ
1291 3605 1384 3662 1769.
1411 3597 1541 3678 οῖρχεται·

249 3702 395 3762 «δοιώτατε
416 3701 605 3779 καθηγοῦμενε
625 3705 671 3760 τοῦ
690 3699 761 3760 κατὰ
783 3700 832 3776 σἠν
854 3705 935 3776 νῆσον
954 3701 1065 3774 Πάτμον
1089 3699 1160 3782 ἱεροῦ
1182 3699 1229 3762 καί
1252 3701 1400 3776 σεβασμίου
1423 3722 1541 3780 σταυρο-

244 3810 380 3885 πηγιακοῦ
403 3805 613 3886 μοναστηρίου».
639 3811 790 3881 Exemplar
808 3829 861 3865 αοα
875 3829 968 3865 eumue
986 3813 1069 3865 ωααιί.

474 4113 573 4178 CLV.
598 4111 824 4197 7285-1777,
847 4135 958 4179 mense
981 4113 1153 4196 februariO,
1177 4114 1241 4178 ind.
1266 4113 1308 4178 X.

245 4258 411 4314 Ραίτίαταίια
440 4259 607 4329 sophronius
630 4261 672 4316 ΙΙ.
707 4268 732 4314 σε
760 4263 879 4332 synodus
908 4263 1135 4316 οασοττιταταιίσααί
1163 4261 1395 4316 Ιιίατανυοιιαοίικνα
1425 4261 1541 4314 Christ&

671 4365 788 4436 phorum
811 4365 954 4434 ορατοίιῖασ
975 4365 1109 4436 Ancyrae.

346 4547 589 4629 γΣωρρίνιος,
622 4547 708 4627 ἐλέῳ
737 4549 814 4609 θεοῦ
843 4549 1106 4629 ἀρχιεπίσκοπος
1135 4549 1541 4624 Ιίωνσταντινουπάλεως,

243 4667 331 4737 Νέας
355 4665 498 4750 Ῥώμης,
521 4667 577 4728 καί
600 4666 836 4743 οίκουμενικος
857 4673 1076 4750 πατριάρχης.
1100 4672 1120 4748 †
