3228 5294
1295 343 1335 406 77

45 559 114 616 μερον
143 540 254 618 ζωαρκή
283 535 329 596 καὶ
355 539 388 596 τό
414 541 480 618 πρός
507 541 537 598 τό
566 539 725 619 ἐργόχειρον
757 537 899 611 ἐπιτήδεια
924 537 973 612 σἠν
1001 538 1097 596 ἑαυτοῦ
1124 535 1219 610 μονίαν
1245 555 1334 595 κατοι-

45 659 161 734 λήψεται.
198 655 246 716 καὶ
275 657 396 735 καθεξῆς
430 659 516 732 οότως
552 659 627 718 ἔσται
657 663 757 738 ποιῶν,
793 655 891 734 μηδενί
926 656 1012 733 μηδὲν
1050 657 1078 716 ἐν
1107 659 1167 728 ταῖς
1197 653 1336 728 συνάξεσιν

46 779 153 856 ἑμιλῶν,
176 780 251 854 πλὴν
275 783 359 854 μόνου
381 783 427 840 τοῦ
448 785 634 862 προεστῶτος,
663 777 687 839 εἰ
710 779 749 856 μή
771 781 853 857 ιυχδν
876 779 955 849 αῖιτδς
978 779 993 836 ό
1016 778 1176 857 καθηγητὴς
1199 776 1246 837 καὶ
1268 778 1336 858 πρδς

47 901 125 979 ἕτερόν
152 921 211 960 τινα
239 908 292 960 τῶν
316 900 443 980 ἀδελφῶν
467 902 631 976 ποιήσασθαι
653 900 763 976 όμιλίαν
786 898 825 978 τῷ
846 902 986 982 ήσυχαστῇ
1015 899 1166 980 διορίσοιτο.
1190 897 1214 958 εί
1237 896 1338 958 δὲκαὶ

47 1019 135 1092 μετοιὲι
161 1027 213 1098 τῆς
244 1022 401 1098 ἑβδομάδος
428 1023 573 1097 δεσποτική
601 1043 640 1094 τις
671 1021 752 1102 ἑορτή
784 1022 931 1096 ἀπαντήσοι
966 1020 1012 1082 καὶ
1038 1021 1203 1094 τελεσθῆναι
1234 1019 1336 1096 μέλλει

47 1143 182 1220 ταννόχιος
208 1141 340 1221 ἀγρυπνία
363 1145 391 1202 ἐν
414 1149 447 1226 τῇ
471 1151 556 1226 μονῇ,
578 1143 739 1224 παραβαλεῖ
761 1142 812 1202 κόν
834 1143 919 1224 ταότη
943 1143 986 1222 ἀφ’
1008 1143 1125 1221 ἑσπέρας
1152 1143 1167 1200 ό
1191 1143 1336 1219 ἡσυχάζων

48 1261 84 1321 καὶ
106 1263 313 1344 διακαρτερήσει
339 1265 552 1346 παραπλησίως,
575 1265 667 1344 όιοπερ
695 1264 729 1338 δὴ
757 1262 803 1323 καί
830 1264 859 1323 ἐν
885 1266 959 1346 πάσῃ
985 1269 1115 1344 κυριακῇ.
1143 1263 1172 1321 ἐν
1199 1261 1238 1341 τῷ
1267 1264 1336 1340 ήσυ-

48 1385 157 1464 χαττικῷ
182 1384 213 1444 δὲ
237 1387 317 1445 αῖιτοῡ
339 1385 447 1466 κελλίῳ
469 1387 627 1461 καθήμενος
650 1383 738 1445 οῖιδενῖ
761 1384 950 1466 παραβαλόντι
977 1381 1079 1455 ἀνοίξει
1102 1387 1121 1459 ή
1149 1384 1286 1459 ὁμιλήσει,
1312 1379 1337 1442 εί

49 1508 79 1579 μή
99 1507 227 1586 πρότερον
249 1509 299 1568 ίιπδ
325 1512 371 1568 τοῦ
398 1509 555 1586 καθηγητοῦ
581 1507 752 1568 ἀπεστάλθαι
778 1505 966 1588 πληροφορίαν
993 1504 1115 1581 δέξηται,
1138 1507 1188 1566 οῖικ
1210 1506 1332 1566 άπελεό-

49 1629 111 1686 τεταῖ
132 1649 199 1688 ποτε
221 1629 289 1708 πρδς
312 1630 401 1688 έκεῖνο
427 1629 458 1688 τδ
487 1629 580 1708 μέρος,
609 1629 638 1688 ἐν
661 1623 684 1708 ᾧ
707 1627 790 1689 οἰκεῖν
812 1629 873 1699 τοὺς
900 1627 1013 1700 λαϊκοθς
1040 1623 1098 1686 όνω
1121 1647 1172 1686 που
1193 1633 1247 1687 τῶν
1275 1628 1337 1687 δια-

49 1753 183 1825 ταγμάτων
206 1750 393 1829 ἀπαρχόμενοι
421 1749 632 1826 δεδηλώκαμεν,
664 1751 694 1810 οθ
723 1753 831 1824 ποιήσει
860 1771 899 1829 τι,
931 1751 961 1810 οῖι
988 1751 1098 1830 μικρόν,
1129 1751 1158 1809 οθ
1186 1750 1275 1830 μέγα,
1306 1750 1337 1809 οίι

51 1871 190 1951 βλαβερόν,
225 1873 274 1932 οῖικ
310 1872 464 1950 ὠφέλιμον,
502 1872 547 1931 ἵνα
584 1871 746 1948 συλλήβδην
784 1869 852 1932 είπω
889 1868 937 1930 καὶ
969 1870 1008 1948 μὴ
1044 1871 1240 1952 ἀπαριθμῶμαι
1273 1871 1336 1930 καθ’

52 1993 166 2070 ἕκαστον,
194 1993 259 2074 οῖτερ
286 1991 391 2070 βουλῆς
417 1992 465 2052 καί
491 1991 606 2074 κρίσεως
632 1996 678 2053 τοῦ
705 1993 950 2070 ήγουμενεόοντος.
979 1989 1002 2052 εἰ
1030 1991 1062 2051 δέ
1084 2013 1108 2052 τι
1135 1995 1253 2052 τοιοῦτον
1280 1997 1334 2051 τῶν

50 2115 247 2194 τοιουτοτρόποις
277 2115 325 2188 τὴν
356 2115 468 2192 ήσόχισν
503 2115 702 2190 ἀσπασαμένων
734 2114 826 2191 βιοτήν
857 2113 993 2194 φωραθείη
1028 2134 1069 2184 τις
1099 2113 1258 2190 πεποιηκὼς
1291 2111 1339 2172 καὶ

52 2237 83 2308 μή
105 2233 248 2314 ἀξιόλογον
272 2235 366 2295 αίιτίκα
389 2235 468 2312 μάλα
490 2237 540 2310 τὴν
562 2236 702 2316 διόρθωσιν
725 2232 899 2314 ἐπιδείξαιτο,
923 2235 991 2294 ἀλλ’
1013 2233 1192 2315 ίδιορρίιθμως
1216 2236 1338 2310 ἐπιμένει

53 2355 85 2434 τῷ
110 2359 319 2436 παραπτώματι,
347 2356 423 2428 είιθδς
451 2355 557 2428 ἐξέσται
584 2355 623 2435 τῷ
650 2357 795 2436 ἡγουμένῳ
823 2355 942 2435 εἰσάγειν
970 2357 1049 2416 αὐτόν
1071 2355 1118 2416 καί
1146 2356 1248 2416 ἄκοντα
1268 2357 1337 2436 πρδς

54 2479 78 2535 τ“ο
98 2478 199 2552 πλῆθος
221 2484 271 2554 τής
294 2477 491 2558 ἀδελφότητος,
522 2481 592 2538 όιστε
614 2483 660 2538 τοῦ
687 2478 783 2538 λοιποῦ
807 2477 912 2556 διάγειν
940 2478 1009 2554 μετὰ
1032 2481 1140 2538 πάντων
1164 2477 1192 2538 ἐν
1215 2474 1254 2556 τῷ
1277 2497 1338 2537 κοι-

55 2597 127 2676 νοβίῳ
147 2597 193 2658 καί
220 2600 413 2660 ότυτάσσεσθοιι
441 2601 480 2672 ῶς
507 2601 658 2680 ἀρχάριον·
684 2597 707 2658 εἰ
735 2597 766 2658 δέ
789 2600 828 2675 μὴ
855 2603 931 2660 τοῦτο
957 2599 1184 2678 καταδεχόμενος
1210 2597 1338 2680 φαίνοιτο,

56 2718 217 2780 ἐκδιωκέσθω
239 2721 337 2782 τελεον
358 2718 406 2780 καὶ
428 2727 478 2797 τής
501 2727 588 2797 μονῆς
609 2719 656 2780 καὶ
677 2725 728 2796 τῆς
750 2723 841 2800 νήσου,
865 2719 912 2780 καί
939 2723 978 2793 ὡς
1006 2722 1094 2796 μέλος
1121 2722 1238 2796 οεοηπδς
1264 2720 1337 2779 ἀπο-

55 2843 182 2902 κοττέοθω
204 2845 251 2902 τοῦ
274 2828 360 2922 ἱεροῦΙ
373 2848 423 2918 τῆς
450 2844 565 2920 εθαγοῖς
591 2843 671 2917 ήμῶν
698 2841 815 2917 ποίμνης
841 2844 979 2917 σώματος.
1007 2843 1073 2917 αὕτη
1096 2843 1115 2918 ή
1137 2839 1263 2922 ἀκρίβεια
1284 2847 1338 2902 τῶν

58 2959 131 3039 έρθῶς
156 2961 202 3023 καί
229 2963 297 3043 πρδς
318 2963 400 3038 τήνδε
426 2963 475 3039 τήν
503 2961 634 3039 ἀνάβασιν
663 2964 825 3044 προκόπτειν
853 2961 1071 3022 ἐσπουδακότων.
1097 2966 1174 3022 τοῦτο
1201 2965 1231 3022 τδ
1258 2963 1339 3042 ἔργον

57 3088 101 3140 τῶν
121 3085 179 3158 μεθ’
203 3085 343 3164 ὑποταγῆς
364 3085 413 3161 τὴν
435 3085 549 3162 ἡσυχίαν
573 3085 602 3144 έν
625 3085 707 3166 κυρίῳ
730 3085 801 3144 κατὰ
823 3085 904 3160 τήνδε
930 3085 979 3160 τὴν
1001 3085 1148 3164 ἡμετέραν,
1173 3084 1284 3159 μᾶλλον
1308 3083 1338 3143 δὲ

58 3209 94 3262 τοῖ
113 3205 289 3284 ἠγαπημένον
312 3205 350 3284 τῷ
374 3204 481 3286 Χριστῷ
505 3204 650 3285 Θεολόγου
672 3213 753 3282 νῆσον
777 3207 897 3282 μετιέναι
920 3205 1154 3281 βουλευσομένων.
1180 3205 1284 3275 ἔσονται
1308 3205 1339 3264 δὲ

59 3323 95 3382 καὶ
114 3321 192 3406 οὗτοι,
219 3327 304 3404 ήγουν
331 3325 356 3387 οῖ
383 3323 436 3386 ἀνδι
464 3329 548 3407 μέρος
575 3328 604 3386 ἐν
630 3327 763 3408 πετρίνοις
790 3327 870 3399 δποιῖς
897 3325 943 3386 καί
972 3327 1127 3407 αὐτορόφοις
1150 3325 1297 3401 δωματίοις
1319 3329 1337 3400 ή

60 3445 95 3502 καί
114 3447 329 3528 ἐναχωρητικοῖς
356 3448 550 3524 μονοκελλίοις
576 3450 723 3526 ἡσυχάζειν
747 3449 776 3507 δν
801 3447 949 3528 εἰρήκαμεν
972 3450 1069 3528 τρόπον
1097 3447 1267 3524 μέλλοντες,
1291 3449 1339 3508 ἐάν

61 3587 85 3642 γε
106 3568 149 3628 καί
173 3591 244 3640 τινες
270 3575 347 3630 τοῦτο
379 3571 587 3652 προαιρούμενοι
618 3568 666 3630 καί
695 3568 783 3629 ἱκανοί
810 3571 964 3649 κρινόμενοι
990 3569 1201 3650 ἐφευρίοκοιντο,
1229 3570 1268 3646 μή
1295 3571 1339 3628 τόν

61 3693 101 3744 τόν
121 3689 228 3752 δώδεκα
251 3693 365 3772 ἀριθμόν
387 3691 606 3773 ὑπερβαίνοντες.
630 3695 713 3751 ταῦτα
735 3690 782 3750 καί
804 3689 996 3770 περὶτούτων.

146 3811 197 3874 κε’.
222 3812 398 3888 Ἐβουλόμην
423 3813 545 3872 ἐνταυθοῖ
568 3813 656 3894 ῥητῶς
681 3812 826 3890 ἐπισκῆψαι
848 3811 896 3872 καὶ
918 3813 980 3893 περὶ
1002 3819 1052 3889 τῆς
1075 3813 1130 3892 θεῷ
1153 3812 1235 3893 φίλης
1257 3815 1339 3889 έλεη·

62 3934 160 4010 μτοόιης
181 3934 228 3994 καί
251 3933 466 4014 πτωχοτροφίας,
491 3933 577 3995 είτουν
599 3931 763 4014 φιλοξενίας,
790 3933 847 3994 «δι’
863 3929 933 4014 ήςι,
949 3940 1089 4014 γραφικῶς
1105 3933 1200 4014 εἰπεῖν,
1220 3935 1339 3994 «ἔλαθόν

63 4071 117 4124 τινες
140 4051 293 4128 ξενίσαντες
321 4055 499 4135 ἀγγέλους»,
526 4055 574 4116 καὶ
600 4061 650 4132 τῆς
676 4061 729 4115 τῶν
757 4057 944 4136 ναυαγοόντων
970 4058 989 4130 ἢ
1017 4055 1114 4125 ἄλλως
1142 4057 1340 4132 στενουμένων,

62 4173 97 4232 ιιῖ
117 4175 165 4236 εἴτε
188 4177 222 4238 ἐκ
248 4176 433 4257 προμηθείας,
461 4175 515 4236 είτε
543 4179 614 4237 κατά
640 4197 700 4236 τινα
725 4178 896 4258 περιπέτειαν
926 4177 1125 4257 εὑρισκομένων
1152 4176 1180 4234 ἐν
1207 4181 1239 4258 τῇ
1266 4178 1341 4255 νήσῳ

62 4293 98 4352 ναί
120 4299 327 4379 προοαιτοόντων
361 4299 535 4379 ἐπικουρίας·
569 4298 672 4378 σφόδρα
698 4298 751 4378 γὰρ
784 4298 905 4373 κήδομαι
940 4297 993 4356 τῶν
1027 4298 1153 4356 τοιοίιτων
1180 4301 1198 4371 ἢ
1221 4292 1342 4372 τάληθές

64 4411 132 4474 εἰπεῖν
156 4419 303 4501 θιτεραλγῶ
326 4441 356 4480 τε
383 4419 431 4480 καί
456 4419 641 4500 περικαίομαι.
670 4418 736 4478 ἀλλ’
761 4418 855 4494 ἐπειδὴ
882 4419 952 4490 τέως
979 4419 1029 4496 οίιχ
1055 4417 1136 4492 ῖκάνή
1163 4437 1204 4487 τις
1230 4416 1342 4497 εὐπορία

63 4539 221 4626 τρόσεστιτῇ
243 4549 325 4626 μονῇ,
350 4545 398 4602 οῖικ
421 4543 515 4622 ἔκρινα
538 4542 593 4601 δεῖν
616 4543 769 4620 ὡρισμένην
791 4547 909 4600 τυπῶσαι
929 4543 1065 4616 ποσότητα
1086 4540 1200 4618 δόσεως,
1219 4545 1342 4618 παραινῶ

65 4653 91 4714 δὲ
112 4660 153 4720 καί
181 4663 337 4743 ἀδελφικιῖις
368 4665 396 4723 ἐν
430 4663 537 4744 Χριστῷ
567 4663 760 4744 παραγγέλλω
792 4667 857 4722 πᾶσι
886 4664 942 4733 τοῖς
974 4659 1071 4739 ἐφεξῆς
1100 4665 1146 4720 τοῦ
1175 4661 1238 4719 καθ’
1267 4659 1343 4734 ἡμᾶς
