3184 5288
248 299 309 364 152

245 491 431 570 οίκειοχείρως
456 493 558 550 ἀνωθεν
581 493 741 564 ποιήσαντες
765 490 813 563 τἠν
836 493 972 570 παροῦσαν
993 489 1129 569 ἔγγραφον
1153 487 1200 548 καί
1226 489 1419 567 ἑνυπόγραφον,
1436 487 1563 560 ἁμετοὶ-

245 634 368 694 τρεπτον,
398 613 586 672 ἀναλλοίωτον
613 610 659 671 καὶ
686 612 810 690 καθαρὰν
837 611 876 688 τῷ
905 611 998 672 διόλου
1027 609 1167 688 διάπρασιν
1193 611 1332 685 ιηθέμεθα
1352 607 1400 667 καὶ
1422 615 1564 682 ποιῶμεν

245 733 388 812 ἑκουσίως,
429 733 538 812 ἀφόβως
575 731 621 792 καί
656 732 805 812 ἀβιάστως,
842 735 891 792 οθκ
926 733 958 792 ἔκ
990 753 1062 804 τινος
1098 732 1221 810 ἀνάγκης
1250 735 1269 807 ἢ
1301 730 1363 806 βίας
1392 734 1409 806 ἢ
1445 733 1563 808 φάκτου

244 855 357 934 ἀγνοίας
373 858 391 930 ἢ
406 859 459 914 τῶν
481 854 577 914 ἀλλων
597 855 721 915 ἁπάντων
742 857 871 926 τῶνταῖς
895 854 976 924 θείοις
999 855 1093 928 νόμοις
1117 854 1364 934 ἐπιτετραμμένων,
1381 852 1462 912 ἀλλὰ
1478 850 1562 928 μετὰ

244 975 333 1052 πάσης
363 979 441 1052 ἡμῶν
468 981 517 1050 τῖγς
546 973 697 1054 προθυμίας
730 974 777 1034 καὶ
808 974 1028 1051 βεβουλευμένου
1058 979 1159 1036 σκοποῦ
1188 973 1234 1034 καί
1265 974 1417 1054 θελήσειας,
1453 975 1564 1043 καθὼς

244 1101 431 1159 ὑποτέτακται.
456 1095 517 1156 ἐπεί
537 1099 676 1176 χωράφιον
700 1098 802 1175 ἔχομεν
825 1098 858 1156 ἐκ
876 1103 992 1176 γονικῶν
1013 1099 1091 1172 ἡμῶν
1114 1096 1303 1176 κληροδοσιῶν
1327 1094 1368 1167 είς
1389 1098 1437 1171 την
1462 1117 1561 1156 τοπο-

244 1220 336 1279 θεσίαν
352 1225 401 1294 τῆς
418 1220 525 1298 Πηγῖγς,
542 1217 793 1295 συγκεκολλημένα
821 1219 891 1294 μετὰ
916 1224 970 1278 τῶν
992 1217 1140 1297 χωραφίων
1162 1222 1208 1278 τοῦ
1230 1217 1360 1297 Κεφαλὰ,
1383 1216 1429 1277 καὶ
1455 1215 1496 1289 είς
1525 1219 1561 1276 τό

246 1342 302 1401 ἀνω
323 1343 406 1420 μέρος
422 1339 672 1417 συγκεκολλημένα
688 1341 758 1414 μετὰ
773 1345 826 1398 τῶν
841 1336 988 1420 χωραφίων
1002 1344 1048 1399 τοῦ
1064 1341 1147 1420 Νίκη,
1164 1341 1283 1400 ἔστωσαν
1300 1339 1331 1400 δὲ
1354 1338 1419 1399 ὡσεί
1442 1339 1561 1414 μοδίων

245 1462 346 1522 εἴκοσι·
370 1459 417 1522 καὶ
445 1459 478 1536 δὴ
501 1461 572 1520 κατὰ
594 1461 642 1535 τἠν
671 1464 789 1540 σήμερον
816 1463 1006 1540 πιπράσκομεν
1031 1457 1065 1520 τὰ
1090 1462 1199 1520 τοιαύτά
1217 1463 1343 1542 χωράφια
1362 1462 1429 1540 πρός
1449 1461 1482 1520 σὲ
1505 1463 1560 1519 τόν

247 1579 505 1661 μεγαλοδοξότατον
535 1583 770 1662 προτοβεστιάρισν
801 1587 875 1662 κύριν
906 1583 1042 1662 Γεωργιον
1073 1584 1119 1642 τόν
1149 1583 1286 1660 Εύνούχον
1320 1580 1359 1653 είς
1391 1581 1562 1657 νομίσματα

246 1707 328 1786 ἑπτά,
359 1708 397 1777 ὡς
427 1709 460 1764 ἀν
491 1706 613 1786 κατέχῃς
644 1705 711 1764 αδτά
747 1701 798 1790 [εἰς
829 1701 901 1789 τούς]
933 1702 998 1780 ἑξῆς
1028 1707 1149 1775 ἅπαντας
1178 1703 1226 1764 καὶ
1256 1705 1390 1782 διηνεκεῖς
1419 1708 1558 1784 χρόνους,

245 1828 360 1906 πωλεῖν,
384 1825 536 1906 δωρεῖσθαι,
560 1826 707 1905 προικίζειν
730 1825 776 1886 καί
806 1826 925 1904 λεγάτον
949 1823 1020 1904 σιύτῷ
1044 1828 1246 1909 παραπέμπειν,
1270 1824 1318 1886 καὶ
1341 1827 1437 1897 ἁπλῶς
1459 1829 1557 1884 πάντα

246 1950 275 2008 ἐν
294 1950 379 2028 τούτῳ
398 1951 524 2028 πράττειν
541 1967 581 2028 σε,
604 1948 656 2006 ὅσα
678 1945 725 2006 καί
748 1947 773 2006 σί
795 1949 861 2006 θεῖοι
885 1949 962 2022 νόμοι
985 1951 1040 2019 τοῖς
1064 1945 1173 2020 οἰκείοις
1196 1947 1339 2020 δεσπόταις
1362 1945 1401 2020 εἰς
1423 1947 1457 2006 τὰ
1481 1948 1556 2005 ἑαυ-

245 2076 299 2130 τῶν
319 2073 443 2151 πράττειν
468 2069 682 2130 διακελεύονται.
708 2067 791 2140 εἴτις
814 2068 844 2128 δὲ
869 2069 965 2152 εὑρεθῇ
988 2071 1082 2149 λέγειν
1106 2091 1130 2130 τι
1152 2068 1214 2151 περὶ
1236 2070 1346 2150 τούτων,
1370 2069 1399 2128 οό
1423 2071 1556 2146 μετέχει,

247 2195 285 2263 ὡς
301 2191 456 2271 ὀφείλοντες
471 2193 552 2265 ἡμεῖς
569 2191 716 2251 ἀποπαύειν
731 2196 832 2252 τοῦτον.
852 2189 874 2250 εἰ
896 2191 927 2250 δέ
948 2211 1015 2252 ποτε
1039 2193 1091 2252 ἀπό
1113 2197 1167 2252 τῶν
1192 2188 1319 2271 ἀδελφῶν
1341 2192 1419 2267 ἡμῶν
1441 2194 1555 2265 ἥσομ-

245 2312 420 2388 πλησιαοτῶν
449 2315 467 2386 ἡ
499 2312 681 2391 διακατόχων,
712 2313 784 2383 όστις
807 2316 839 2370 ἀν
866 2311 914 2371 καί
944 2313 997 2393 εἴη,
1028 2315 1095 2392 πρός
1117 2315 1147 2372 ιδ
1175 2314 1213 2388 μὴ
1242 2311 1445 2373 είσακούεσθαι·
1471 2312 1556 2371 ἀλλὰ

246 2431 292 2492 καὶ
308 2435 389 2507 ἡμεῖς
405 2431 478 2493 αὐτοὶ
498 2433 549 2510 όψέ
565 2453 631 2491 ποτε
655 2433 807 2508 μετάμελοι
830 2436 1013 2512 γεγενημένοι
1034 2441 1084 2510 τῆς
1106 2435 1243 2516 παρούσης
1265 2437 1391 2515 πράσεως
1414 2435 1505 2513 ἡμῶν,
1533 2439 1552 2509 ἢ

245 2552 361 2614 πλείονα
388 2560 467 2630 τιμῆς
496 2553 701 2631 ἐπιζητίσωμεν,
729 2554 773 2614 ἵνα
800 2555 910 2632 ἔχωμεν
933 2556 1001 2636 ἀρὰν
1027 2554 1074 2615 καί
1099 2557 1232 2636 ἀνάθεμα,
1256 2553 1303 2616 καί
1325 2557 1343 2630 ἡ
1368 2554 1445 2636 μερίς
1467 2558 1553 2630 ἡμῶν

246 2672 317 2750 μετὰ
345 2678 391 2736 τοῦ
419 2674 519 2754 Ἰούδα,
547 2671 734 2760 ζημίιιύίμεθα
761 2675 791 2734 δὲ
818 2674 896 2756 λόγῳ
923 2675 1069 2757 προστίμου
1096 2677 1252 2753 νομίσματα
1286 2673 1394 2762 είίκοσιί
1427 2680 1552 2758 τέσσαρα

247 2793 314 2882 [καὶ]
338 2795 376 2876 τῷ
404 2795 540 2875 βασιλικῷ
564 2796 706 2878 βεοτιαρίῳ
728 2797 767 2876 τῷ
789 2797 859 2858 κατά
884 2795 986 2882 [νόμον.
1017 2795 1171 2884 ἐπὶτοῦτο]
1194 2801 1310 2878 γέγονεν
1336 2799 1401 2880 παρ’
1424 2801 1550 2874 ημῶνή

245 2922 367 2996 παροῦσα
394 2919 496 3000 φανερὰ
522 2924 618 2999 πράσις
647 2920 760 2978 ἐνώπιον
787 2925 840 2980 τῶν
867 2919 1080 3000 ύπογραψάντων
1110 2916 1283 3006 [μαρτύρων]Ι
1320 2919 1396 3008 μηνί
1431 2919 1551 2999 ἰουλίῳ

247 3038 456 3112 ίνδικτιῶνος
480 3039 518 3100 ια’
544 3041 637 3112 ἔτους
661 3038 768 3122 ,ςψιε’,
792 3042 812 3120 †

350 3161 390 3222 Αἱ
412 3160 597 3242 ὑπογραφαὶ
621 3167 682 3222 τῶν
705 3157 890 3243 μαρτύρων·

352 3285 372 3360 †
396 3284 499 3362 Λέων,
517 3284 626 3363 ἱερεύς
641 3282 696 3344 καί
718 3289 943 3364 πρωτοπαποῖς
958 3290 1016 3360 τῆς
1032 3286 1222 3362 ἁγιωτάτης
1239 3285 1424 3362 ἐπισκοπῆς
1440 3285 1550 3366 Ἰεροῦ

249 3405 502 3484 όΣυρόπουλος,
525 3407 662 3484 πάρειμι
681 3403 732 3465 ἐπὶ
752 3411 790 3488 τῇ
813 3406 969 3485 παρούοει
991 3409 1111 3486 πράσει
1133 3407 1188 3466 καί
1212 3407 1371 3468 ἀποδόσει
1394 3413 1456 3466 τῶν
1481 3429 1547 3467 τοι-

249 3527 349 3585 ούτων
373 3528 584 3600 νομισμάτων
607 3525 791 3606 ὑπέγραψα.
816 3529 836 3606 †

352 3649 373 3724 γ’
397 3647 555 3723 Ἰωάννης
576 3645 1029 3729 ίερεὶιςόΜυρσῖνιιύτηςκαὶ
1055 3648 1254 3730 δευτερεύων
1277 3655 1336 3725 τῆς
1359 3649 1546 3727 ἁγιωτάτης

250 3736 434 3846 ἐδτισκοπῆς
457 3771 561 3850 Ἰεροθ
585 3770 769 3851 ὑπέγραψα.
793 3772 814 3848 †

353 3893 388 3950 ‘H
411 3892 600 3971 ύπογραφιί,’

301 4013 455 4111 EQ*
467 4008 605 4098 [Ἰωάννου
617 4009 674 4097 τοῦ]
769 4009 887 4100 [Σίγνον]
916 4013 1071 4110 Q
1147 4013 1496 4110 ἑίγων-γλὰο-ντὲτσῦ

312 4137 445 4214 Τζαγκα-
499 4135 643 4215 ροπούλου.
768 4139 814 4195 τοῦ
830 4136 890 4194 Τα-
951 4139 1038 4212 χινοιῖ.
1198 4135 1251 4194 Λί-
1307 4117 1310 4216 ί
1367 4155 1446 4210 μνης.

764 4255 861 4332 Σίγνον
917 4257 1043 4315 Ἰωάννου

734 4376 897 4460 τοῦΜουρ-ί
926 4377 1034 4447 ζούλου.

354 4501 375 4574 †
398 4499 433 4558 Ὀ
457 4499 600 4573 εὐτελὴς
622 4497 742 4576 ἱερεύς,
758 4499 898 4574 νομικός
919 4496 975 4557 καί
996 4498 1161 4578 κληρικδς
1183 4503 1242 4575 τῆς
1262 4499 1453 4575 ἁγιωτάτης
1478 4499 1539 4558 ἑπι-

251 4628 375 4696 σκοπῆς
398 4623 501 4700 Ἱεροῦ
527 4665 659 4683 ......
685 4617 794 4702 οἰκείᾳ
816 4617 906 4698 χειρί
929 4621 1061 4700 ἔγραψα
1083 4618 1138 4679 καί
1160 4620 1347 4700 ὑπέγραψα.
1371 4619 1392 4696 γ’
