3160 5292
256 349 320 414 232

254 549 307 603 τῶν
330 541 558 618 οἰκοδομημάτων
582 543 596 600 ό
618 543 724 622 Πόργος
747 543 872 622 δεικνθει,
900 543 1065 620 όιτοίανιτὴν
1087 544 1257 618 κατασκευὴν
1279 544 1410 616 κέκτηται
1434 539 1477 612 εἰς
1504 541 1555 598 ἑκ-

254 665 372 742 κλησίας
394 663 441 725 καὶ
464 663 622 744 οίκσδομοὶς,
646 663 693 726 καὶ
716 665 873 744 ἀνδρῦνθητι
893 664 939 725 καί
963 667 1040 755 αὀτός
1064 665 1104 737 είς
1125 665 1286 744 πλειοτέραν
1310 663 1465 738 βελτίοσιν.
1492 659 1556 739 περὶ

256 788 287 848 δὲ
309 793 359 866 τῆς
382 789 599 868 Κεχιονισμένης
622 791 722 868 μονῆς,
744 781 779 863 ἥς
800 786 847 846 καί
869 790 886 864 ἡ
911 788 1173 869 διαθηκοπαροίδσσις
1199 791 1245 848 τοῦ
1270 787 1417 864 μακαρίτου
1444 783 1555 844 ἐκείνου

256 911 421 990 Μονοχυτροῖ
444 907 553 982 διέξεισι
575 908 609 968 τά
630 907 691 988 περὶ
713 910 825 981 τούτοις,
849 912 889 970 ότι
913 911 941 968 ἐν
962 915 996 990 τῇ
1020 916 1089 991 μονῇ
1112 916 1161 986 τῆς
1181 909 1293 984 Πάτμου
1317 905 1426 981 ἐξέδοτο
1449 907 1556 980 ταύτην

256 1029 295 1103 εἰς
325 1031 469 1107 ἀνάκτησιν
499 1029 546 1092 καί
575 1029 759 1104 ἐξανάστασιν.
791 1029 837 1090 καὶ
867 1031 924 1110 ἐγὼ
954 1033 1004 1106 μὲν
1032 1033 1061 1091 ἐν
1087 1036 1121 1112 τῇ
1148 1034 1204 1114 ζωῇ
1231 1032 1280 1109 ὤν,
1308 1030 1376 1090 εἴτι
1405 1029 1556 1107 ἐδυνήθην,

256 1155 391 1233 ἀνέκτισα,
416 1149 450 1214 τὰ
472 1154 602 1214 ἐπιλοιπα
623 1153 655 1214 δὲ
677 1155 760 1233 χρέος
788 1154 846 1232 ἔχει
869 1155 887 1230 ἡ
911 1155 1022 1229 [Ιοίτμος
1046 1153 1092 1214 καὶ
1115 1153 1146 1214 σθ
1169 1155 1183 1213 ό
1205 1154 1396 1232 ἠγουμενεῦων
1419 1152 1555 1225 ἀναπλη-

257 1281 303 1358 ροῦ
325 1275 388 1336 νκαὶ
410 1277 495 1348 οὕτως
516 1276 700 1354 κληρονομεῖν
723 1277 814 1350 αῖντην.
839 1275 940 1350 ὁμοίως
962 1273 1009 1334 καί
1031 1281 1077 1336 τοῦ
1093 1273 1320 1354 Μανδραγουρίου
1342 1273 1554 1352 ζευγηλατείου,

256 1399 376 1474 θέδόθη
403 1397 516 1475 ψυχικόν
547 1394 587 1468 εἰς
616 1396 664 1471 τὴν
694 1397 779 1473 μονὴν
809 1397 883 1476 παρὰ
910 1401 955 1457 τοῦ
981 1401 1109 1476 κραταιοῦ
1138 1395 1185 1455 καὶ
1212 1395 1288 1475 ἁγίου
1315 1397 1394 1471 ἡμῶν
1421 1397 1555 1454 οιῦθέντου

256 1519 303 1580 καὶ
330 1520 481 1600 βασιλέως,
509 1523 589 1600 κυροῦ
613 1520 732 1597 Μιχαὴλ
755 1521 901 1597 Κομνηνοῦ
926 1524 972 1580 τοῦ
996 1520 1202 1598 ΙΙαλαιολόγου,
1225 1524 1262 1597 γη
1286 1515 1435 1598 ζευγαρίων
1459 1519 1555 1596 πέντε,

256 1640 303 1701 καί
330 1639 370 1711 είς
396 1642 425 1701 τό
454 1642 532 1701 αὐτοῦ
559 1642 766 1722 χρυσόβουλλον
794 1641 921 1717 κείμενον
947 1641 994 1702 καὶ
1021 1642 1147 1722 ὁρισμοὺς
1169 1639 1209 1714 ἐξ.
1237 1639 1284 1700 καί
1312 1640 1405 1698 δεῖσε
1432 1639 1480 1698 καὶ
1511 1637 1557 1698 ἐπὶ

257 1763 349 1824 τούτου
378 1766 505 1844 πρόνοιαν
534 1766 619 1823 ποιεῖν
650 1761 689 1834 εἰς
718 1763 905 1842 κληρονομίαν
935 1771 985 1839 τῆς
1012 1770 1107 1840 μονῆς.
1139 1763 1239 1838 δμοίως
1265 1763 1312 1820 καί
1333 1761 1368 1820 τδι
1391 1761 1419 1820 ἐν
1443 1769 1476 1843 τῇ
1502 1761 1556 1838 Κῷ

258 1889 382 1964 μετόχια,
413 1885 499 1945 όίκαί
527 1886 711 1958 δεσποινικοθς
737 1889 927 1966 προσφέρουσιν
955 1887 1094 1966 ὁρισμοὺς,
1123 1886 1168 1944 καὶ
1192 1885 1376 1964 διακρατόνειν
1397 1883 1445 1944 καί
1468 1887 1557 1942 ταῦτα

257 2005 305 2067 καὶ
332 2007 521 2083 ἐπιμελεῖσθαι
550 2006 591 2080 εἰς
621 2008 779 2082 βελτιώσεις
813 2007 859 2068 καὶ
890 2007 1090 2080 ἐξαναστσίσεις.
1125 2005 1186 2088 περὶ
1220 2006 1251 2066 δὲ
1284 2014 1334 2082 τῆς
1365 2015 1467 2084 μονῆς,
1500 2016 1557 2065 τιῖιν

257 2131 347 2204 νήσων
380 2128 427 2189 καὶ
461 2131 596 2208 μετοχίων
631 2132 660 2192 οῦ
691 2131 733 2190 δεῖ
758 2133 833 2207 ἡμᾶς
861 2132 1091 2210 πολλυρημονεῖν,
1119 2131 1167 2188 ἅτε
1197 2129 1381 2189 αάτοδέσττοτα
1411 2129 1475 2188 όντα
1508 2129 1557 2187 καὶ

259 2247 423 2324 αθτεξσίισια.
450 2249 512 2332 περὶ
535 2251 566 2311 δέ
587 2253 622 2311 τὰ
645 2253 720 2326 ἐντός
741 2259 790 2330 τῆς
818 2259 904 2328 μονῆς
930 2251 977 2312 καὶ
1005 2251 1234 2328 ἐκκλησιαστικῆς
1260 2249 1438 2332 παραδόσεως
1466 2252 1556 2330 ἀρκέ-

259 2375 344 2454 σθητι,
367 2373 434 2434 εἴτι
457 2377 490 2433 θν
512 2372 559 2434 καὶ
583 2368 673 2454 εὗρες,
702 2378 771 2450 μήτε
793 2375 950 2455 προσθήκην
972 2375 1109 2452 ποιήσεις,
1133 2378 1202 2450 μήτε
1226 2373 1368 2450 ἔλλειψιν’
1396 2376 1477 2443 σώζει
1500 2375 1558 2452 γὰρ

258 2494 306 2554 καί
334 2497 491 2576 περιττεύει.
528 2493 567 2568 εἰς
597 2495 628 2556 δὲ
656 2496 705 2571 τὴν
735 2497 926 2576 πραγματικὴν
962 2497 1085 2556 ἀπόθεσιν
1110 2499 1129 2569 ἢ
1160 2497 1204 2554 διά
1233 2495 1342 2576 χρυσίου
1370 2495 1558 2574 χαράγματος

373 2621 392 2691 θ,
418 2619 518 2698 χρυσόν
549 2618 582 2698 ἀρ
592 2663 801 2680 .........
829 2621 847 2692 η
870 2617 1002 2692 κειμήλια
1028 2624 1117 2698 χρυσοῖ
1146 2617 1192 2677 καί
1222 2619 1326 2698 ἀργυρᾶ
1355 2619 1393 2693 μὴ
1422 2619 1498 2692 ζήτει
1529 2619 1558 2676 ἐν

258 2736 297 2817 τῷ
323 2740 503 2818 ηγουμενείῳ,
539 2741 578 2799 ότι
609 2741 661 2818 οὺχ
691 2741 821 2820 εὑρήσεις.
853 2743 955 2817 μάρτυς
977 2761 1029 2816 μου
1056 2740 1070 2798 ὁ
1096 2741 1159 2811 θεός
1188 2737 1234 2798 καί
1260 2741 1278 2813 ἠ
1307 2740 1361 2814 ἐμὴ
1392 2739 1558 2814 συνειδη-σις,

258 2862 308 2920 οῦκ
335 2859 511 2940 ἐθησαυρίσθη
543 2862 571 2920 ἐν
597 2867 631 2944 τῇ
660 2861 720 2936 ἐμοὶ
743 2861 908 2944 ἡγουμενείᾳ
930 2863 959 2920 ἐν
988 2863 1069 2936 μόνον
1098 2862 1130 2920 ἐκ
1151 2863 1251 2922 τούτων
1273 2867 1325 2920 τιῦν
1349 2862 1558 2940 ῥηθησομένων,

258 2981 316 3042 οθδ’
346 2983 425 3055 αθτδς
455 2981 512 3060 ἐγὼ
547 2983 726 3064 ένοσφισσίμην
756 2987 774 3058 ἢ
803 2983 946 3063 ὰπέκρυψα
976 2983 1020 3042 διὰ
1048 2985 1142 3062 γήρως
1175 2983 1315 3042 ἀσθένειαν
1344 2987 1362 3058 η
1396 2981 1436 3054 εἰς
1471 2982 1557 3058 δόξης

256 3104 421 3184 τελειοτέρας
448 3104 583 3180 ἐπιθυμῶν
609 3108 628 3179 ἢ
656 3104 805 3182 ἐπισκοπῆς
832 3103 998 3184 ὀρεγόμενος
1020 3107 1038 3180 η
1066 3105 1158 3185 ἑτέρου
1181 3104 1359 3182 ἡγουμενείου
1386 3106 1556 3184 μειζοτέρου,

258 3225 326 3285 ἀλλ’
354 3228 384 3286 ἐν
409 3223 456 3286 καί
483 3229 565 3300 μόνον
591 3223 624 3303 ἦν
652 3227 683 3286 τό
710 3227 777 3300 ἐμόν
804 3227 967 3302 καταθῦμιον
993 3230 1039 3286 τοῦ
1066 3226 1246 3304 ἀγωνίζεσθαι
1272 3227 1333 3286 κατ’
1357 3226 1476 3287 ἐνιαυτόν
1508 3225 1556 3286 καὶ

260 3347 414 3428 ἐμπορικῶς
444 3346 488 3406 διὰ
516 3347 665 3428 πλοιαρίων
695 3349 837 3424 ἀναζητεῖν
866 3348 900 3408 τὰ
928 3355 977 3424 τῆς
1009 3353 1095 3424 μονῆς
1128 3347 1248 3428 χρειώδη
1282 3347 1329 3408 καὶ
1359 3346 1484 3428 ἐξαρκεῖν
1515 3349 1556 3421 εἰς

259 3471 327 3529 αῦτά
349 3470 446 3544 ταύτην
468 3468 524 3530 καί.
539 3471 666 3548 ἐπαρκεῖν
693 3470 821 3542 καὶτοὺς
843 3471 972 3550 πειρατὰς
995 3471 1153 3549 θεραπεύειν
1177 3467 1224 3528 καὶ
1246 3476 1336 3530 πᾶσαν
1360 3470 1486 3530 δουλείαν
1510 3473 1554 3530 διὰ

258 3597 313 3650 τῶν
329 3591 480 3671 βρωμάτων
497 3591 667 3670 ἐργάζεσθαι.
693 3593 842 3672 ἐτρεφόμην
866 3593 896 3652 δὲ
919 3591 967 3651 καί
989 3594 1068 3663 αθτός
1090 3591 1118 3652 ἐν
1141 3598 1174 3674 τῇ
1196 3594 1315 3674 τραπέζῃ
1339 3598 1391 3652 τῶν
1416 3593 1552 3670 ἀδελφῶν,

260 3712 328 3771 εἴτι
350 3715 382 3770 θν
404 3711 451 3770 καὶ
471 3713 563 3784 όθεδς
585 3714 746 3792 έπιχορηγεῖ
767 3721 820 3772 τῶν
843 3713 906 3794 ἔξω,
930 3713 978 3773 καί
1000 3717 1233 3793 συνεπαρηγόρουν
1255 3712 1301 3774 καὶ
1324 3714 1385 3785 τοὺς
1409 3710 1554 3793 ἀδελφούς,

260 3835 402 3904 κελλικιῖις
425 3834 466 3914 δέ,
496 3833 582 3894 ἴσασιν
610 3835 634 3895 οἱ
662 3837 788 3912 ἅπαντες,
816 3838 856 3894 ότι
883 3833 943 3894 οὔτε
971 3837 1046 3906 ἐντός
1074 3831 1149 3913 είχόν
1172 3857 1206 3915 τι,
1230 3834 1289 3894 οθτε
1314 3881 1483 3898 ......
1507 3835 1553 3894 καί

261 3954 383 4028 ἐξουσίαν
408 3951 491 4041 έξει[ς
515 4003 682 4018 ......
709 3955 747 4026 εἰς
770 3958 800 4015 τό
823 3959 989 4032 μιμήσασθαι
1014 3957 1046 4016 τά
1067 3956 1129 4036 περὶ
1153 3957 1219 4033 ἐμοῦ
1241 3961 1259 4032 ἢ
1283 3957 1401 4018 κάλλιον
1425 3959 1553 4037 ἐργασίαι

261 4077 430 4158 ἐργάζεσθαι,
459 4077 504 4139 εἰ.
524 4127 530 4139 .
549 4126 555 4139 .
574 4126 580 4139 .
599 4125 605 4137 .
624 4127 631 4140 .
649 4123 674 4158 .,
709 4081 747 4148 ὡς
780 4077 837 4156 ἐγὼ
871 4078 982 4155 διῆλθον
1012 4081 1120 4152 τοάτας.
1154 4079 1216 4160 περὶ
1247 4079 1277 4141 δέ
1306 4085 1353 4140 τοῦ
1386 4085 1478 4141 κοινοῦ
1507 4087 1554 4154 τῆς

261 4198 458 4279 ἀδελφότητος,
487 4201 526 4273 ὡς
547 4201 562 4260 ό
584 4201 678 4279 καιρός
705 4201 812 4261 ἀπαιτεῖ
837 4199 924 4278 καὶὴ
953 4203 1093 4277 σωματικὴ
1122 4201 1248 4262 ἀσθένεια
1274 4204 1420 4282 περιφέρει,
1446 4203 1553 4262 δεῖκαὶ

260 4319 393 4402 κυβερνᾶν
424 4325 471 4382 ἕνα
502 4325 615 4382 ἕκαστον
639 4323 668 4381 ἐν
690 4323 789 4405 πραείφι
820 4321 866 4383 καὶ
892 4323 987 4401 ἡσύχῳ
1020 4323 1159 4405 συμβουλῇ
1198 4323 1259 4395 τοὺς
1285 4324 1365 4396 όντας
1392 4324 1421 4383 ἐν
1448 4326 1552 4406 ῦπακοῄ

259 4439 306 4501 καὶ
337 4445 492 4526 σωφροσύνη
524 4443 571 4503 καὶ
601 4443 677 4523 φόβῳ
709 4446 771 4504 θεοῦ
802 4446 948 4522 διάγοντας
979 4445 1025 4504 καί
1056 4447 1241 4521 βουλομένους
1271 4449 1402 4526 σωθῆναι,
1431 4448 1494 4518 τοῦς
1522 4446 1552 4504 δέ

261 4563 381 4636 ἀπειθεῖς
407 4563 454 4624 καὶ
480 4565 674 4643 ἀντιλέγοντας
699 4564 746 4624 καὶ
773 4565 1005 4646 φωνοκρσὶζοντας,
1033 4567 1061 4626 οἳ
1085 4566 1132 4626 καί
1159 4568 1288 4647 λέγονται
1315 4571 1439 4648 κράκται,
1465 4569 1550 4644 διπλῷ

260 4685 300 4762 τῷ
329 4685 404 4763 θυμῷ
433 4687 623 4766 περιεχόμενοι
653 4685 690 4764 τῷ
720 4686 795 4758 ἐντός
824 4686 900 4766 θυμῷ
930 4686 976 4748 καὶ
1006 4686 1044 4767 τῷ
1068 4688 1160 4768 ἐκτός,
1194 4689 1257 4768 οίνιρ
1285 4689 1491 4766 δεδουλωμένοι
1512 4688 1550 4760 εἰς
