<?xml version="1.0" encoding="UTF-8"?>
<!DOCTYPE html PUBLIC "-//W3C//DTD XHTML 1.0 Transitional//EN"
    "http://www.w3.org/TR/xhtml1/DTD/xhtml1-transitional.dtd">
<html xmlns="http://www.w3.org/1999/xhtml" xml:lang="en" lang="en">
 <head>
  <title>
</title>
<meta http-equiv="Content-Type" content="text/html;charset=utf-8" />
  <meta name='ocr-system' content='tesseract 3.04.00' />
  <meta name='ocr-capabilities' content='ocr_page ocr_carea ocr_par ocr_line ocrx_word'/>
</head>
<body>
  <div class='ocr_page' id='page_1' title='image "./actaetdiplomata02miklgoog_0173.png"; bbox 0 0 3184 5288; ppageno 0'>
   <div class='ocr_carea' id='block_1_1' title="bbox 253 342 313 406">
    <p class='ocr_par' dir='ltr' id='par_1_1' title="bbox 253 342 313 406">
     <span class='ocr_line' id='line_1_1' title="bbox 253 342 313 406; baseline 0 0"><span class='ocrx_word' id='word_1_1' title='bbox 253 342 313 406; x_wconf 83' lang='lat'>158</span> 
     </span>
    </p>
   </div>
   <div class='ocr_carea' id='block_1_2' title="bbox 248 537 1547 1622">
    <p class='ocr_par' dir='ltr' id='par_1_2' title="bbox 249 537 1547 740">
     <span class='ocr_line' id='line_1_2' title="bbox 353 537 1546 616; baseline 0.002 -22"><span class='ocrx_word' id='word_1_2' title='bbox 353 537 373 612; x_wconf 87' lang='lat'>†</span> <span class='ocrx_word' id='word_1_3' title='bbox 397 537 664 616; x_wconf 86' lang='grc' dir='ltr'>Κωνσταντῐνος,</span> <span class='ocrx_word' id='word_1_4' title='bbox 689 538 798 616; x_wconf 77' lang='grc' dir='ltr'>ίερεῦς</span> <span class='ocrx_word' id='word_1_5' title='bbox 821 539 835 595; x_wconf 77' lang='grc' dir='ltr'>θ</span> <span class='ocrx_word' id='word_1_6' title='bbox 859 539 1066 616; x_wconf 73' lang='grc' dir='ltr'>Καρκντινῦς</span> <span class='ocrx_word' id='word_1_7' title='bbox 1089 537 1144 598; x_wconf 88' lang='grc' dir='ltr'>καὶ</span> <span class='ocrx_word' id='word_1_8' title='bbox 1172 540 1337 616; x_wconf 79' lang='grc' dir='ltr'>κληρικδς</span> <span class='ocrx_word' id='word_1_9' title='bbox 1364 545 1422 614; x_wconf 89' lang='grc' dir='ltr'>τής</span> <span class='ocrx_word' id='word_1_10' title='bbox 1445 540 1546 616; x_wconf 83' lang='grc' dir='ltr'>ἁγιω-</span> 
     </span>
     <span class='ocr_line' id='line_1_3' title="bbox 249 658 1547 740; baseline 0.002 -25"><span class='ocrx_word' id='word_1_11' title='bbox 249 658 350 730; x_wconf 89' lang='grc' dir='ltr'>τάτης</span> <span class='ocrx_word' id='word_1_12' title='bbox 366 658 606 736; x_wconf 76' lang='grc' dir='ltr'>μητροπόλεως</span> <span class='ocrx_word' id='word_1_13' title='bbox 622 658 786 737; x_wconf 89' lang='grc' dir='ltr'>Μιλήτου,</span> <span class='ocrx_word' id='word_1_14' title='bbox 802 659 846 728; x_wconf 83' lang='grc' dir='ltr'>ὡς</span> <span class='ocrx_word' id='word_1_15' title='bbox 860 659 895 718; x_wconf 79' lang='grc' dir='ltr'>τθ</span> <span class='ocrx_word' id='word_1_16' title='bbox 910 659 987 736; x_wconf 85' lang='grc' dir='ltr'>ῦρος</span> <span class='ocrx_word' id='word_1_17' title='bbox 1008 658 1116 738; x_wconf 87' lang='grc' dir='ltr'>δηλοῖ,</span> <span class='ocrx_word' id='word_1_18' title='bbox 1133 665 1305 740; x_wconf 85' lang='grc' dir='ltr'>μαρτυρῶν</span> <span class='ocrx_word' id='word_1_19' title='bbox 1321 659 1547 739; x_wconf 76' lang='grc' dir='ltr'>ὑπέγραψαή</span> 
     </span>
    </p>

    <p class='ocr_par' dir='ltr' id='par_1_3' title="bbox 248 778 1547 982">
     <span class='ocr_line' id='line_1_4' title="bbox 353 778 1546 862; baseline 0.002 -26"><span class='ocrx_word' id='word_1_20' title='bbox 353 779 373 854; x_wconf 86' lang='lat'>†</span> <span class='ocrx_word' id='word_1_21' title='bbox 399 779 659 858; x_wconf 84' lang='grc' dir='ltr'>Κωνσταντίνος,</span> <span class='ocrx_word' id='word_1_22' title='bbox 683 778 792 858; x_wconf 83' lang='grc' dir='ltr'>ίερεῦς</span> <span class='ocrx_word' id='word_1_23' title='bbox 808 781 822 838; x_wconf 77' lang='grc' dir='ltr'>ὁ</span> <span class='ocrx_word' id='word_1_24' title='bbox 841 780 1067 856; x_wconf 80' lang='grc' dir='ltr'>Ψομοζοῦλης</span> <span class='ocrx_word' id='word_1_25' title='bbox 1093 779 1149 840; x_wconf 88' lang='grc' dir='ltr'>καί</span> <span class='ocrx_word' id='word_1_26' title='bbox 1175 782 1340 862; x_wconf 79' lang='grc' dir='ltr'>κληρικῦς</span> <span class='ocrx_word' id='word_1_27' title='bbox 1362 786 1421 856; x_wconf 83' lang='grc' dir='ltr'>τῆς</span> <span class='ocrx_word' id='word_1_28' title='bbox 1445 782 1546 856; x_wconf 88' lang='grc' dir='ltr'>ἁγιω-</span> 
     </span>
     <span class='ocr_line' id='line_1_5' title="bbox 248 889 1547 982; baseline 0 -22"><span class='ocrx_word' id='word_1_29' title='bbox 248 889 605 980; x_wconf 86' lang='grc' dir='ltr'>τάτηςμητροπὸλεως</span> <span class='ocrx_word' id='word_1_30' title='bbox 622 901 787 978; x_wconf 88' lang='grc' dir='ltr'>Μιλήτου,</span> <span class='ocrx_word' id='word_1_31' title='bbox 801 903 843 972; x_wconf 87' lang='grc' dir='ltr'>ὡς</span> <span class='ocrx_word' id='word_1_32' title='bbox 858 903 893 961; x_wconf 78' lang='grc' dir='ltr'>τδ</span> <span class='ocrx_word' id='word_1_33' title='bbox 911 903 988 980; x_wconf 84' lang='grc' dir='ltr'>ὖρος</span> <span class='ocrx_word' id='word_1_34' title='bbox 1002 902 1115 975; x_wconf 85' lang='grc' dir='ltr'>δηλοῖ,</span> <span class='ocrx_word' id='word_1_35' title='bbox 1133 908 1306 982; x_wconf 84' lang='grc' dir='ltr'>μαρτυρῶν</span> <span class='ocrx_word' id='word_1_36' title='bbox 1326 902 1547 982; x_wconf 75' lang='grc' dir='ltr'>ὑπέγραψαή</span> 
     </span>
    </p>

    <p class='ocr_par' dir='ltr' id='par_1_4' title="bbox 248 1023 1546 1224">
     <span class='ocr_line' id='line_1_6' title="bbox 352 1023 1546 1106; baseline 0 -24"><span class='ocrx_word' id='word_1_37' title='bbox 352 1023 373 1100; x_wconf 76' lang='grc' dir='ltr'>ή</span> <span class='ocrx_word' id='word_1_38' title='bbox 397 1024 553 1098; x_wconf 85' lang='grc' dir='ltr'>Ἰωάννης</span> <span class='ocrx_word' id='word_1_39' title='bbox 568 1024 582 1082; x_wconf 85' lang='grc' dir='ltr'>ὁ</span> <span class='ocrx_word' id='word_1_40' title='bbox 599 1023 814 1098; x_wconf 81' lang='grc' dir='ltr'>Δεμονήτζης</span> <span class='ocrx_word' id='word_1_41' title='bbox 833 1026 971 1102; x_wconf 88' lang='grc' dir='ltr'>πάρειμι</span> <span class='ocrx_word' id='word_1_42' title='bbox 993 1024 1045 1082; x_wconf 88' lang='grc' dir='ltr'>ἐπι</span> <span class='ocrx_word' id='word_1_43' title='bbox 1064 1030 1102 1106; x_wconf 86' lang='grc' dir='ltr'>τῇ</span> <span class='ocrx_word' id='word_1_44' title='bbox 1124 1025 1273 1105; x_wconf 75' lang='grc' dir='ltr'>παρούσῃ</span> <span class='ocrx_word' id='word_1_45' title='bbox 1296 1026 1424 1103; x_wconf 87' lang='grc' dir='ltr'>πράσει,</span> <span class='ocrx_word' id='word_1_46' title='bbox 1448 1025 1492 1094; x_wconf 77' lang='grc' dir='ltr'>ὡς</span> <span class='ocrx_word' id='word_1_47' title='bbox 1515 1025 1546 1082; x_wconf 67' lang='grc' dir='ltr'>τε</span> 
     </span>
     <span class='ocr_line' id='line_1_7' title="bbox 248 1143 905 1224; baseline 0.005 -22"><span class='ocrx_word' id='word_1_48' title='bbox 248 1145 324 1223; x_wconf 81' lang='grc' dir='ltr'>ῦρος</span> <span class='ocrx_word' id='word_1_49' title='bbox 348 1143 456 1224; x_wconf 83' lang='grc' dir='ltr'>δηλοῖ,</span> <span class='ocrx_word' id='word_1_50' title='bbox 480 1151 653 1224; x_wconf 82' lang='grc' dir='ltr'>μαρτυρῶν</span> <span class='ocrx_word' id='word_1_51' title='bbox 676 1145 859 1224; x_wconf 83' lang='grc' dir='ltr'>ὑπέγραψα.</span> <span class='ocrx_word' id='word_1_52' title='bbox 884 1147 905 1223; x_wconf 79' lang='grc' dir='ltr'>ή</span> 
     </span>
    </p>

    <p class='ocr_par' dir='ltr' id='par_1_5' title="bbox 382 1282 1432 1362">
     <span class='ocr_line' id='line_1_8' title="bbox 382 1282 1432 1362; baseline 0 -20"><span class='ocrx_word' id='word_1_53' title='bbox 382 1284 480 1362; x_wconf 84' lang='grc' dir='ltr'>Σίγνον</span> <span class='ocrx_word' id='word_1_54' title='bbox 512 1283 648 1357; x_wconf 84' lang='grc' dir='ltr'>ΙΝικήτσι</span> <span class='ocrx_word' id='word_1_55' title='bbox 766 1282 862 1358; x_wconf 90' lang='grc' dir='ltr'>Σίγνον</span> <span class='ocrx_word' id='word_1_56' title='bbox 896 1283 1031 1356; x_wconf 78' lang='grc' dir='ltr'>ι’Νικήτα</span> <span class='ocrx_word' id='word_1_57' title='bbox 1148 1283 1245 1362; x_wconf 81' lang='grc' dir='ltr'>Σίγνον</span> <span class='ocrx_word' id='word_1_58' title='bbox 1289 1282 1432 1343; x_wconf 72' lang='grc' dir='ltr'>Νικολάου</span> 
     </span>
    </p>

    <p class='ocr_par' dir='ltr' id='par_1_6' title="bbox 367 1405 1396 1483">
     <span class='ocr_line' id='line_1_9' title="bbox 367 1405 1396 1483; baseline -0.001 -18"><span class='ocrx_word' id='word_1_59' title='bbox 367 1411 414 1465; x_wconf 89' lang='grc' dir='ltr'>τοῦ</span> <span class='ocrx_word' id='word_1_60' title='bbox 437 1407 514 1465; x_wconf 76' lang='grc' dir='ltr'>Κσ-Ι</span> <span class='ocrx_word' id='word_1_61' title='bbox 534 1405 660 1466; x_wconf 82' lang='grc' dir='ltr'>στσνίτου.</span> <span class='ocrx_word' id='word_1_62' title='bbox 745 1410 791 1464; x_wconf 88' lang='grc' dir='ltr'>τοῦ</span> <span class='ocrx_word' id='word_1_63' title='bbox 807 1407 897 1481; x_wconf 71' lang='grc' dir='ltr'>θίαν-ς</span> <span class='ocrx_word' id='word_1_64' title='bbox 931 1411 1028 1480; x_wconf 85' lang='grc' dir='ltr'>κουμᾶ.</span> <span class='ocrx_word' id='word_1_65' title='bbox 1136 1409 1182 1464; x_wconf 90' lang='grc' dir='ltr'>τοῦ</span> <span class='ocrx_word' id='word_1_66' title='bbox 1202 1407 1259 1464; x_wconf 91' lang='grc' dir='ltr'>Ζυ-</span> <span class='ocrx_word' id='word_1_67' title='bbox 1326 1406 1396 1483; x_wconf 74' lang='grc' dir='ltr'>γοθί</span> 
     </span>
    </p>

    <p class='ocr_par' dir='ltr' id='par_1_7' title="bbox 574 1543 1241 1622">
     <span class='ocr_line' id='line_1_10' title="bbox 574 1543 1241 1622; baseline -0.003 -21"><span class='ocrx_word' id='word_1_68' title='bbox 574 1543 670 1620; x_wconf 80' lang='grc' dir='ltr'>Σίγνον</span> <span class='ocrx_word' id='word_1_69' title='bbox 727 1545 848 1620; x_wconf 79' lang='grc' dir='ltr'>Μιχαήλ</span> <span class='ocrx_word' id='word_1_70' title='bbox 958 1543 1053 1620; x_wconf 84' lang='grc' dir='ltr'>Σίγνον</span> <span class='ocrx_word' id='word_1_71' title='bbox 1087 1543 1241 1622; x_wconf 85' lang='grc' dir='ltr'>ίΓεωργίου</span> 
     </span>
    </p>
   </div>
   <div class='ocr_carea' id='block_1_3' title="bbox 546 1633 682 1641">
    <p class='ocr_par' dir='ltr' id='par_1_8' title="bbox 546 1633 682 1641">
     <span class='ocr_line' id='line_1_11' title="bbox 546 1633 682 1641; baseline -0.015 0"><span class='ocrx_word' id='word_1_72' title='bbox 546 1633 682 1641; x_wconf 80' lang='lat'>-——--—</span> 
     </span>
    </p>
   </div>
   <div class='ocr_carea' id='block_1_4' title="bbox 551 1640 1243 1748">
    <p class='ocr_par' dir='ltr' id='par_1_9' title="bbox 551 1640 1243 1748">
     <span class='ocr_line' id='line_1_12' title="bbox 551 1640 1243 1748; baseline 0.001 -23"><span class='ocrx_word' id='word_1_73' title='bbox 551 1671 597 1726; x_wconf 87' lang='grc' dir='ltr'>τοῦ</span> <span class='ocrx_word' id='word_1_74' title='bbox 619 1666 698 1724; x_wconf 88' lang='grc' dir='ltr'>Βαλ-</span> <span class='ocrx_word' id='word_1_75' title='bbox 737 1671 841 1740; x_wconf 82' lang='grc' dir='ltr'>σαμῶν.</span> <span class='ocrx_word' id='word_1_76' title='bbox 939 1671 984 1725; x_wconf 86' lang='grc' dir='ltr'>τοῦ</span> <span class='ocrx_word' id='word_1_77' title='bbox 999 1667 1075 1725; x_wconf 86' lang='grc' dir='ltr'>Κου-</span> <span class='ocrx_word' id='word_1_78' title='bbox 1088 1640 1090 1748; x_wconf 72' lang='grc' dir='ltr'>ί</span> <span class='ocrx_word' id='word_1_79' title='bbox 1101 1667 1243 1740; x_wconf 85' lang='grc' dir='ltr'>τζουνάδη.</span> 
     </span>
    </p>
   </div>
   <div class='ocr_carea' id='block_1_5' title="bbox 246 1820 1551 2685">
    <p class='ocr_par' dir='ltr' id='par_1_10' title="bbox 246 1820 1550 2148">
     <span class='ocr_line' id='line_1_13' title="bbox 351 1820 1548 1902; baseline -0.003 -21"><span class='ocrx_word' id='word_1_80' title='bbox 351 1824 372 1901; x_wconf 85' lang='lat'>†</span> <span class='ocrx_word' id='word_1_81' title='bbox 395 1823 661 1902; x_wconf 85' lang='grc' dir='ltr'>Κωνστοιντῑνσς,</span> <span class='ocrx_word' id='word_1_82' title='bbox 682 1821 791 1901; x_wconf 80' lang='grc' dir='ltr'>ἱερεὺς</span> <span class='ocrx_word' id='word_1_83' title='bbox 811 1822 825 1880; x_wconf 78' lang='grc' dir='ltr'>ὁ</span> <span class='ocrx_word' id='word_1_84' title='bbox 842 1821 1086 1902; x_wconf 87' lang='grc' dir='ltr'>Μυρσινιώτης,</span> <span class='ocrx_word' id='word_1_85' title='bbox 1104 1823 1242 1897; x_wconf 81' lang='grc' dir='ltr'>νομικδς</span> <span class='ocrx_word' id='word_1_86' title='bbox 1264 1820 1321 1881; x_wconf 84' lang='grc' dir='ltr'>καὶ</span> <span class='ocrx_word' id='word_1_87' title='bbox 1344 1821 1548 1900; x_wconf 74' lang='grc' dir='ltr'>δευτερεύων</span> 
     </span>
     <span class='ocr_line' id='line_1_14' title="bbox 246 1941 1550 2024; baseline -0.003 -20"><span class='ocrx_word' id='word_1_88' title='bbox 246 1950 305 2020; x_wconf 80' lang='grc' dir='ltr'>τῆς</span> <span class='ocrx_word' id='word_1_89' title='bbox 328 1947 516 2024; x_wconf 81' lang='grc' dir='ltr'>ἁγιωτάτης</span> <span class='ocrx_word' id='word_1_90' title='bbox 540 1943 782 2024; x_wconf 73' lang='grc' dir='ltr'>μητροπόλεως</span> <span class='ocrx_word' id='word_1_91' title='bbox 803 1943 965 2024; x_wconf 84' lang='grc' dir='ltr'>Μιλήτου,</span> <span class='ocrx_word' id='word_1_92' title='bbox 981 1947 1035 2003; x_wconf 89' lang='grc' dir='ltr'>τοῦ</span> <span class='ocrx_word' id='word_1_93' title='bbox 1058 1947 1199 2023; x_wconf 85' lang='grc' dir='ltr'>κάστρου</span> <span class='ocrx_word' id='word_1_94' title='bbox 1224 1944 1415 2023; x_wconf 85' lang='grc' dir='ltr'>Παλατίων,</span> <span class='ocrx_word' id='word_1_95' title='bbox 1438 1941 1550 2024; x_wconf 68' lang='grc' dir='ltr'>οἰκείᾳ</span> 
     </span>
     <span class='ocr_line' id='line_1_15' title="bbox 246 2065 823 2148; baseline -0.009 -20"><span class='ocrx_word' id='word_1_96' title='bbox 246 2067 336 2148; x_wconf 82' lang='grc' dir='ltr'>χειρί</span> <span class='ocrx_word' id='word_1_97' title='bbox 361 2069 490 2148; x_wconf 84' lang='grc' dir='ltr'>ἔγραψα</span> <span class='ocrx_word' id='word_1_98' title='bbox 512 2065 569 2126; x_wconf 85' lang='grc' dir='ltr'>καὶ</span> <span class='ocrx_word' id='word_1_99' title='bbox 592 2067 778 2146; x_wconf 75' lang='grc' dir='ltr'>ὑπέγραψα.</span> <span class='ocrx_word' id='word_1_100' title='bbox 803 2067 823 2144; x_wconf 79' lang='grc' dir='ltr'>ή</span> 
     </span>
    </p>

    <p class='ocr_par' dir='ltr' id='par_1_11' title="bbox 246 2193 1551 2685">
     <span class='ocr_line' id='line_1_16' title="bbox 351 2193 1550 2266; baseline -0.007 -17"><span class='ocrx_word' id='word_1_101' title='bbox 351 2196 494 2266; x_wconf 76' lang='lat' dir='ltr'><strong><em>Archetyp.</em></strong></span> <span class='ocrx_word' id='word_1_102' title='bbox 516 2194 623 2247; x_wconf 80' lang='lat' dir='ltr'><strong><em>membr.</em></strong></span> <span class='ocrx_word' id='word_1_103' title='bbox 646 2193 720 2248; x_wconf 76' lang='lat' dir='ltr'><em>Flor.</em></span> <span class='ocrx_word' id='word_1_104' title='bbox 741 2211 790 2246; x_wconf 83' lang='lat' dir='ltr'>nro</span> <span class='ocrx_word' id='word_1_105' title='bbox 815 2196 864 2247; x_wconf 83' lang='lat'>98.</span> <span class='ocrx_word' id='word_1_106' title='bbox 889 2194 965 2247; x_wconf 84' lang='lat' dir='ltr'><strong><em>Haec</em></strong></span> <span class='ocrx_word' id='word_1_107' title='bbox 988 2193 1082 2247; x_wconf 78' lang='lat' dir='ltr'><em>tabula</em></span> <span class='ocrx_word' id='word_1_108' title='bbox 1105 2200 1130 2247; x_wconf 75' lang='lat' dir='ltr'>et</span> <span class='ocrx_word' id='word_1_109' title='bbox 1152 2195 1225 2247; x_wconf 78' lang='lat' dir='ltr'><em>aliae</em></span> <span class='ocrx_word' id='word_1_110' title='bbox 1249 2200 1302 2248; x_wconf 64' lang='lat' dir='ltr'>tres</span> <span class='ocrx_word' id='word_1_111' title='bbox 1325 2193 1414 2246; x_wconf 77' lang='lat' dir='ltr'><em>eodem</em></span> <span class='ocrx_word' id='word_1_112' title='bbox 1436 2209 1550 2246; x_wconf 77' lang='lat' dir='ltr'><em>numero</em></span> 
     </span>
     <span class='ocr_line' id='line_1_17' title="bbox 246 2287 1550 2371; baseline -0.005 -18"><span class='ocrx_word' id='word_1_113' title='bbox 246 2301 371 2371; x_wconf 77' lang='grc' dir='ltr'>είρηαιαε</span> <span class='ocrx_word' id='word_1_114' title='bbox 398 2318 416 2352; x_wconf 91' lang='grc' dir='ltr'>α</span> <span class='ocrx_word' id='word_1_115' title='bbox 443 2305 516 2370; x_wconf 73' lang='lat' dir='ltr'><strong><em>teryo</em></strong></span> <span class='ocrx_word' id='word_1_116' title='bbox 543 2297 716 2366; x_wconf 78' lang='lat' dir='ltr'><em>confirmatae</em></span> <span class='ocrx_word' id='word_1_117' title='bbox 737 2303 801 2350; x_wconf 74' lang='lat' dir='ltr'>sunt</span> <span class='ocrx_word' id='word_1_118' title='bbox 827 2297 867 2350; x_wconf 79' lang='lat' dir='ltr'>his</span> <span class='ocrx_word' id='word_1_119' title='bbox 890 2299 995 2350; x_wconf 73' lang='lat' dir='ltr'><em>verbis:</em></span> <span class='ocrx_word' id='word_1_120' title='bbox 1029 2291 1049 2369; x_wconf 85' lang='lat'>†</span> <span class='ocrx_word' id='word_1_121' title='bbox 1077 2293 1116 2350; x_wconf 79' lang='grc' dir='ltr'>Το</span> <span class='ocrx_word' id='word_1_122' title='bbox 1144 2292 1229 2370; x_wconf 74' lang='grc' dir='ltr'>παρδν</span> <span class='ocrx_word' id='word_1_123' title='bbox 1260 2293 1410 2368; x_wconf 89' lang='grc' dir='ltr'>πρατήριον</span> <span class='ocrx_word' id='word_1_124' title='bbox 1443 2292 1474 2349; x_wconf 80' lang='grc' dir='ltr'>τ“ο</span> <span class='ocrx_word' id='word_1_125' title='bbox 1503 2287 1550 2348; x_wconf 75' lang='grc' dir='ltr'>καί</span> 
     </span>
     <span class='ocr_line' id='line_1_18' title="bbox 248 2390 1551 2492; baseline -0.004 -36"><span class='ocrx_word' id='word_1_126' title='bbox 248 2397 433 2475; x_wconf 82' lang='grc' dir='ltr'>ἐμρανιοθέντι</span> <span class='ocrx_word' id='word_1_127' title='bbox 450 2400 511 2468; x_wconf 74' lang='lat' dir='ltr'><em>(sic)</em></span> <span class='ocrx_word' id='word_1_128' title='bbox 528 2415 574 2470; x_wconf 86' lang='grc' dir='ltr'>μοι</span> <span class='ocrx_word' id='word_1_129' title='bbox 588 2395 663 2473; x_wconf 79' lang='grc' dir='ltr'>παρὰ</span> <span class='ocrx_word' id='word_1_130' title='bbox 682 2399 728 2453; x_wconf 83' lang='grc' dir='ltr'>τοῦ</span> <span class='ocrx_word' id='word_1_131' title='bbox 751 2390 1024 2473; x_wconf 82' lang='grc' dir='ltr'>μεγαλενδοξοτοίτου</span> <span class='ocrx_word' id='word_1_132' title='bbox 1046 2393 1290 2492; x_wconf 67' lang='grc' dir='ltr'>πρωτοβξστιαρίσυ</span> <span class='ocrx_word' id='word_1_133' title='bbox 1313 2399 1394 2472; x_wconf 86' lang='grc' dir='ltr'>κυρσῦ</span> <span class='ocrx_word' id='word_1_134' title='bbox 1410 2393 1551 2472; x_wconf 84' lang='grc' dir='ltr'>Γεωργίον</span> 
     </span>
     <span class='ocr_line' id='line_1_19' title="bbox 248 2496 1551 2579; baseline -0.002 -20"><span class='ocrx_word' id='word_1_135' title='bbox 248 2501 293 2560; x_wconf 78' lang='grc' dir='ltr'>διὰ</span> <span class='ocrx_word' id='word_1_136' title='bbox 322 2502 352 2560; x_wconf 79' lang='grc' dir='ltr'>τ“ο</span> <span class='ocrx_word' id='word_1_137' title='bbox 380 2499 493 2574; x_wconf 83' lang='grc' dir='ltr'>βέβαιον</span> <span class='ocrx_word' id='word_1_138' title='bbox 521 2499 660 2579; x_wconf 71' lang='grc' dir='ltr'>ἐπεγράφη</span> <span class='ocrx_word' id='word_1_139' title='bbox 688 2497 734 2557; x_wconf 84' lang='grc' dir='ltr'>καί</span> <span class='ocrx_word' id='word_1_140' title='bbox 761 2497 875 2576; x_wconf 79' lang='grc' dir='ltr'>παρείθη</span> <span class='ocrx_word' id='word_1_141' title='bbox 905 2496 944 2568; x_wconf 87' lang='grc' dir='ltr'>είς</span> <span class='ocrx_word' id='word_1_142' title='bbox 972 2497 1135 2577; x_wconf 85' lang='grc' dir='ltr'>ἀσραλείαν·</span> <span class='ocrx_word' id='word_1_143' title='bbox 1166 2496 1230 2574; x_wconf 82' lang='grc' dir='ltr'>μηνὶ</span> <span class='ocrx_word' id='word_1_144' title='bbox 1253 2497 1300 2558; x_wconf 89' lang='grc' dir='ltr'>καί</span> <span class='ocrx_word' id='word_1_145' title='bbox 1323 2496 1470 2558; x_wconf 84' lang='grc' dir='ltr'>ίνδικτιῶνι</span> <span class='ocrx_word' id='word_1_146' title='bbox 1494 2503 1551 2568; x_wconf 81' lang='grc' dir='ltr'>τοῖς</span> 
     </span>
     <span class='ocr_line' id='line_1_20' title="bbox 246 2601 1550 2685; baseline -0.003 -20"><span class='ocrx_word' id='word_1_147' title='bbox 246 2605 511 2685; x_wconf 75' lang='grc' dir='ltr'>προγεγραμμένοις.</span> <span class='ocrx_word' id='word_1_148' title='bbox 536 2604 556 2682; x_wconf 91' lang='lat'><strong>†</strong></span> <span class='ocrx_word' id='word_1_149' title='bbox 587 2606 608 2683; x_wconf 83' lang='lat'>†</span> <span class='ocrx_word' id='word_1_150' title='bbox 632 2603 666 2661; x_wconf 82' lang='grc' dir='ltr'>Ὀ</span> <span class='ocrx_word' id='word_1_151' title='bbox 690 2603 845 2674; x_wconf 66' lang='grc' dir='ltr'>ταπεινὸς</span> <span class='ocrx_word' id='word_1_152' title='bbox 874 2601 1123 2682; x_wconf 86' lang='grc' dir='ltr'>μητροπολίτην</span> <span class='ocrx_word' id='word_1_153' title='bbox 1152 2601 1305 2676; x_wconf 89' lang='grc' dir='ltr'>Μιλήτου</span> <span class='ocrx_word' id='word_1_154' title='bbox 1328 2601 1505 2676; x_wconf 90' lang='grc' dir='ltr'>Μανουήλ.</span> <span class='ocrx_word' id='word_1_155' title='bbox 1530 2601 1550 2678; x_wconf 85' lang='lat'>†</span> 
     </span>
    </p>
   </div>
   <div class='ocr_carea' id='block_1_6' title="bbox 458 2894 1332 2978">
    <p class='ocr_par' dir='ltr' id='par_1_12' title="bbox 458 2894 1332 2978">
     <span class='ocr_line' id='line_1_21' title="bbox 458 2894 1332 2978; baseline 0 -18"><span class='ocrx_word' id='word_1_156' title='bbox 458 2895 612 2960; x_wconf 88' lang='lat' dir='ltr'>XLVIII.</span> <span class='ocrx_word' id='word_1_157' title='bbox 637 2894 862 2978; x_wconf 76' lang='lat'><strong>6721-1213,</strong></span> <span class='ocrx_word' id='word_1_158' title='bbox 887 2917 996 2960; x_wconf 82' lang='lat' dir='ltr'><strong>mense</strong></span> <span class='ocrx_word' id='word_1_159' title='bbox 1019 2894 1192 2978; x_wconf 81' lang='lat' dir='ltr'>februario,</span> <span class='ocrx_word' id='word_1_160' title='bbox 1215 2895 1281 2960; x_wconf 88' lang='lat' dir='ltr'><strong>ind.</strong></span> <span class='ocrx_word' id='word_1_161' title='bbox 1305 2897 1332 2960; x_wconf 91' lang='lat' dir='ltr'>I.</span> 
     </span>
    </p>
   </div>
   <div class='ocr_carea' id='block_1_7' title="bbox 246 3025 1549 3201">
    <p class='ocr_par' dir='ltr' id='par_1_13' title="bbox 246 3025 1549 3201">
     <span class='ocr_line' id='line_1_22' title="bbox 246 3025 1549 3096; baseline -0.004 -13"><span class='ocrx_word' id='word_1_162' title='bbox 246 3031 321 3083; x_wconf 82' lang='lat' dir='ltr'><em>Leon</em></span> <span class='ocrx_word' id='word_1_163' title='bbox 343 3027 490 3082; x_wconf 75' lang='grc' dir='ltr'>Μαντιίαὶω</span> <span class='ocrx_word' id='word_1_164' title='bbox 517 3034 542 3080; x_wconf 78' lang='grc' dir='ltr'>εί</span> <span class='ocrx_word' id='word_1_165' title='bbox 568 3028 625 3080; x_wconf 73' lang='lat' dir='ltr'>eius</span> <span class='ocrx_word' id='word_1_166' title='bbox 646 3026 761 3094; x_wconf 78' lang='lat' dir='ltr'><em>familia</em></span> <span class='ocrx_word' id='word_1_167' title='bbox 783 3027 993 3096; x_wconf 72' lang='lat' dir='ltr'><em>protovestiart&#39;o</em></span> <span class='ocrx_word' id='word_1_168' title='bbox 1019 3025 1134 3096; x_wconf 66' lang='lat' dir='ltr'><em>Georyio</em></span> <span class='ocrx_word' id='word_1_169' title='bbox 1163 3025 1294 3081; x_wconf 70' lang='lat' dir='ltr'><strong><em>Eunucho</em></strong></span> <span class='ocrx_word' id='word_1_170' title='bbox 1317 3027 1436 3080; x_wconf 79' lang='lat' dir='ltr'><strong><em>vendunt</em></strong></span> <span class='ocrx_word' id='word_1_171' title='bbox 1466 3045 1549 3096; x_wconf 70' lang='grc' dir='ltr'>αριστ</span> 
     </span>
     <span class='ocr_line' id='line_1_23' title="bbox 707 3129 1081 3201; baseline 0 -19"><span class='ocrx_word' id='word_1_172' title='bbox 707 3131 735 3182; x_wconf 77' lang='lat' dir='ltr'>in</span> <span class='ocrx_word' id='word_1_173' title='bbox 757 3129 863 3201; x_wconf 73' lang='lat' dir='ltr'><em>reqionc</em></span> <span class='ocrx_word' id='word_1_174' title='bbox 890 3129 1081 3200; x_wconf 76' lang='grc' dir='ltr'>Τνομίρανιιπι.</span> 
     </span>
    </p>
   </div>
   <div class='ocr_carea' id='block_1_8' title="bbox 366 3279 1460 3365">
    <p class='ocr_par' dir='ltr' id='par_1_14' title="bbox 366 3279 1460 3365">
     <span class='ocr_line' id='line_1_24' title="bbox 366 3279 1460 3365; baseline -0.003 -25"><span class='ocrx_word' id='word_1_175' title='bbox 366 3282 468 3359; x_wconf 47' lang='grc' dir='ltr'>’Σίγνσν</span> <span class='ocrx_word' id='word_1_176' title='bbox 502 3279 644 3352; x_wconf 78' lang='grc' dir='ltr'>ίΛέοντος</span> <span class='ocrx_word' id='word_1_177' title='bbox 762 3281 858 3358; x_wconf 88' lang='grc' dir='ltr'>Σίγνον</span> <span class='ocrx_word' id='word_1_178' title='bbox 906 3281 1055 3361; x_wconf 84' lang='grc' dir='ltr'>ΙἈγοίθης</span> <span class='ocrx_word' id='word_1_179' title='bbox 1152 3281 1250 3356; x_wconf 77' lang='grc' dir='ltr'>Σίγνιον</span> <span class='ocrx_word' id='word_1_180' title='bbox 1283 3279 1399 3365; x_wconf 68' lang='grc' dir='ltr'>ίΝικήτα</span> <span class='ocrx_word' id='word_1_181' title='bbox 1411 3283 1460 3339; x_wconf 87' lang='grc' dir='ltr'>τοῦ</span> 
     </span>
    </p>
   </div>
   <div class='ocr_carea' id='block_1_9' title="bbox 349 3372 1424 3482">
    <p class='ocr_par' dir='ltr' id='par_1_15' title="bbox 349 3372 1424 3482">
     <span class='ocr_line' id='line_1_25' title="bbox 349 3372 1424 3482; baseline -0.002 -19"><span class='ocrx_word' id='word_1_182' title='bbox 349 3409 395 3464; x_wconf 92' lang='grc' dir='ltr'>τοῦ</span> <span class='ocrx_word' id='word_1_183' title='bbox 411 3388 504 3463; x_wconf 91' lang='grc' dir='ltr'>Μαν-Ι</span> <span class='ocrx_word' id='word_1_184' title='bbox 546 3403 627 3476; x_wconf 87' lang='grc' dir='ltr'>δάλη.</span> <span class='ocrx_word' id='word_1_185' title='bbox 722 3409 771 3478; x_wconf 80' lang='grc' dir='ltr'>τῆς</span> <span class='ocrx_word' id='word_1_186' title='bbox 791 3403 909 3482; x_wconf 75' lang='grc' dir='ltr'>συμβίου,</span> <span class='ocrx_word' id='word_1_187' title='bbox 948 3404 1035 3461; x_wconf 74' lang='grc' dir='ltr'>αὐτοῦ.</span> <span class='ocrx_word' id='word_1_188' title='bbox 1172 3401 1229 3461; x_wconf 87' lang='grc' dir='ltr'>υίοῦ</span> <span class='ocrx_word' id='word_1_189' title='bbox 1284 3372 1286 3478; x_wconf 75' lang='grc' dir='ltr'>ί</span> <span class='ocrx_word' id='word_1_190' title='bbox 1326 3401 1424 3461; x_wconf 74' lang='grc' dir='ltr'>αὐτῶν.</span> 
     </span>
    </p>
   </div>
   <div class='ocr_carea' id='block_1_10' title="bbox 415 3539 1319 3629">
    <p class='ocr_par' dir='ltr' id='par_1_16' title="bbox 415 3539 1319 3629">
     <span class='ocr_line' id='line_1_26' title="bbox 415 3539 1319 3629; baseline -0.002 -27"><span class='ocrx_word' id='word_1_191' title='bbox 415 3543 512 3621; x_wconf 90' lang='grc' dir='ltr'>Σίγνον</span> <span class='ocrx_word' id='word_1_192' title='bbox 562 3541 697 3621; x_wconf 85' lang='grc' dir='ltr'>Γεωργίου</span> <span class='ocrx_word' id='word_1_193' title='bbox 717 3545 763 3601; x_wconf 88' lang='grc' dir='ltr'>τοῦ</span> <span class='ocrx_word' id='word_1_194' title='bbox 779 3541 855 3621; x_wconf 87' lang='grc' dir='ltr'>Χρυ-</span> <span class='ocrx_word' id='word_1_195' title='bbox 951 3539 1086 3629; x_wconf 68' lang='grc' dir='ltr'>Σίγνονί</span> <span class='ocrx_word' id='word_1_196' title='bbox 1176 3539 1319 3600; x_wconf 77' lang='grc' dir='ltr'>Νικολάου</span> 
     </span>
    </p>
   </div>
   <div class='ocr_carea' id='block_1_11' title="bbox 528 3667 614 3682">
    <p class='ocr_par' dir='ltr' id='par_1_17' title="bbox 528 3667 614 3682">
     <span class='ocr_line' id='line_1_27' title="bbox 528 3667 614 3682; baseline 0 0"><span class='ocrx_word' id='word_1_197' title='bbox 528 3669 539 3682; x_wconf 69' lang='grc' dir='ltr'>αΙ</span> <span class='ocrx_word' id='word_1_198' title='bbox 609 3667 614 3682; x_wconf 78' lang='grc' dir='ltr'><strong><em>Ι</em></strong></span> 
     </span>
    </p>
   </div>
   <div class='ocr_carea' id='block_1_12' title="bbox 387 3632 1375 3746">
    <p class='ocr_par' dir='ltr' id='par_1_18' title="bbox 387 3632 1375 3746">
     <span class='ocr_line' id='line_1_28' title="bbox 387 3632 1375 3746; baseline -0.002 -22"><span class='ocrx_word' id='word_1_199' title='bbox 387 3666 470 3743; x_wconf 81' lang='grc' dir='ltr'>σάρον</span> <span class='ocrx_word' id='word_1_200' title='bbox 496 3682 549 3744; x_wconf 71' lang='grc' dir='ltr'>τουγ</span> <span class='ocrx_word' id='word_1_201' title='bbox 572 3665 664 3743; x_wconf 82' lang='grc' dir='ltr'>ἑτερου</span> <span class='ocrx_word' id='word_1_202' title='bbox 681 3664 737 3724; x_wconf 85' lang='grc' dir='ltr'>υἱοῦ</span> <span class='ocrx_word' id='word_1_203' title='bbox 754 3665 850 3724; x_wconf 69' lang='grc' dir='ltr'>αὐτῶν.</span> <span class='ocrx_word' id='word_1_204' title='bbox 941 3667 986 3721; x_wconf 85' lang='grc' dir='ltr'>τοῦ</span> <span class='ocrx_word' id='word_1_205' title='bbox 1009 3664 1060 3722; x_wconf 80' lang='grc' dir='ltr'>αὐ·</span> <span class='ocrx_word' id='word_1_206' title='bbox 1083 3632 1087 3746; x_wconf 79' lang='grc' dir='ltr'>ί</span> <span class='ocrx_word' id='word_1_207' title='bbox 1118 3662 1256 3742; x_wconf 82' lang='grc' dir='ltr'>ταδέλρου</span> <span class='ocrx_word' id='word_1_208' title='bbox 1279 3664 1375 3724; x_wconf 84' lang='grc' dir='ltr'>αῦτῶν.</span> 
     </span>
    </p>
   </div>
   <div class='ocr_carea' id='block_1_13' title="bbox 247 3816 1551 4626">
    <p class='ocr_par' dir='ltr' id='par_1_19' title="bbox 247 3816 1551 4626">
     <span class='ocr_line' id='line_1_29' title="bbox 350 3816 1548 3897; baseline -0.003 -18"><span class='ocrx_word' id='word_1_209' title='bbox 350 3821 371 3896; x_wconf 89' lang='lat'>†</span> <span class='ocrx_word' id='word_1_210' title='bbox 396 3820 442 3879; x_wconf 82' lang='lat' dir='ltr'>&#39;Ev</span> <span class='ocrx_word' id='word_1_211' title='bbox 466 3819 577 3895; x_wconf 70' lang='grc' dir='ltr'>ὀνόματι</span> <span class='ocrx_word' id='word_1_212' title='bbox 598 3825 645 3880; x_wconf 90' lang='grc' dir='ltr'>τοῦ</span> <span class='ocrx_word' id='word_1_213' title='bbox 666 3822 768 3897; x_wconf 65' lang='grc' dir='ltr'>πατρὸς</span> <span class='ocrx_word' id='word_1_214' title='bbox 794 3818 841 3878; x_wconf 86' lang='grc' dir='ltr'>καὶ</span> <span class='ocrx_word' id='word_1_215' title='bbox 863 3821 909 3877; x_wconf 86' lang='grc' dir='ltr'>τοῦ</span> <span class='ocrx_word' id='word_1_216' title='bbox 932 3817 987 3877; x_wconf 81' lang='grc' dir='ltr'>υίοῦ</span> <span class='ocrx_word' id='word_1_217' title='bbox 1010 3816 1056 3877; x_wconf 88' lang='grc' dir='ltr'>καί</span> <span class='ocrx_word' id='word_1_218' title='bbox 1079 3823 1125 3878; x_wconf 87' lang='grc' dir='ltr'>τοῦ</span> <span class='ocrx_word' id='word_1_219' title='bbox 1148 3819 1226 3896; x_wconf 85' lang='grc' dir='ltr'>ἁγίου</span> <span class='ocrx_word' id='word_1_220' title='bbox 1248 3820 1403 3894; x_wconf 81' lang='grc' dir='ltr'>πνεύματος</span> <span class='ocrx_word' id='word_1_221' title='bbox 1425 3817 1476 3878; x_wconf 84' lang='grc' dir='ltr'>καί</span> <span class='ocrx_word' id='word_1_222' title='bbox 1500 3825 1548 3892; x_wconf 76' lang='grc' dir='ltr'>τῆς</span> 
     </span>
     <span class='ocr_line' id='line_1_30' title="bbox 247 3937 1549 4020; baseline 0 -20"><span class='ocrx_word' id='word_1_223' title='bbox 247 3941 345 4019; x_wconf 86' lang='grc' dir='ltr'>κυρίως</span> <span class='ocrx_word' id='word_1_224' title='bbox 361 3938 408 4000; x_wconf 83' lang='grc' dir='ltr'>καί</span> <span class='ocrx_word' id='word_1_225' title='bbox 423 3940 535 4016; x_wconf 84' lang='grc' dir='ltr'>ἀληθῶς</span> <span class='ocrx_word' id='word_1_226' title='bbox 551 3939 730 4020; x_wconf 78' lang='grc' dir='ltr'>ιἰπερενδέξου</span> <span class='ocrx_word' id='word_1_227' title='bbox 751 3939 894 4015; x_wconf 81' lang='grc' dir='ltr'>δεσποίνης</span> <span class='ocrx_word' id='word_1_228' title='bbox 909 3940 987 4014; x_wconf 82' lang='grc' dir='ltr'>ήμῶν</span> <span class='ocrx_word' id='word_1_229' title='bbox 1010 3940 1138 4000; x_wconf 83' lang='grc' dir='ltr'>θεοτέκου</span> <span class='ocrx_word' id='word_1_230' title='bbox 1161 3937 1207 3999; x_wconf 87' lang='grc' dir='ltr'>καὶ</span> <span class='ocrx_word' id='word_1_231' title='bbox 1230 3941 1408 4018; x_wconf 82' lang='grc' dir='ltr'>θειπαρθένου</span> <span class='ocrx_word' id='word_1_232' title='bbox 1425 3941 1549 4020; x_wconf 81' lang='grc' dir='ltr'>Μαρίας.</span> 
     </span>
     <span class='ocr_line' id='line_1_31' title="bbox 248 4059 1551 4139; baseline 0.001 -19"><span class='ocrx_word' id='word_1_233' title='bbox 248 4062 328 4121; x_wconf 82' lang='grc' dir='ltr'>Λέων</span> <span class='ocrx_word' id='word_1_234' title='bbox 350 4062 365 4119; x_wconf 80' lang='grc' dir='ltr'>ὁ</span> <span class='ocrx_word' id='word_1_235' title='bbox 388 4060 444 4134; x_wconf 79' lang='grc' dir='ltr'>υίος</span> <span class='ocrx_word' id='word_1_236' title='bbox 466 4061 570 4122; x_wconf 82' lang='grc' dir='ltr'>ἐκείνου</span> <span class='ocrx_word' id='word_1_237' title='bbox 592 4067 638 4123; x_wconf 83' lang='grc' dir='ltr'>τοῦ</span> <span class='ocrx_word' id='word_1_238' title='bbox 661 4060 882 4135; x_wconf 68' lang='grc' dir='ltr'>ἀποβεθιωνάτος</span> <span class='ocrx_word' id='word_1_239' title='bbox 910 4060 1055 4120; x_wconf 89' lang='grc' dir='ltr'>Βασιλείου</span> <span class='ocrx_word' id='word_1_240' title='bbox 1082 4065 1128 4120; x_wconf 87' lang='grc' dir='ltr'>τοῦ</span> <span class='ocrx_word' id='word_1_241' title='bbox 1153 4061 1294 4136; x_wconf 79' lang='grc' dir='ltr'>Μανδάλη</span> <span class='ocrx_word' id='word_1_242' title='bbox 1319 4063 1377 4136; x_wconf 80' lang='grc' dir='ltr'>ἅμα</span> <span class='ocrx_word' id='word_1_243' title='bbox 1398 4059 1438 4139; x_wconf 78' lang='grc' dir='ltr'>τῷ</span> <span class='ocrx_word' id='word_1_244' title='bbox 1463 4063 1551 4121; x_wconf 81' lang='grc' dir='ltr'>αῦτα-</span> 
     </span>
     <span class='ocr_line' id='line_1_32' title="bbox 248 4179 1550 4266; baseline -0.001 -25"><span class='ocrx_word' id='word_1_245' title='bbox 248 4181 342 4261; x_wconf 83' lang='grc' dir='ltr'>δέλρῳ</span> <span class='ocrx_word' id='word_1_246' title='bbox 357 4202 410 4258; x_wconf 78' lang='grc' dir='ltr'>μου</span> <span class='ocrx_word' id='word_1_247' title='bbox 429 4182 562 4264; x_wconf 81' lang='grc' dir='ltr'>Νικολάῳ</span> <span class='ocrx_word' id='word_1_248' title='bbox 585 4183 632 4244; x_wconf 85' lang='grc' dir='ltr'>καί</span> <span class='ocrx_word' id='word_1_249' title='bbox 654 4191 686 4266; x_wconf 73' lang='grc' dir='ltr'>τῇ</span> <span class='ocrx_word' id='word_1_250' title='bbox 710 4182 815 4260; x_wconf 85' lang='grc' dir='ltr'>συμβίῳ</span> <span class='ocrx_word' id='word_1_251' title='bbox 839 4203 890 4257; x_wconf 92' lang='grc' dir='ltr'>μου</span> <span class='ocrx_word' id='word_1_252' title='bbox 914 4181 1019 4262; x_wconf 79' lang='grc' dir='ltr'>Ἀγάθη</span> <span class='ocrx_word' id='word_1_253' title='bbox 1041 4181 1088 4242; x_wconf 86' lang='grc' dir='ltr'>καὶ</span> <span class='ocrx_word' id='word_1_254' title='bbox 1110 4188 1163 4241; x_wconf 85' lang='grc' dir='ltr'>τῶν</span> <span class='ocrx_word' id='word_1_255' title='bbox 1186 4182 1305 4260; x_wconf 86' lang='grc' dir='ltr'>γνησίων</span> <span class='ocrx_word' id='word_1_256' title='bbox 1328 4183 1408 4257; x_wconf 84' lang='grc' dir='ltr'>ήμῶν</span> <span class='ocrx_word' id='word_1_257' title='bbox 1430 4179 1550 4260; x_wconf 79' lang='grc' dir='ltr'>παίδων,</span> 
     </span>
     <span class='ocr_line' id='line_1_33' title="bbox 247 4301 1550 4384; baseline 0.002 -22"><span class='ocrx_word' id='word_1_258' title='bbox 247 4307 294 4363; x_wconf 86' lang='grc' dir='ltr'>τοῦ</span> <span class='ocrx_word' id='word_1_259' title='bbox 309 4325 339 4364; x_wconf 90' lang='grc' dir='ltr'>τε</span> <span class='ocrx_word' id='word_1_260' title='bbox 361 4305 469 4379; x_wconf 88' lang='grc' dir='ltr'>Νικήτα</span> <span class='ocrx_word' id='word_1_261' title='bbox 490 4303 537 4365; x_wconf 89' lang='grc' dir='ltr'>καί</span> <span class='ocrx_word' id='word_1_262' title='bbox 559 4305 695 4383; x_wconf 87' lang='grc' dir='ltr'>Γεωργίου</span> <span class='ocrx_word' id='word_1_263' title='bbox 717 4309 763 4364; x_wconf 85' lang='grc' dir='ltr'>τοῦ</span> <span class='ocrx_word' id='word_1_264' title='bbox 786 4305 926 4382; x_wconf 85' lang='grc' dir='ltr'>Χρυσάρη,</span> <span class='ocrx_word' id='word_1_265' title='bbox 950 4304 1095 4384; x_wconf 83' lang='grc' dir='ltr'>ἀμρέτεροι</span> <span class='ocrx_word' id='word_1_266' title='bbox 1118 4305 1179 4376; x_wconf 80' lang='grc' dir='ltr'>τοῦς</span> <span class='ocrx_word' id='word_1_267' title='bbox 1201 4305 1305 4379; x_wconf 84' lang='grc' dir='ltr'>τιμίους</span> <span class='ocrx_word' id='word_1_268' title='bbox 1327 4301 1375 4364; x_wconf 82' lang='grc' dir='ltr'>καὶ</span> <span class='ocrx_word' id='word_1_269' title='bbox 1398 4306 1550 4377; x_wconf 82' lang='grc' dir='ltr'>ζωοποιοῦς</span> 
     </span>
     <span class='ocr_line' id='line_1_34' title="bbox 247 4424 1550 4507; baseline 0 -21"><span class='ocrx_word' id='word_1_270' title='bbox 247 4426 376 4505; x_wconf 72' lang='grc' dir='ltr'>σταυροὺς</span> <span class='ocrx_word' id='word_1_271' title='bbox 402 4424 555 4506; x_wconf 85' lang='grc' dir='ltr'>ίδιοχείρως</span> <span class='ocrx_word' id='word_1_272' title='bbox 581 4425 765 4506; x_wconf 78' lang='grc' dir='ltr'>προτάξαντες</span> <span class='ocrx_word' id='word_1_273' title='bbox 791 4428 821 4484; x_wconf 75' lang='grc' dir='ltr'>το</span> <span class='ocrx_word' id='word_1_274' title='bbox 847 4429 933 4505; x_wconf 76' lang='grc' dir='ltr'>παρ’σν</span> <span class='ocrx_word' id='word_1_275' title='bbox 960 4429 1106 4506; x_wconf 86' lang='grc' dir='ltr'>πρατήριον</span> <span class='ocrx_word' id='word_1_276' title='bbox 1128 4427 1207 4500; x_wconf 85' lang='grc' dir='ltr'>ήμῶν</span> <span class='ocrx_word' id='word_1_277' title='bbox 1232 4427 1416 4505; x_wconf 77' lang='grc' dir='ltr'>ἐνυπόγροιρον</span> <span class='ocrx_word' id='word_1_278' title='bbox 1441 4428 1550 4507; x_wconf 81' lang='grc' dir='ltr'>ἔγγρα-</span> 
     </span>
     <span class='ocr_line' id='line_1_35' title="bbox 247 4546 1551 4626; baseline -0.001 -19"><span class='ocrx_word' id='word_1_279' title='bbox 247 4567 295 4626; x_wconf 80' lang='grc' dir='ltr'>ρον</span> <span class='ocrx_word' id='word_1_280' title='bbox 317 4549 445 4624; x_wconf 83' lang='grc' dir='ltr'>τιθέμεθα</span> <span class='ocrx_word' id='word_1_281' title='bbox 467 4547 514 4608; x_wconf 88' lang='grc' dir='ltr'>καὶ</span> <span class='ocrx_word' id='word_1_282' title='bbox 536 4552 665 4622; x_wconf 77' lang='grc' dir='ltr'>ποιοῦμεν</span> <span class='ocrx_word' id='word_1_283' title='bbox 689 4547 818 4619; x_wconf 83' lang='grc' dir='ltr'>ἑκουσίως</span> <span class='ocrx_word' id='word_1_284' title='bbox 839 4546 887 4606; x_wconf 82' lang='grc' dir='ltr'>καί</span> <span class='ocrx_word' id='word_1_285' title='bbox 914 4548 1133 4624; x_wconf 76' lang='grc' dir='ltr'>ἀμεταμελήτως</span> <span class='ocrx_word' id='word_1_286' title='bbox 1160 4548 1232 4622; x_wconf 79' lang='grc' dir='ltr'>μετὰ</span> <span class='ocrx_word' id='word_1_287' title='bbox 1259 4547 1433 4626; x_wconf 80' lang='grc' dir='ltr'>διασκέψεως</span> <span class='ocrx_word' id='word_1_288' title='bbox 1459 4550 1551 4610; x_wconf 86' lang='grc' dir='ltr'>πολυ-</span> 
     </span>
    </p>
   </div>
   <div class='ocr_carea' id='block_1_14' title="bbox 247 4667 1550 4750">
    <p class='ocr_par' dir='ltr' id='par_1_20' title="bbox 247 4667 1550 4750">
     <span class='ocr_line' id='line_1_36' title="bbox 247 4667 1550 4750; baseline 0 -22"><span class='ocrx_word' id='word_1_289' title='bbox 247 4673 346 4749; x_wconf 85' lang='grc' dir='ltr'>μεροῦς</span> <span class='ocrx_word' id='word_1_290' title='bbox 368 4669 414 4728; x_wconf 82' lang='grc' dir='ltr'>καί</span> <span class='ocrx_word' id='word_1_291' title='bbox 434 4668 577 4746; x_wconf 76' lang='grc' dir='ltr'>ἀποδοχῆς</span> <span class='ocrx_word' id='word_1_292' title='bbox 597 4667 728 4746; x_wconf 84' lang='grc' dir='ltr'>μεγίστης</span> <span class='ocrx_word' id='word_1_293' title='bbox 742 4667 829 4748; x_wconf 85' lang='grc' dir='ltr'>χωρίς</span> <span class='ocrx_word' id='word_1_294' title='bbox 845 4669 938 4748; x_wconf 73' lang='grc' dir='ltr'>δόλου,</span> <span class='ocrx_word' id='word_1_295' title='bbox 961 4671 1068 4749; x_wconf 77' lang='grc' dir='ltr'>τρόπον,</span> <span class='ocrx_word' id='word_1_296' title='bbox 1092 4668 1212 4750; x_wconf 86' lang='grc' dir='ltr'>πλάνης,</span> <span class='ocrx_word' id='word_1_297' title='bbox 1235 4669 1351 4748; x_wconf 86' lang='grc' dir='ltr'>ἀπάτης,</span> <span class='ocrx_word' id='word_1_298' title='bbox 1378 4669 1550 4746; x_wconf 84' lang='grc' dir='ltr'>δελεασμσῦ,</span> 
     </span>
    </p>
   </div>
   <div class='ocr_carea' id='block_1_15' title="bbox 0 0 1601 5288">
    <p class='ocr_par' dir='ltr' id='par_1_21' title="bbox 0 0 1601 5288">
     <span class='ocr_line' id='line_1_37' title="bbox 0 0 1601 5288; baseline 0 0"><span class='ocrx_word' id='word_1_299' title='bbox 0 0 1601 5288; x_wconf 95' lang='lat' dir='ltr'> </span> 
     </span>
    </p>
   </div>
  </div>
 </body>
</html>
