<?xml version="1.0" encoding="UTF-8"?>
<!DOCTYPE html PUBLIC "-//W3C//DTD XHTML 1.0 Transitional//EN"
    "http://www.w3.org/TR/xhtml1/DTD/xhtml1-transitional.dtd">
<html xmlns="http://www.w3.org/1999/xhtml" xml:lang="en" lang="en">
 <head>
  <title>
</title>
<meta http-equiv="Content-Type" content="text/html;charset=utf-8" />
  <meta name='ocr-system' content='tesseract 3.04.00' />
  <meta name='ocr-capabilities' content='ocr_page ocr_carea ocr_par ocr_line ocrx_word'/>
</head>
<body>
  <div class='ocr_page' id='page_1' title='image "./actaetdiplomata02miklgoog_0378.png"; bbox 0 0 3162 5278; ppageno 0'>
   <div class='ocr_carea' id='block_1_1' title="bbox 1273 371 1337 436">
    <p class='ocr_par' dir='ltr' id='par_1_1' title="bbox 1273 371 1337 436">
     <span class='ocr_line' id='line_1_1' title="bbox 1273 371 1337 436; baseline 0.031 -2"><span class='ocrx_word' id='word_1_1' title='bbox 1273 371 1337 436; x_wconf 88' lang='lat'>363</span> 
     </span>
    </p>
   </div>
   <div class='ocr_carea' id='block_1_2' title="bbox 43 559 1339 4406">
    <p class='ocr_par' dir='ltr' id='par_1_2' title="bbox 43 559 1339 4406">
     <span class='ocr_line' id='line_1_2' title="bbox 51 559 1338 642; baseline 0.004 -24"><span class='ocrx_word' id='word_1_2' title='bbox 51 560 190 637; x_wconf 74' lang='grc' dir='ltr'>ἀρωτάτων</span> <span class='ocrx_word' id='word_1_3' title='bbox 221 561 375 638; x_wconf 82' lang='grc' dir='ltr'>ἀρχιερέων</span> <span class='ocrx_word' id='word_1_4' title='bbox 408 559 454 619; x_wconf 85' lang='grc' dir='ltr'>καὶ</span> <span class='ocrx_word' id='word_1_5' title='bbox 483 561 645 640; x_wconf 86' lang='grc' dir='ltr'>ύπερτίμων,</span> <span class='ocrx_word' id='word_1_6' title='bbox 676 567 729 620; x_wconf 82' lang='grc' dir='ltr'>τῶν</span> <span class='ocrx_word' id='word_1_7' title='bbox 760 562 789 620; x_wconf 90' lang='grc' dir='ltr'>έν</span> <span class='ocrx_word' id='word_1_8' title='bbox 820 563 891 641; x_wconf 81' lang='grc' dir='ltr'>άγίῳ</span> <span class='ocrx_word' id='word_1_9' title='bbox 920 564 1050 639; x_wconf 85' lang='grc' dir='ltr'>πνεύματι</span> <span class='ocrx_word' id='word_1_10' title='bbox 1080 563 1229 642; x_wconf 78' lang='grc' dir='ltr'><strong>ἀγαπητῶν</strong></span> <span class='ocrx_word' id='word_1_11' title='bbox 1259 567 1338 640; x_wconf 75' lang='grc' dir='ltr'>ἡμῶν</span> 
     </span>
     <span class='ocr_line' id='line_1_3' title="bbox 51 679 1339 765; baseline 0.003 -25"><span class='ocrx_word' id='word_1_12' title='bbox 51 680 165 760; x_wconf 78' lang='grc' dir='ltr'>ἀδελφῶν</span> <span class='ocrx_word' id='word_1_13' title='bbox 199 679 247 740; x_wconf 86' lang='grc' dir='ltr'>καὶ</span> <span class='ocrx_word' id='word_1_14' title='bbox 281 681 511 762; x_wconf 82' lang='grc' dir='ltr'>συλλειτουργῶν,</span> <span class='ocrx_word' id='word_1_15' title='bbox 544 683 588 741; x_wconf 80' lang='grc' dir='ltr'>ἵνα</span> <span class='ocrx_word' id='word_1_16' title='bbox 618 685 705 742; x_wconf 88' lang='grc' dir='ltr'>πάντα</span> <span class='ocrx_word' id='word_1_17' title='bbox 735 684 769 742; x_wconf 87' lang='grc' dir='ltr'>τά</span> <span class='ocrx_word' id='word_1_18' title='bbox 800 684 928 765; x_wconf 82' lang='grc' dir='ltr'>ἀνωτέρω</span> <span class='ocrx_word' id='word_1_19' title='bbox 963 685 1175 764; x_wconf 85' lang='grc' dir='ltr'>ἀπηριθμημένα</span> <span class='ocrx_word' id='word_1_20' title='bbox 1209 683 1255 745; x_wconf 80' lang='grc' dir='ltr'>καὶ</span> <span class='ocrx_word' id='word_1_21' title='bbox 1288 689 1339 746; x_wconf 83' lang='grc' dir='ltr'>ύσα</span> 
     </span>
     <span class='ocr_line' id='line_1_4' title="bbox 51 802 1339 886; baseline 0.006 -26"><span class='ocrx_word' id='word_1_22' title='bbox 51 802 115 861; x_wconf 82' lang='grc' dir='ltr'>ν’λλα</span> <span class='ocrx_word' id='word_1_23' title='bbox 139 803 266 884; x_wconf 84' lang='grc' dir='ltr'>ἔγγραφοι</span> <span class='ocrx_word' id='word_1_24' title='bbox 289 806 471 880; x_wconf 69' lang='grc' dir='ltr'>Ιὀπομνιηματα</span> <span class='ocrx_word' id='word_1_25' title='bbox 496 809 545 881; x_wconf 84' lang='grc' dir='ltr'>τῆς</span> <span class='ocrx_word' id='word_1_26' title='bbox 574 805 769 882; x_wconf 85' lang='grc' dir='ltr'>διαληφθείσης</span> <span class='ocrx_word' id='word_1_27' title='bbox 792 805 943 881; x_wconf 86' lang='grc' dir='ltr'>σεβαομίας</span> <span class='ocrx_word' id='word_1_28' title='bbox 970 813 1070 886; x_wconf 83' lang='grc' dir='ltr'>μονῆς,</span> <span class='ocrx_word' id='word_1_29' title='bbox 1098 809 1149 867; x_wconf 88' lang='grc' dir='ltr'>δσα</span> <span class='ocrx_word' id='word_1_30' title='bbox 1172 808 1282 884; x_wconf 82' lang='grc' dir='ltr'>δηλαδὴ</span> <span class='ocrx_word' id='word_1_31' title='bbox 1306 809 1339 868; x_wconf 86' lang='grc' dir='ltr'>ἐκ</span> 
     </span>
     <span class='ocr_line' id='line_1_5' title="bbox 49 922 1337 1010; baseline 0.006 -29"><span class='ocrx_word' id='word_1_32' title='bbox 49 929 86 982; x_wconf 74' lang='grc' dir='ltr'>τοῦ</span> <span class='ocrx_word' id='word_1_33' title='bbox 106 922 194 983; x_wconf 87' lang='grc' dir='ltr'>πάλαι</span> <span class='ocrx_word' id='word_1_34' title='bbox 222 927 322 1004; x_wconf 71' lang='grc' dir='ltr'>χρόνον</span> <span class='ocrx_word' id='word_1_35' title='bbox 345 927 540 1006; x_wconf 71' lang='grc' dir='ltr'>προσεγένοντο</span> <span class='ocrx_word' id='word_1_36' title='bbox 564 927 630 1008; x_wconf 76' lang='grc' dir='ltr'>αύτῄ</span> <span class='ocrx_word' id='word_1_37' title='bbox 652 928 727 1006; x_wconf 85' lang='grc' dir='ltr'>παρά</span> <span class='ocrx_word' id='word_1_38' title='bbox 749 933 802 986; x_wconf 86' lang='grc' dir='ltr'>τῶν</span> <span class='ocrx_word' id='word_1_39' title='bbox 825 927 945 1004; x_wconf 85' lang='grc' dir='ltr'>εύσεβῶν</span> <span class='ocrx_word' id='word_1_40' title='bbox 968 929 1108 1004; x_wconf 80' lang='grc' dir='ltr'>βασιλέων</span> <span class='ocrx_word' id='word_1_41' title='bbox 1130 929 1246 1008; x_wconf 83' lang='grc' dir='ltr'>λαμπρά</span> <span class='ocrx_word' id='word_1_42' title='bbox 1267 950 1337 1010; x_wconf 81' lang='grc' dir='ltr'>γρυ-</span> 
     </span>
     <span class='ocr_line' id='line_1_6' title="bbox 49 1044 1337 1130; baseline 0.005 -28"><span class='ocrx_word' id='word_1_43' title='bbox 49 1044 180 1117; x_wconf 78' lang='grc' dir='ltr'>τύβουλλα</span> <span class='ocrx_word' id='word_1_44' title='bbox 209 1045 257 1106; x_wconf 86' lang='grc' dir='ltr'>καὶ</span> <span class='ocrx_word' id='word_1_45' title='bbox 287 1047 361 1128; x_wconf 78' lang='grc' dir='ltr'>παρὰ</span> <span class='ocrx_word' id='word_1_46' title='bbox 390 1054 444 1108; x_wconf 84' lang='grc' dir='ltr'>τῶν</span> <span class='ocrx_word' id='word_1_47' title='bbox 474 1045 606 1124; x_wconf 72' lang='grc' dir='ltr'>ἀοιδίμων</span> <span class='ocrx_word' id='word_1_48' title='bbox 636 1055 813 1130; x_wconf 83' lang='grc' dir='ltr'>ττατριοιρχῶν</span> <span class='ocrx_word' id='word_1_49' title='bbox 840 1050 926 1110; x_wconf 84' lang='grc' dir='ltr'>σεπτά</span> <span class='ocrx_word' id='word_1_50' title='bbox 956 1049 1079 1129; x_wconf 82' lang='grc' dir='ltr'>σιγίλλια</span> <span class='ocrx_word' id='word_1_51' title='bbox 1109 1051 1143 1110; x_wconf 88' lang='grc' dir='ltr'>τά</span> <span class='ocrx_word' id='word_1_52' title='bbox 1170 1051 1231 1110; x_wconf 86' lang='grc' dir='ltr'>κατ’</span> <span class='ocrx_word' id='word_1_53' title='bbox 1255 1051 1337 1126; x_wconf 78' lang='grc' dir='ltr'>αύτὴν</span> 
     </span>
     <span class='ocr_line' id='line_1_7' title="bbox 50 1165 1337 1252; baseline 0.004 -28"><span class='ocrx_word' id='word_1_54' title='bbox 50 1165 211 1246; x_wconf 80' lang='grc' dir='ltr'>διιριζύμενα</span> <span class='ocrx_word' id='word_1_55' title='bbox 240 1172 376 1248; x_wconf 79' lang='grc' dir='ltr'>προνδμια</span> <span class='ocrx_word' id='word_1_56' title='bbox 403 1171 488 1247; x_wconf 90' lang='grc' dir='ltr'>έχωσι</span> <span class='ocrx_word' id='word_1_57' title='bbox 514 1172 545 1230; x_wconf 84' lang='grc' dir='ltr'>τδ</span> <span class='ocrx_word' id='word_1_58' title='bbox 571 1173 652 1250; x_wconf 82' lang='grc' dir='ltr'>κύρος</span> <span class='ocrx_word' id='word_1_59' title='bbox 681 1168 728 1230; x_wconf 87' lang='grc' dir='ltr'>καὶ</span> <span class='ocrx_word' id='word_1_60' title='bbox 753 1172 802 1244; x_wconf 84' lang='grc' dir='ltr'>τὴν</span> <span class='ocrx_word' id='word_1_61' title='bbox 830 1167 906 1248; x_wconf 79' lang='grc' dir='ltr'>ἰσχύν</span> <span class='ocrx_word' id='word_1_62' title='bbox 935 1171 1138 1252; x_wconf 74' lang='grc' dir='ltr'>ἀπαράτρεπτον</span> <span class='ocrx_word' id='word_1_63' title='bbox 1166 1173 1337 1250; x_wconf 75' lang='grc' dir='ltr'>διαμένοντα,</span> 
     </span>
     <span class='ocr_line' id='line_1_8' title="bbox 48 1289 1338 1373; baseline 0.004 -26"><span class='ocrx_word' id='word_1_64' title='bbox 48 1291 227 1367; x_wconf 85' lang='grc' dir='ltr'>νραιυνδμενα</span> <span class='ocrx_word' id='word_1_65' title='bbox 257 1289 303 1349; x_wconf 89' lang='grc' dir='ltr'>καὶ</span> <span class='ocrx_word' id='word_1_66' title='bbox 332 1291 376 1350; x_wconf 80' lang='grc' dir='ltr'>διὰ</span> <span class='ocrx_word' id='word_1_67' title='bbox 402 1292 503 1362; x_wconf 87' lang='grc' dir='ltr'>παντδς</span> <span class='ocrx_word' id='word_1_68' title='bbox 532 1293 723 1371; x_wconf 80' lang='grc' dir='ltr'>στηριζύμενα,</span> <span class='ocrx_word' id='word_1_69' title='bbox 756 1291 942 1369; x_wconf 88' lang='grc' dir='ltr'>ἀμετακίνητα</span> <span class='ocrx_word' id='word_1_70' title='bbox 968 1291 1016 1352; x_wconf 88' lang='grc' dir='ltr'>καὶ</span> <span class='ocrx_word' id='word_1_71' title='bbox 1047 1293 1261 1373; x_wconf 88' lang='grc' dir='ltr'>ἀπαρασάλευτα</span> <span class='ocrx_word' id='word_1_72' title='bbox 1291 1291 1338 1352; x_wconf 83' lang='grc' dir='ltr'>καὶ</span> 
     </span>
     <span class='ocr_line' id='line_1_9' title="bbox 49 1405 1338 1494; baseline 0.006 -28"><span class='ocrx_word' id='word_1_73' title='bbox 49 1405 204 1488; x_wconf 74' lang='grc' dir='ltr'>ομετάθετα,</span> <span class='ocrx_word' id='word_1_74' title='bbox 237 1415 292 1484; x_wconf 89' lang='grc' dir='ltr'>έως</span> <span class='ocrx_word' id='word_1_75' title='bbox 321 1413 383 1472; x_wconf 75' lang='grc' dir='ltr'>ὅπου</span> <span class='ocrx_word' id='word_1_76' title='bbox 413 1413 427 1472; x_wconf 85' lang='grc' dir='ltr'>ύ</span> <span class='ocrx_word' id='word_1_77' title='bbox 453 1413 535 1488; x_wconf 74' lang='grc' dir='ltr'>ἣλιος</span> <span class='ocrx_word' id='word_1_78' title='bbox 561 1413 607 1472; x_wconf 89' lang='grc' dir='ltr'>τδν</span> <span class='ocrx_word' id='word_1_79' title='bbox 633 1411 702 1474; x_wconf 79' lang='grc' dir='ltr'>ἴδιον</span> <span class='ocrx_word' id='word_1_80' title='bbox 727 1415 881 1494; x_wconf 79' lang='grc' dir='ltr'>περιτρέχει</span> <span class='ocrx_word' id='word_1_81' title='bbox 908 1415 1019 1476; x_wconf 82' lang='grc' dir='ltr'>κύκλον.</span> <span class='ocrx_word' id='word_1_82' title='bbox 1051 1415 1069 1489; x_wconf 83' lang='grc' dir='ltr'><strong>ἠ</strong></span> <span class='ocrx_word' id='word_1_83' title='bbox 1098 1413 1129 1474; x_wconf 87' lang='grc' dir='ltr'>δέ</span> <span class='ocrx_word' id='word_1_84' title='bbox 1157 1413 1338 1493; x_wconf 86' lang='grc' dir='ltr'>διαληφθεῑσα</span> 
     </span>
     <span class='ocr_line' id='line_1_10' title="bbox 48 1529 1336 1616; baseline 0.004 -28"><span class='ocrx_word' id='word_1_85' title='bbox 48 1529 174 1605; x_wconf 79' lang='grc' dir='ltr'>σεβασμία</span> <span class='ocrx_word' id='word_1_86' title='bbox 197 1532 342 1608; x_wconf 74' lang='grc' dir='ltr'>βασιλική,</span> <span class='ocrx_word' id='word_1_87' title='bbox 368 1535 589 1614; x_wconf 87' lang='grc' dir='ltr'>σταυροπηγιακὴ</span> <span class='ocrx_word' id='word_1_88' title='bbox 612 1533 659 1594; x_wconf 86' lang='grc' dir='ltr'>καί</span> <span class='ocrx_word' id='word_1_89' title='bbox 681 1537 863 1616; x_wconf 79' lang='grc' dir='ltr'>πατρικρχικὴ</span> <span class='ocrx_word' id='word_1_90' title='bbox 887 1536 956 1612; x_wconf 77' lang='grc' dir='ltr'>μονὴ</span> <span class='ocrx_word' id='word_1_91' title='bbox 982 1537 1047 1613; x_wconf 83' lang='grc' dir='ltr'>αύτη</span> <span class='ocrx_word' id='word_1_92' title='bbox 1070 1540 1117 1597; x_wconf 89' lang='grc' dir='ltr'>τού</span> <span class='ocrx_word' id='word_1_93' title='bbox 1139 1535 1217 1616; x_wconf 81' lang='grc' dir='ltr'>ἁγίου</span> <span class='ocrx_word' id='word_1_94' title='bbox 1238 1537 1336 1596; x_wconf 84' lang='grc' dir='ltr'>Ἰωάν-</span> 
     </span>
     <span class='ocr_line' id='line_1_11' title="bbox 47 1654 1337 1738; baseline 0.008 -30"><span class='ocrx_word' id='word_1_95' title='bbox 47 1673 85 1710; x_wconf 85' lang='grc' dir='ltr'>νου</span> <span class='ocrx_word' id='word_1_96' title='bbox 110 1657 157 1714; x_wconf 89' lang='grc' dir='ltr'>τού</span> <span class='ocrx_word' id='word_1_97' title='bbox 180 1654 326 1732; x_wconf 81' lang='grc' dir='ltr'>Θεολύγου</span> <span class='ocrx_word' id='word_1_98' title='bbox 355 1655 426 1716; x_wconf 76' lang='grc' dir='ltr'>κατὰ</span> <span class='ocrx_word' id='word_1_99' title='bbox 453 1657 502 1730; x_wconf 81' lang='grc' dir='ltr'>τὴν</span> <span class='ocrx_word' id='word_1_100' title='bbox 529 1661 610 1731; x_wconf 77' lang='grc' dir='ltr'>νῆσον</span> <span class='ocrx_word' id='word_1_101' title='bbox 633 1657 746 1731; x_wconf 83' lang='grc' dir='ltr'>Πάτμον</span> <span class='ocrx_word' id='word_1_102' title='bbox 777 1656 847 1732; x_wconf 87' lang='grc' dir='ltr'>μετά</span> <span class='ocrx_word' id='word_1_103' title='bbox 873 1661 981 1718; x_wconf 92' lang='grc' dir='ltr'>πάντων</span> <span class='ocrx_word' id='word_1_104' title='bbox 1007 1663 1061 1718; x_wconf 84' lang='grc' dir='ltr'>τῶν</span> <span class='ocrx_word' id='word_1_105' title='bbox 1087 1661 1241 1736; x_wconf 79' lang='grc' dir='ltr'>προσόντων</span> <span class='ocrx_word' id='word_1_106' title='bbox 1271 1661 1337 1738; x_wconf 73' lang='grc' dir='ltr'>αύτῇ</span> 
     </span>
     <span class='ocr_line' id='line_1_12' title="bbox 46 1773 1337 1858; baseline 0.005 -27"><span class='ocrx_word' id='word_1_107' title='bbox 46 1773 183 1850; x_wconf 83' lang='grc' dir='ltr'>κτημάτων</span> <span class='ocrx_word' id='word_1_108' title='bbox 211 1774 258 1836; x_wconf 84' lang='grc' dir='ltr'>καί</span> <span class='ocrx_word' id='word_1_109' title='bbox 284 1779 455 1857; x_wconf 83' lang='grc' dir='ltr'>πραγμάτων</span> <span class='ocrx_word' id='word_1_110' title='bbox 481 1775 528 1837; x_wconf 87' lang='grc' dir='ltr'>καί</span> <span class='ocrx_word' id='word_1_111' title='bbox 556 1777 751 1856; x_wconf 87' lang='grc' dir='ltr'>ἀφιερωμάτων</span> <span class='ocrx_word' id='word_1_112' title='bbox 778 1781 874 1858; x_wconf 72' lang='grc' dir='ltr'>αὐτῆς,</span> <span class='ocrx_word' id='word_1_113' title='bbox 901 1785 955 1838; x_wconf 82' lang='grc' dir='ltr'>τῶν</span> <span class='ocrx_word' id='word_1_114' title='bbox 977 1799 1007 1838; x_wconf 89' lang='grc' dir='ltr'>τε</span> <span class='ocrx_word' id='word_1_115' title='bbox 1029 1777 1084 1854; x_wconf 82' lang='grc' dir='ltr'>ἤδη</span> <span class='ocrx_word' id='word_1_116' title='bbox 1108 1779 1192 1838; x_wconf 81' lang='grc' dir='ltr'>ὄντων</span> <span class='ocrx_word' id='word_1_117' title='bbox 1214 1779 1261 1839; x_wconf 84' lang='grc' dir='ltr'>καὶ</span> <span class='ocrx_word' id='word_1_118' title='bbox 1283 1786 1337 1839; x_wconf 86' lang='grc' dir='ltr'>τῶν</span> 
     </span>
     <span class='ocr_line' id='line_1_13' title="bbox 47 1895 1337 1978; baseline 0.003 -24"><span class='ocrx_word' id='word_1_119' title='bbox 47 1899 184 1966; x_wconf 87' lang='grc' dir='ltr'>μετέπειτα</span> <span class='ocrx_word' id='word_1_120' title='bbox 215 1897 262 1956; x_wconf 74' lang='grc' dir='ltr'>σύν</span> <span class='ocrx_word' id='word_1_121' title='bbox 289 1896 344 1976; x_wconf 81' lang='grc' dir='ltr'>θεῷ</span> <span class='ocrx_word' id='word_1_122' title='bbox 372 1899 655 1976; x_wconf 83' lang='grc' dir='ltr'>προσκτηθησομένων</span> <span class='ocrx_word' id='word_1_123' title='bbox 683 1897 730 1960; x_wconf 87' lang='grc' dir='ltr'>καί</span> <span class='ocrx_word' id='word_1_124' title='bbox 757 1895 828 1974; x_wconf 80' lang='grc' dir='ltr'>μετὰ</span> <span class='ocrx_word' id='word_1_125' title='bbox 857 1905 910 1959; x_wconf 83' lang='grc' dir='ltr'>τῶν</span> <span class='ocrx_word' id='word_1_126' title='bbox 941 1901 1078 1978; x_wconf 87' lang='grc' dir='ltr'>μετοχίων</span> <span class='ocrx_word' id='word_1_127' title='bbox 1110 1902 1194 1976; x_wconf 76' lang='grc' dir='ltr'>αὐτῆς</span> <span class='ocrx_word' id='word_1_128' title='bbox 1223 1907 1277 1960; x_wconf 84' lang='grc' dir='ltr'>τῶν</span> <span class='ocrx_word' id='word_1_129' title='bbox 1308 1901 1337 1959; x_wconf 91' lang='grc' dir='ltr'>έν</span> 
     </span>
     <span class='ocr_line' id='line_1_14' title="bbox 47 2018 1336 2103; baseline 0.004 -28"><span class='ocrx_word' id='word_1_130' title='bbox 47 2018 139 2098; x_wconf 82' lang='grc' dir='ltr'>ένάστη</span> <span class='ocrx_word' id='word_1_131' title='bbox 164 2019 284 2100; x_wconf 74' lang='grc' dir='ltr'>ἐπαρχίᾳ</span> <span class='ocrx_word' id='word_1_132' title='bbox 305 2018 351 2078; x_wconf 81' lang='grc' dir='ltr'>καί</span> <span class='ocrx_word' id='word_1_133' title='bbox 373 2018 502 2102; x_wconf 77' lang='grc' dir='ltr'>παροικίᾳ</span> <span class='ocrx_word' id='word_1_134' title='bbox 524 2021 659 2096; x_wconf 77' lang='grc' dir='ltr'>κειμένων</span> <span class='ocrx_word' id='word_1_135' title='bbox 683 2019 766 2103; x_wconf 77' lang='grc' dir='ltr'>(ἀτεερ</span> <span class='ocrx_word' id='word_1_136' title='bbox 788 2022 837 2094; x_wconf 72' lang='grc' dir='ltr'>τἠν</span> <span class='ocrx_word' id='word_1_137' title='bbox 861 2021 941 2096; x_wconf 79' lang='grc' dir='ltr'>αύιὴν</span> <span class='ocrx_word' id='word_1_138' title='bbox 965 2022 1047 2098; x_wconf 87' lang='grc' dir='ltr'>έοχεν</span> <span class='ocrx_word' id='word_1_139' title='bbox 1067 2022 1233 2101; x_wconf 81' lang='grc' dir='ltr'>ύπεροχικὴν</span> <span class='ocrx_word' id='word_1_140' title='bbox 1254 2023 1336 2081; x_wconf 81' lang='grc' dir='ltr'>αύτο-</span> 
     </span>
     <span class='ocr_line' id='line_1_15' title="bbox 45 2139 1336 2221; baseline 0.005 -26"><span class='ocrx_word' id='word_1_141' title='bbox 45 2141 133 2212; x_wconf 86' lang='grc' dir='ltr'>νομίαν</span> <span class='ocrx_word' id='word_1_142' title='bbox 159 2144 200 2212; x_wconf 82' lang='grc' dir='ltr'>ὡς</span> <span class='ocrx_word' id='word_1_143' title='bbox 225 2139 273 2200; x_wconf 83' lang='grc' dir='ltr'>καί</span> <span class='ocrx_word' id='word_1_144' title='bbox 295 2141 313 2215; x_wconf 78' lang='grc' dir='ltr'><strong>ἡ</strong></span> <span class='ocrx_word' id='word_1_145' title='bbox 337 2141 397 2221; x_wconf 85' lang='grc' dir='ltr'>ἰερά</span> <span class='ocrx_word' id='word_1_146' title='bbox 420 2141 486 2216; x_wconf 82' lang='grc' dir='ltr'>αύτη</span> <span class='ocrx_word' id='word_1_147' title='bbox 510 2141 579 2216; x_wconf 75' lang='grc' dir='ltr'>μονὴ</span> <span class='ocrx_word' id='word_1_148' title='bbox 606 2140 653 2200; x_wconf 86' lang='grc' dir='ltr'>καί</span> <span class='ocrx_word' id='word_1_149' title='bbox 680 2142 709 2200; x_wconf 84' lang='grc' dir='ltr'>τδ</span> <span class='ocrx_word' id='word_1_150' title='bbox 733 2140 887 2201; x_wconf 78' lang='grc' dir='ltr'>ἀδούλωτον</span> <span class='ocrx_word' id='word_1_151' title='bbox 915 2141 962 2202; x_wconf 83' lang='grc' dir='ltr'>καὶ</span> <span class='ocrx_word' id='word_1_152' title='bbox 985 2141 1133 2203; x_wconf 78' lang='grc' dir='ltr'>ἀδέσποτον</span> <span class='ocrx_word' id='word_1_153' title='bbox 1160 2141 1206 2202; x_wconf 85' lang='grc' dir='ltr'>καὶ</span> <span class='ocrx_word' id='word_1_154' title='bbox 1229 2143 1336 2202; x_wconf 89' lang='grc' dir='ltr'>ἀκατα-</span> 
     </span>
     <span class='ocr_line' id='line_1_16' title="bbox 45 2261 1336 2346; baseline 0.003 -28"><span class='ocrx_word' id='word_1_155' title='bbox 45 2265 166 2342; x_wconf 85' lang='grc' dir='ltr'>πάτητον,</span> <span class='ocrx_word' id='word_1_156' title='bbox 194 2263 397 2340; x_wconf 72' lang='grc' dir='ltr'>ἀνεπηρέαστον</span> <span class='ocrx_word' id='word_1_157' title='bbox 418 2283 448 2322; x_wconf 91' lang='grc' dir='ltr'>τε</span> <span class='ocrx_word' id='word_1_158' title='bbox 471 2261 517 2322; x_wconf 82' lang='grc' dir='ltr'>καὶ</span> <span class='ocrx_word' id='word_1_159' title='bbox 540 2261 726 2340; x_wconf 83' lang='grc' dir='ltr'>ἀνενδχλητον</span> <span class='ocrx_word' id='word_1_160' title='bbox 752 2263 826 2343; x_wconf 81' lang='grc' dir='ltr'>παρα</span> <span class='ocrx_word' id='word_1_161' title='bbox 852 2266 952 2335; x_wconf 84' lang='grc' dir='ltr'>παντδς</span> <span class='ocrx_word' id='word_1_162' title='bbox 973 2267 1118 2344; x_wconf 79' lang='grc' dir='ltr'>προσώπου</span> <span class='ocrx_word' id='word_1_163' title='bbox 1145 2265 1336 2346; x_wconf 84' lang='grc' dir='ltr'>ἀρχιερατικοῦ</span> 
     </span>
     <span class='ocr_line' id='line_1_17' title="bbox 45 2383 1334 2469; baseline 0.002 -27"><span class='ocrx_word' id='word_1_164' title='bbox 45 2385 59 2454; x_wconf 80' lang='grc' dir='ltr'>ῆ-</span> <span class='ocrx_word' id='word_1_165' title='bbox 81 2383 214 2462; x_wconf 85' lang='grc' dir='ltr'>ίερατικού</span> <span class='ocrx_word' id='word_1_166' title='bbox 236 2387 255 2458; x_wconf 74' lang='grc' dir='ltr'><strong>ἡ</strong></span> <span class='ocrx_word' id='word_1_167' title='bbox 274 2385 425 2461; x_wconf 77' lang='grc' dir='ltr'>πολιτικοῦ,</span> <span class='ocrx_word' id='word_1_168' title='bbox 448 2383 494 2443; x_wconf 85' lang='grc' dir='ltr'>καὶ</span> <span class='ocrx_word' id='word_1_169' title='bbox 523 2385 617 2444; x_wconf 77' lang='grc' dir='ltr'>ἄθικτα</span> <span class='ocrx_word' id='word_1_170' title='bbox 639 2387 729 2461; x_wconf 83' lang='grc' dir='ltr'>πάσης</span> <span class='ocrx_word' id='word_1_171' title='bbox 750 2387 845 2465; x_wconf 80' lang='grc' dir='ltr'>χειρδς</span> <span class='ocrx_word' id='word_1_172' title='bbox 866 2383 1087 2469; x_wconf 84' lang='grc' dir='ltr'>πλεονεκτικῆς),</span> <span class='ocrx_word' id='word_1_173' title='bbox 1112 2385 1153 2462; x_wconf 83' lang='grc' dir='ltr'>εἴη</span> <span class='ocrx_word' id='word_1_174' title='bbox 1176 2385 1223 2445; x_wconf 86' lang='grc' dir='ltr'>καὶ</span> <span class='ocrx_word' id='word_1_175' title='bbox 1243 2386 1334 2465; x_wconf 82' lang='grc' dir='ltr'>λέγη-</span> 
     </span>
     <span class='ocr_line' id='line_1_18' title="bbox 44 2501 1337 2586; baseline 0.005 -26"><span class='ocrx_word' id='word_1_176' title='bbox 44 2523 83 2563; x_wconf 90' lang='grc' dir='ltr'>τοι</span> <span class='ocrx_word' id='word_1_177' title='bbox 110 2503 156 2564; x_wconf 85' lang='grc' dir='ltr'>καὶ</span> <span class='ocrx_word' id='word_1_178' title='bbox 185 2505 261 2585; x_wconf 79' lang='grc' dir='ltr'>παρὰ</span> <span class='ocrx_word' id='word_1_179' title='bbox 290 2501 398 2564; x_wconf 89' lang='grc' dir='ltr'>πάντων</span> <span class='ocrx_word' id='word_1_180' title='bbox 427 2505 599 2586; x_wconf 82' lang='grc' dir='ltr'>γνωρίζητοιι,</span> <span class='ocrx_word' id='word_1_181' title='bbox 630 2508 668 2577; x_wconf 81' lang='grc' dir='ltr'>ὡς</span> <span class='ocrx_word' id='word_1_182' title='bbox 697 2503 745 2564; x_wconf 88' lang='grc' dir='ltr'>καὶ</span> <span class='ocrx_word' id='word_1_183' title='bbox 773 2508 913 2586; x_wconf 78' lang='grc' dir='ltr'>πρότερον,</span> <span class='ocrx_word' id='word_1_184' title='bbox 943 2508 1027 2579; x_wconf 86' lang='grc' dir='ltr'>ούτως</span> <span class='ocrx_word' id='word_1_185' title='bbox 1059 2505 1105 2566; x_wconf 85' lang='grc' dir='ltr'>καὶ</span> <span class='ocrx_word' id='word_1_186' title='bbox 1132 2505 1172 2580; x_wconf 81' lang='grc' dir='ltr'>εἰς</span> <span class='ocrx_word' id='word_1_187' title='bbox 1198 2509 1243 2568; x_wconf 79' lang='grc' dir='ltr'>τάν</span> <span class='ocrx_word' id='word_1_188' title='bbox 1271 2505 1337 2584; x_wconf 80' lang='grc' dir='ltr'>έξῆς</span> 
     </span>
     <span class='ocr_line' id='line_1_19' title="bbox 46 2626 1336 2709; baseline 0.003 -25"><span class='ocrx_word' id='word_1_189' title='bbox 46 2626 144 2686; x_wconf 77' lang='grc' dir='ltr'>ἅπαντα</span> <span class='ocrx_word' id='word_1_190' title='bbox 165 2627 266 2707; x_wconf 82' lang='grc' dir='ltr'>χρόνον</span> <span class='ocrx_word' id='word_1_191' title='bbox 285 2629 409 2707; x_wconf 70' lang='grc' dir='ltr'>ἡμετέρα</span> <span class='ocrx_word' id='word_1_192' title='bbox 430 2630 622 2707; x_wconf 84' lang='grc' dir='ltr'>πατριαρχική,</span> <span class='ocrx_word' id='word_1_193' title='bbox 646 2631 878 2707; x_wconf 81' lang='grc' dir='ltr'>σταυροπηγιακή,</span> <span class='ocrx_word' id='word_1_194' title='bbox 901 2632 988 2704; x_wconf 84' lang='grc' dir='ltr'>πάντη</span> <span class='ocrx_word' id='word_1_195' title='bbox 1013 2628 1156 2709; x_wconf 85' lang='grc' dir='ltr'>ἐλευθέρα,</span> <span class='ocrx_word' id='word_1_196' title='bbox 1180 2630 1336 2708; x_wconf 85' lang='grc' dir='ltr'>αύτδνομος,</span> 
     </span>
     <span class='ocr_line' id='line_1_20' title="bbox 46 2745 1336 2828; baseline 0.005 -26"><span class='ocrx_word' id='word_1_197' title='bbox 46 2747 249 2828; x_wconf 76' lang='grc' dir='ltr'>αύτοδέσποτος,</span> <span class='ocrx_word' id='word_1_198' title='bbox 281 2747 438 2820; x_wconf 82' lang='grc' dir='ltr'>ἀδούλωτύς</span> <span class='ocrx_word' id='word_1_199' title='bbox 461 2769 492 2808; x_wconf 87' lang='grc' dir='ltr'>τε</span> <span class='ocrx_word' id='word_1_200' title='bbox 521 2745 568 2807; x_wconf 89' lang='grc' dir='ltr'>καὶ</span> <span class='ocrx_word' id='word_1_201' title='bbox 595 2747 803 2824; x_wconf 87' lang='grc' dir='ltr'>ἀκαταπάτητος</span> <span class='ocrx_word' id='word_1_202' title='bbox 832 2747 879 2807; x_wconf 87' lang='grc' dir='ltr'>καὶ</span> <span class='ocrx_word' id='word_1_203' title='bbox 906 2749 1033 2822; x_wconf 86' lang='grc' dir='ltr'>ἀσύδαιος</span> <span class='ocrx_word' id='word_1_204' title='bbox 1059 2749 1106 2810; x_wconf 87' lang='grc' dir='ltr'>καὶ</span> <span class='ocrx_word' id='word_1_205' title='bbox 1134 2753 1224 2826; x_wconf 85' lang='grc' dir='ltr'>πάσης</span> <span class='ocrx_word' id='word_1_206' title='bbox 1252 2749 1336 2809; x_wconf 84' lang='grc' dir='ltr'>δουλ-</span> 
     </span>
     <span class='ocr_line' id='line_1_21' title="bbox 45 2867 1336 2948; baseline 0.002 -21"><span class='ocrx_word' id='word_1_207' title='bbox 45 2871 162 2948; x_wconf 84' lang='grc' dir='ltr'>ογωγίας</span> <span class='ocrx_word' id='word_1_208' title='bbox 188 2867 238 2929; x_wconf 89' lang='grc' dir='ltr'>καὶ</span> <span class='ocrx_word' id='word_1_209' title='bbox 264 2868 392 2940; x_wconf 89' lang='grc' dir='ltr'>συδοσίας</span> <span class='ocrx_word' id='word_1_210' title='bbox 420 2869 571 2948; x_wconf 77' lang='grc' dir='ltr'>ἀμέτοχος,</span> <span class='ocrx_word' id='word_1_211' title='bbox 601 2868 785 2946; x_wconf 75' lang='grc' dir='ltr'>ἀνενάχλητύς</span> <span class='ocrx_word' id='word_1_212' title='bbox 806 2889 837 2928; x_wconf 91' lang='grc' dir='ltr'>τε</span> <span class='ocrx_word' id='word_1_213' title='bbox 864 2868 912 2929; x_wconf 88' lang='grc' dir='ltr'>καί</span> <span class='ocrx_word' id='word_1_214' title='bbox 934 2869 1008 2942; x_wconf 78' lang='grc' dir='ltr'>ὅλως</span> <span class='ocrx_word' id='word_1_215' title='bbox 1031 2873 1236 2947; x_wconf 80' lang='grc' dir='ltr'>ἀκαταζητητος</span> <span class='ocrx_word' id='word_1_216' title='bbox 1261 2872 1336 2948; x_wconf 82' lang='grc' dir='ltr'>παρὰ</span> 
     </span>
     <span class='ocr_line' id='line_1_22' title="bbox 44 2989 1334 3070; baseline 0.004 -24"><span class='ocrx_word' id='word_1_217' title='bbox 44 2991 136 3064; x_wconf 74' lang='grc' dir='ltr'>παντὸς</span> <span class='ocrx_word' id='word_1_218' title='bbox 158 2993 303 3070; x_wconf 81' lang='grc' dir='ltr'>προσώπου</span> <span class='ocrx_word' id='word_1_219' title='bbox 328 2991 359 3050; x_wconf 82' lang='grc' dir='ltr'>ἔκ</span> <span class='ocrx_word' id='word_1_220' title='bbox 373 3009 403 3048; x_wconf 89' lang='grc' dir='ltr'>τε</span> <span class='ocrx_word' id='word_1_221' title='bbox 419 2995 465 3049; x_wconf 89' lang='grc' dir='ltr'>τού</span> <span class='ocrx_word' id='word_1_222' title='bbox 487 2990 676 3070; x_wconf 85' lang='grc' dir='ltr'>ἀρχιερατικοῦ</span> <span class='ocrx_word' id='word_1_223' title='bbox 699 2989 857 3069; x_wconf 77' lang='grc' dir='ltr'>καταλόγου</span> <span class='ocrx_word' id='word_1_224' title='bbox 879 2989 926 3050; x_wconf 86' lang='grc' dir='ltr'>καὶ</span> <span class='ocrx_word' id='word_1_225' title='bbox 950 2991 982 3050; x_wconf 84' lang='grc' dir='ltr'>ἐκ</span> <span class='ocrx_word' id='word_1_226' title='bbox 1004 2993 1050 3051; x_wconf 91' lang='grc' dir='ltr'>τού</span> <span class='ocrx_word' id='word_1_227' title='bbox 1071 2991 1212 3051; x_wconf 83' lang='grc' dir='ltr'>πολιτικοῦ</span> <span class='ocrx_word' id='word_1_228' title='bbox 1235 2993 1334 3066; x_wconf 77' lang='grc' dir='ltr'>συστη-</span> 
     </span>
     <span class='ocr_line' id='line_1_23' title="bbox 44 3108 1334 3193; baseline 0.001 -24"><span class='ocrx_word' id='word_1_229' title='bbox 44 3131 133 3193; x_wconf 87' lang='grc' dir='ltr'>μοτος,</span> <span class='ocrx_word' id='word_1_230' title='bbox 156 3111 246 3188; x_wconf 86' lang='grc' dir='ltr'>μηδὲν</span> <span class='ocrx_word' id='word_1_231' title='bbox 268 3109 367 3188; x_wconf 87' lang='grc' dir='ltr'>μηδενὶ</span> <span class='ocrx_word' id='word_1_232' title='bbox 388 3113 519 3190; x_wconf 88' lang='grc' dir='ltr'>παρέχειν</span> <span class='ocrx_word' id='word_1_233' title='bbox 543 3109 696 3190; x_wconf 74' lang='grc' dir='ltr'>ὀφείλουσα,</span> <span class='ocrx_word' id='word_1_234' title='bbox 725 3108 748 3170; x_wconf 87' lang='grc' dir='ltr'>εἰ</span> <span class='ocrx_word' id='word_1_235' title='bbox 773 3110 811 3187; x_wconf 85' lang='grc' dir='ltr'>μὴ</span> <span class='ocrx_word' id='word_1_236' title='bbox 835 3113 917 3184; x_wconf 84' lang='grc' dir='ltr'>μόνον</span> <span class='ocrx_word' id='word_1_237' title='bbox 944 3111 974 3170; x_wconf 81' lang='grc' dir='ltr'>τδ</span> <span class='ocrx_word' id='word_1_238' title='bbox 997 3111 1178 3192; x_wconf 67' lang='grc' dir='ltr'>ἐπικρατῆσαι</span> <span class='ocrx_word' id='word_1_239' title='bbox 1202 3112 1334 3171; x_wconf 87' lang='grc' dir='ltr'>ἀνέκαθεν</span> 
     </span>
     <span class='ocr_line' id='line_1_24' title="bbox 45 3229 1333 3316; baseline 0.002 -26"><span class='ocrx_word' id='word_1_240' title='bbox 45 3233 144 3307; x_wconf 68' lang='grc' dir='ltr'>ἐτήσιον</span> <span class='ocrx_word' id='word_1_241' title='bbox 174 3240 208 3315; x_wconf 82' lang='grc' dir='ltr'>τῇ</span> <span class='ocrx_word' id='word_1_242' title='bbox 238 3235 302 3292; x_wconf 88' lang='grc' dir='ltr'>καθ’</span> <span class='ocrx_word' id='word_1_243' title='bbox 324 3235 398 3308; x_wconf 77' lang='grc' dir='ltr'>ἡμᾶς</span> <span class='ocrx_word' id='word_1_244' title='bbox 427 3235 474 3292; x_wconf 86' lang='grc' dir='ltr'>τού</span> <span class='ocrx_word' id='word_1_245' title='bbox 497 3233 612 3313; x_wconf 83' lang='grc' dir='ltr'>Χριστοῦ</span> <span class='ocrx_word' id='word_1_246' title='bbox 643 3233 757 3314; x_wconf 83' lang='grc' dir='ltr'>μεγάλη</span> <span class='ocrx_word' id='word_1_247' title='bbox 787 3229 932 3316; x_wconf 83' lang='grc' dir='ltr'>ἐκκλησίᾳ,</span> <span class='ocrx_word' id='word_1_248' title='bbox 963 3233 989 3296; x_wconf 78' lang='grc' dir='ltr'>οἱ</span> <span class='ocrx_word' id='word_1_249' title='bbox 1018 3233 1049 3294; x_wconf 85' lang='grc' dir='ltr'>δὲ</span> <span class='ocrx_word' id='word_1_250' title='bbox 1081 3233 1274 3308; x_wconf 71' lang='grc' dir='ltr'>διακονούμενοι</span> <span class='ocrx_word' id='word_1_251' title='bbox 1305 3235 1333 3293; x_wconf 83' lang='grc' dir='ltr'>ἐν</span> 
     </span>
     <span class='ocr_line' id='line_1_25' title="bbox 45 3353 1334 3437; baseline -0.001 -24"><span class='ocrx_word' id='word_1_252' title='bbox 45 3355 104 3437; x_wconf 70' lang='grc' dir='ltr'>αὐτῇ</span> <span class='ocrx_word' id='word_1_253' title='bbox 132 3357 252 3436; x_wconf 82' lang='grc' dir='ltr'>πατέρες</span> <span class='ocrx_word' id='word_1_254' title='bbox 283 3353 419 3435; x_wconf 77' lang='grc' dir='ltr'>ὀφείλουσι</span> <span class='ocrx_word' id='word_1_255' title='bbox 450 3353 629 3429; x_wconf 86' lang='grc' dir='ltr'>μνημονεύειν</span> <span class='ocrx_word' id='word_1_256' title='bbox 662 3357 708 3414; x_wconf 85' lang='grc' dir='ltr'>τού</span> <span class='ocrx_word' id='word_1_257' title='bbox 737 3358 880 3416; x_wconf 84' lang='grc' dir='ltr'>κανονικού</span> <span class='ocrx_word' id='word_1_258' title='bbox 913 3359 1109 3436; x_wconf 84' lang='grc' dir='ltr'>πατριαρχικού</span> <span class='ocrx_word' id='word_1_259' title='bbox 1143 3355 1275 3429; x_wconf 82' lang='grc' dir='ltr'>δνύματος</span> <span class='ocrx_word' id='word_1_260' title='bbox 1305 3354 1334 3414; x_wconf 88' lang='grc' dir='ltr'>έν</span> 
     </span>
     <span class='ocr_line' id='line_1_26' title="bbox 43 3472 1334 3558; baseline 0.003 -26"><span class='ocrx_word' id='word_1_261' title='bbox 43 3479 136 3550; x_wconf 74' lang='grc' dir='ltr'>πάσαις</span> <span class='ocrx_word' id='word_1_262' title='bbox 161 3479 223 3549; x_wconf 86' lang='grc' dir='ltr'>ταῖς</span> <span class='ocrx_word' id='word_1_263' title='bbox 249 3474 336 3557; x_wconf 83' lang='grc' dir='ltr'>ἱεραῖς</span> <span class='ocrx_word' id='word_1_264' title='bbox 357 3475 484 3548; x_wconf 86' lang='grc' dir='ltr'>τελεταῖς</span> <span class='ocrx_word' id='word_1_265' title='bbox 505 3472 553 3535; x_wconf 87' lang='grc' dir='ltr'>καί</span> <span class='ocrx_word' id='word_1_266' title='bbox 575 3473 763 3556; x_wconf 84' lang='grc' dir='ltr'>ἀκολουθίαις,</span> <span class='ocrx_word' id='word_1_267' title='bbox 787 3477 824 3548; x_wconf 81' lang='grc' dir='ltr'>ὡς</span> <span class='ocrx_word' id='word_1_268' title='bbox 846 3477 1009 3558; x_wconf 85' lang='grc' dir='ltr'>νενύμιοται,</span> <span class='ocrx_word' id='word_1_269' title='bbox 1032 3476 1079 3537; x_wconf 83' lang='grc' dir='ltr'>καί</span> <span class='ocrx_word' id='word_1_270' title='bbox 1102 3477 1206 3556; x_wconf 79' lang='grc' dir='ltr'>διάγειν</span> <span class='ocrx_word' id='word_1_271' title='bbox 1230 3475 1334 3557; x_wconf 83' lang='grc' dir='ltr'>εἰρηνι-</span> 
     </span>
     <span class='ocr_line' id='line_1_27' title="bbox 43 3591 1335 3679; baseline 0.001 -23"><span class='ocrx_word' id='word_1_272' title='bbox 43 3605 95 3670; x_wconf 86' lang='grc' dir='ltr'>κῶς</span> <span class='ocrx_word' id='word_1_273' title='bbox 116 3591 163 3658; x_wconf 82' lang='grc' dir='ltr'>καί</span> <span class='ocrx_word' id='word_1_274' title='bbox 185 3599 297 3676; x_wconf 79' lang='grc' dir='ltr'>ἡσύχως</span> <span class='ocrx_word' id='word_1_275' title='bbox 319 3595 366 3657; x_wconf 85' lang='grc' dir='ltr'>καί</span> <span class='ocrx_word' id='word_1_276' title='bbox 388 3595 588 3676; x_wconf 78' lang='grc' dir='ltr'>φιλαλληλως,</span> <span class='ocrx_word' id='word_1_277' title='bbox 612 3603 720 3672; x_wconf 82' lang='grc' dir='ltr'>σεμνῶς</span> <span class='ocrx_word' id='word_1_278' title='bbox 741 3617 771 3656; x_wconf 86' lang='grc' dir='ltr'>τε</span> <span class='ocrx_word' id='word_1_279' title='bbox 793 3597 840 3658; x_wconf 84' lang='grc' dir='ltr'>καὶ</span> <span class='ocrx_word' id='word_1_280' title='bbox 864 3600 1010 3678; x_wconf 85' lang='grc' dir='ltr'>εύτάκτως,</span> <span class='ocrx_word' id='word_1_281' title='bbox 1033 3598 1080 3659; x_wconf 84' lang='grc' dir='ltr'>καί</span> <span class='ocrx_word' id='word_1_282' title='bbox 1103 3599 1245 3679; x_wconf 78' lang='grc' dir='ltr'>φυλάττειν</span> <span class='ocrx_word' id='word_1_283' title='bbox 1268 3600 1335 3678; x_wconf 77' lang='grc' dir='ltr'>προς</span> 
     </span>
     <span class='ocr_line' id='line_1_28' title="bbox 43 3717 1335 3800; baseline 0.002 -24"><span class='ocrx_word' id='word_1_284' title='bbox 43 3720 83 3776; x_wconf 80' lang='grc' dir='ltr'>τὀν</span> <span class='ocrx_word' id='word_1_285' title='bbox 111 3721 321 3799; x_wconf 67' lang='grc' dir='ltr'>καθηγούμενον</span> <span class='ocrx_word' id='word_1_286' title='bbox 348 3718 435 3778; x_wconf 82' lang='grc' dir='ltr'>αύτιῖιν</span> <span class='ocrx_word' id='word_1_287' title='bbox 462 3717 511 3793; x_wconf 87' lang='grc' dir='ltr'>τὴν</span> <span class='ocrx_word' id='word_1_288' title='bbox 539 3717 720 3795; x_wconf 78' lang='grc' dir='ltr'>δρειλομένην</span> <span class='ocrx_word' id='word_1_289' title='bbox 747 3719 884 3798; x_wconf 78' lang='grc' dir='ltr'>Ιύποτοιγὴν</span> <span class='ocrx_word' id='word_1_290' title='bbox 915 3719 962 3780; x_wconf 90' lang='grc' dir='ltr'>καὶ</span> <span class='ocrx_word' id='word_1_291' title='bbox 990 3719 1151 3799; x_wconf 76' lang='grc' dir='ltr'>εὐπείθειαν,</span> <span class='ocrx_word' id='word_1_292' title='bbox 1181 3723 1249 3800; x_wconf 89' lang='grc' dir='ltr'>δπερ</span> <span class='ocrx_word' id='word_1_293' title='bbox 1280 3717 1335 3780; x_wconf 84' lang='grc' dir='ltr'>ἐστὶ</span> 
     </span>
     <span class='ocr_line' id='line_1_29' title="bbox 43 3838 1334 3922; baseline 0.002 -23"><span class='ocrx_word' id='word_1_294' title='bbox 43 3843 119 3918; x_wconf 86' lang='grc' dir='ltr'>χρέος</span> <span class='ocrx_word' id='word_1_295' title='bbox 146 3840 330 3920; x_wconf 87' lang='grc' dir='ltr'>ἀπαραίτητον</span> <span class='ocrx_word' id='word_1_296' title='bbox 356 3844 412 3912; x_wconf 83' lang='grc' dir='ltr'>τοῖς</span> <span class='ocrx_word' id='word_1_297' title='bbox 439 3840 699 3918; x_wconf 87' lang='grc' dir='ltr'>ἐγκατειλεγμένοις</span> <span class='ocrx_word' id='word_1_298' title='bbox 725 3838 763 3920; x_wconf 79' lang='grc' dir='ltr'>τῷ</span> <span class='ocrx_word' id='word_1_299' title='bbox 787 3841 926 3922; x_wconf 84' lang='grc' dir='ltr'>μοναδικῷ</span> <span class='ocrx_word' id='word_1_300' title='bbox 948 3843 1100 3920; x_wconf 80' lang='grc' dir='ltr'>καταλόγῳ</span> <span class='ocrx_word' id='word_1_301' title='bbox 1121 3840 1169 3902; x_wconf 88' lang='grc' dir='ltr'>καὶ</span> <span class='ocrx_word' id='word_1_302' title='bbox 1193 3842 1334 3920; x_wconf 85' lang='grc' dir='ltr'>ἐπαγγέλ-</span> 
     </span>
     <span class='ocr_line' id='line_1_30' title="bbox 44 3958 1335 4042; baseline 0.002 -22"><span class='ocrx_word' id='word_1_303' title='bbox 44 3982 103 4035; x_wconf 86' lang='grc' dir='ltr'>μοτι</span> <span class='ocrx_word' id='word_1_304' title='bbox 127 3963 200 4023; x_wconf 88' lang='grc' dir='ltr'>κατά</span> <span class='ocrx_word' id='word_1_305' title='bbox 226 3961 288 4034; x_wconf 81' lang='grc' dir='ltr'>τούς</span> <span class='ocrx_word' id='word_1_306' title='bbox 313 3963 459 4042; x_wconf 75' lang='grc' dir='ltr'>πατρικοὺς</span> <span class='ocrx_word' id='word_1_307' title='bbox 486 3958 533 4020; x_wconf 88' lang='grc' dir='ltr'>καὶ</span> <span class='ocrx_word' id='word_1_308' title='bbox 555 3961 716 4032; x_wconf 85' lang='grc' dir='ltr'>κανονικούς</span> <span class='ocrx_word' id='word_1_309' title='bbox 739 3964 816 4041; x_wconf 78' lang='grc' dir='ltr'>ὅρους</span> <span class='ocrx_word' id='word_1_310' title='bbox 838 3961 885 4022; x_wconf 86' lang='grc' dir='ltr'>καί</span> <span class='ocrx_word' id='word_1_311' title='bbox 906 3963 1013 4036; x_wconf 85' lang='grc' dir='ltr'>τύπους.</span> <span class='ocrx_word' id='word_1_312' title='bbox 1037 3964 1052 4022; x_wconf 81' lang='grc' dir='ltr'>δ</span> <span class='ocrx_word' id='word_1_313' title='bbox 1075 3961 1107 4023; x_wconf 83' lang='grc' dir='ltr'>δὲ</span> <span class='ocrx_word' id='word_1_314' title='bbox 1129 3963 1335 4041; x_wconf 85' lang='grc' dir='ltr'>καθηγούμενος</span> 
     </span>
     <span class='ocr_line' id='line_1_31' title="bbox 43 4082 1335 4166; baseline 0.003 -25"><span class='ocrx_word' id='word_1_315' title='bbox 43 4089 88 4157; x_wconf 79' lang='grc' dir='ltr'>τῆς</span> <span class='ocrx_word' id='word_1_316' title='bbox 109 4089 196 4160; x_wconf 82' lang='grc' dir='ltr'>μονῆς</span> <span class='ocrx_word' id='word_1_317' title='bbox 219 4083 280 4161; x_wconf 82' lang='grc' dir='ltr'>ἔχει</span> <span class='ocrx_word' id='word_1_318' title='bbox 301 4084 335 4142; x_wconf 87' lang='grc' dir='ltr'>τά</span> <span class='ocrx_word' id='word_1_319' title='bbox 358 4082 388 4156; x_wconf 81' lang='grc' dir='ltr'>ἐξ</span> <span class='ocrx_word' id='word_1_320' title='bbox 404 4083 492 4164; x_wconf 82' lang='grc' dir='ltr'>ἀρχῆς</span> <span class='ocrx_word' id='word_1_321' title='bbox 516 4084 721 4161; x_wconf 81' lang='grc' dir='ltr'>άπονεμηθέντα</span> <span class='ocrx_word' id='word_1_322' title='bbox 744 4083 815 4163; x_wconf 82' lang='grc' dir='ltr'>αύτῷ</span> <span class='ocrx_word' id='word_1_323' title='bbox 837 4087 971 4164; x_wconf 85' lang='grc' dir='ltr'>προνδμια</span> <span class='ocrx_word' id='word_1_324' title='bbox 992 4085 1100 4166; x_wconf 84' lang='grc' dir='ltr'>καθαρὰ</span> <span class='ocrx_word' id='word_1_325' title='bbox 1122 4083 1169 4145; x_wconf 80' lang='grc' dir='ltr'>καὶ</span> <span class='ocrx_word' id='word_1_326' title='bbox 1192 4085 1335 4145; x_wconf 88' lang='grc' dir='ltr'>ἀδούλωτα</span> 
     </span>
     <span class='ocr_line' id='line_1_32' title="bbox 44 4203 1335 4286; baseline 0.002 -23"><span class='ocrx_word' id='word_1_327' title='bbox 44 4203 156 4279; x_wconf 78' lang='grc' dir='ltr'>μηδενός</span> <span class='ocrx_word' id='word_1_328' title='bbox 179 4225 246 4265; x_wconf 90' lang='grc' dir='ltr'>ποτε</span> <span class='ocrx_word' id='word_1_329' title='bbox 273 4203 462 4280; x_wconf 81' lang='grc' dir='ltr'>τολμήσαντος</span> <span class='ocrx_word' id='word_1_330' title='bbox 489 4205 658 4285; x_wconf 87' lang='grc' dir='ltr'>παραβιοίσαι</span> <span class='ocrx_word' id='word_1_331' title='bbox 684 4205 763 4264; x_wconf 79' lang='grc' dir='ltr'>αύτθν</span> <span class='ocrx_word' id='word_1_332' title='bbox 792 4207 891 4266; x_wconf 82' lang='grc' dir='ltr'>ἔσωθεν</span> <span class='ocrx_word' id='word_1_333' title='bbox 913 4209 931 4282; x_wconf 74' lang='grc' dir='ltr'>ἢ</span> <span class='ocrx_word' id='word_1_334' title='bbox 955 4203 1057 4279; x_wconf 84' lang='grc' dir='ltr'>ἔξωθεν</span> <span class='ocrx_word' id='word_1_335' title='bbox 1083 4211 1129 4267; x_wconf 89' lang='grc' dir='ltr'>τού</span> <span class='ocrx_word' id='word_1_336' title='bbox 1156 4206 1335 4286; x_wconf 88' lang='grc' dir='ltr'>μοναστηρίου</span> 
     </span>
     <span class='ocr_line' id='line_1_33' title="bbox 43 4323 1335 4406; baseline 0.002 -22"><span class='ocrx_word' id='word_1_337' title='bbox 43 4325 86 4385; x_wconf 87' lang='grc' dir='ltr'>καὶ</span> <span class='ocrx_word' id='word_1_338' title='bbox 112 4326 152 4399; x_wconf 81' lang='grc' dir='ltr'>είς</span> <span class='ocrx_word' id='word_1_339' title='bbox 179 4325 308 4387; x_wconf 88' lang='grc' dir='ltr'>δουλείαν</span> <span class='ocrx_word' id='word_1_340' title='bbox 336 4325 459 4406; x_wconf 78' lang='grc' dir='ltr'>ἑλκύσαι,</span> <span class='ocrx_word' id='word_1_341' title='bbox 487 4327 517 4384; x_wconf 82' lang='grc' dir='ltr'>ού</span> <span class='ocrx_word' id='word_1_342' title='bbox 544 4327 598 4400; x_wconf 79' lang='grc' dir='ltr'>μὴν</span> <span class='ocrx_word' id='word_1_343' title='bbox 622 4325 663 4406; x_wconf 91' lang='grc' dir='ltr'>δέ,</span> <span class='ocrx_word' id='word_1_344' title='bbox 693 4325 770 4386; x_wconf 86' lang='grc' dir='ltr'>ἀλλά</span> <span class='ocrx_word' id='word_1_345' title='bbox 792 4323 839 4385; x_wconf 90' lang='grc' dir='ltr'>καὶ</span> <span class='ocrx_word' id='word_1_346' title='bbox 861 4327 879 4403; x_wconf 82' lang='grc' dir='ltr'>ἡ</span> <span class='ocrx_word' id='word_1_347' title='bbox 903 4326 1009 4404; x_wconf 76' lang='grc' dir='ltr'>ἐκλσγη</span> <span class='ocrx_word' id='word_1_348' title='bbox 1036 4326 1083 4387; x_wconf 82' lang='grc' dir='ltr'>καὶ</span> <span class='ocrx_word' id='word_1_349' title='bbox 1105 4331 1267 4400; x_wconf 88' lang='grc' dir='ltr'>κατάστασις</span> <span class='ocrx_word' id='word_1_350' title='bbox 1289 4333 1335 4387; x_wconf 88' lang='grc' dir='ltr'>τού</span> 
     </span>
    </p>
   </div>
   <div class='ocr_carea' id='block_1_3' title="bbox 42 4445 1335 4528">
    <p class='ocr_par' dir='ltr' id='par_1_3' title="bbox 42 4445 1335 4528">
     <span class='ocr_line' id='line_1_34' title="bbox 42 4445 1335 4528; baseline 0.002 -23"><span class='ocrx_word' id='word_1_351' title='bbox 42 4448 109 4507; x_wconf 82' lang='grc' dir='ltr'>κατὰ</span> <span class='ocrx_word' id='word_1_352' title='bbox 134 4447 245 4528; x_wconf 85' lang='grc' dir='ltr'>καιρούς</span> <span class='ocrx_word' id='word_1_353' title='bbox 272 4448 426 4526; x_wconf 78' lang='grc' dir='ltr'>ἡγουμένου</span> <span class='ocrx_word' id='word_1_354' title='bbox 456 4447 493 4522; x_wconf 82' lang='grc' dir='ltr'>μὴ</span> <span class='ocrx_word' id='word_1_355' title='bbox 524 4447 620 4519; x_wconf 83' lang='grc' dir='ltr'>άλλως</span> <span class='ocrx_word' id='word_1_356' title='bbox 646 4448 769 4527; x_wconf 87' lang='grc' dir='ltr'>γένηται,</span> <span class='ocrx_word' id='word_1_357' title='bbox 800 4445 824 4506; x_wconf 84' lang='grc' dir='ltr'>εἰ</span> <span class='ocrx_word' id='word_1_358' title='bbox 851 4448 890 4523; x_wconf 80' lang='grc' dir='ltr'>μὴ</span> <span class='ocrx_word' id='word_1_359' title='bbox 918 4447 1081 4528; x_wconf 88' lang='grc' dir='ltr'>ἀριστίνδην,</span> <span class='ocrx_word' id='word_1_360' title='bbox 1108 4451 1147 4520; x_wconf 86' lang='grc' dir='ltr'>ὡς</span> <span class='ocrx_word' id='word_1_361' title='bbox 1171 4446 1265 4528; x_wconf 82' lang='grc' dir='ltr'>εἰπεῖν,</span> <span class='ocrx_word' id='word_1_362' title='bbox 1288 4447 1335 4508; x_wconf 86' lang='grc' dir='ltr'>καὶ</span> 
     </span>
    </p>
   </div>
   <div class='ocr_carea' id='block_1_4' title="bbox 41 4562 1334 4650">
    <p class='ocr_par' dir='ltr' id='par_1_4' title="bbox 41 4562 1334 4650">
     <span class='ocr_line' id='line_1_35' title="bbox 41 4562 1334 4650; baseline 0 -24"><span class='ocrx_word' id='word_1_363' title='bbox 41 4567 99 4628; x_wconf 65' lang='grc' dir='ltr'>κατ’</span> <span class='ocrx_word' id='word_1_364' title='bbox 128 4568 252 4647; x_wconf 67' lang='grc' dir='ltr'>ἐκλογὴν</span> <span class='ocrx_word' id='word_1_365' title='bbox 281 4575 336 4628; x_wconf 85' lang='grc' dir='ltr'>τῶν</span> <span class='ocrx_word' id='word_1_366' title='bbox 365 4567 554 4650; x_wconf 87' lang='grc' dir='ltr'>πρεσβυτέρων</span> <span class='ocrx_word' id='word_1_367' title='bbox 584 4567 630 4628; x_wconf 90' lang='grc' dir='ltr'>καὶ</span> <span class='ocrx_word' id='word_1_368' title='bbox 662 4571 847 4649; x_wconf 85' lang='grc' dir='ltr'>συνετωτέρων</span> <span class='ocrx_word' id='word_1_369' title='bbox 877 4575 927 4645; x_wconf 76' lang='grc' dir='ltr'>τῆς</span> <span class='ocrx_word' id='word_1_370' title='bbox 957 4574 1044 4646; x_wconf 82' lang='grc' dir='ltr'>μονῆς</span> <span class='ocrx_word' id='word_1_371' title='bbox 1073 4571 1172 4648; x_wconf 83' lang='grc' dir='ltr'>ταύτης</span> <span class='ocrx_word' id='word_1_372' title='bbox 1201 4569 1247 4630; x_wconf 90' lang='grc' dir='ltr'>καὶ</span> <span class='ocrx_word' id='word_1_373' title='bbox 1278 4562 1334 4630; x_wconf 81' lang='grc' dir='ltr'>οἷον</span> 
     </span>
    </p>
   </div>
   <div class='ocr_carea' id='block_1_5' title="bbox 44 4687 1335 4772">
    <p class='ocr_par' dir='ltr' id='par_1_5' title="bbox 44 4687 1335 4772">
     <span class='ocr_line' id='line_1_36' title="bbox 44 4687 1335 4772; baseline 0.003 -25"><span class='ocrx_word' id='word_1_374' title='bbox 44 4687 123 4748; x_wconf 82' lang='grc' dir='ltr'>εἰπεῖν</span> <span class='ocrx_word' id='word_1_375' title='bbox 147 4695 198 4768; x_wconf 70' lang='grc' dir='ltr'>τῆς</span> <span class='ocrx_word' id='word_1_376' title='bbox 219 4691 378 4772; x_wconf 90' lang='grc' dir='ltr'>γερουσίας,</span> <span class='ocrx_word' id='word_1_377' title='bbox 403 4691 432 4749; x_wconf 80' lang='grc' dir='ltr'>ού</span> <span class='ocrx_word' id='word_1_378' title='bbox 455 4689 510 4768; x_wconf 78' lang='grc' dir='ltr'>μὴν</span> <span class='ocrx_word' id='word_1_379' title='bbox 533 4689 564 4751; x_wconf 83' lang='grc' dir='ltr'>δὲ</span> <span class='ocrx_word' id='word_1_380' title='bbox 585 4689 633 4751; x_wconf 90' lang='grc' dir='ltr'>καὶ</span> <span class='ocrx_word' id='word_1_381' title='bbox 654 4695 704 4766; x_wconf 80' lang='grc' dir='ltr'>τῆς</span> <span class='ocrx_word' id='word_1_382' title='bbox 726 4689 857 4762; x_wconf 88' lang='grc' dir='ltr'>νεολαίας</span> <span class='ocrx_word' id='word_1_383' title='bbox 878 4697 933 4750; x_wconf 86' lang='grc' dir='ltr'>τῶν</span> <span class='ocrx_word' id='word_1_384' title='bbox 955 4697 1086 4770; x_wconf 85' lang='grc' dir='ltr'>μοναχῶν</span> <span class='ocrx_word' id='word_1_385' title='bbox 1109 4692 1195 4772; x_wconf 80' lang='grc' dir='ltr'>λύγον</span> <span class='ocrx_word' id='word_1_386' title='bbox 1218 4691 1335 4770; x_wconf 85' lang='grc' dir='ltr'>ἐχούσης</span> 
     </span>
    </p>
   </div>
   <div class='ocr_carea' id='block_1_6' title="bbox 0 0 1586 5270">
    <p class='ocr_par' dir='ltr' id='par_1_6' title="bbox 0 0 1586 5270">
     <span class='ocr_line' id='line_1_37' title="bbox 0 0 1586 5270; baseline 0 0"><span class='ocrx_word' id='word_1_387' title='bbox 0 0 1586 5270; x_wconf 95' lang='lat' dir='ltr'> </span> 
     </span>
    </p>
   </div>
  </div>
 </body>
</html>
