3184 5288
1285 353 1346 416 129

67 545 224 620 ὲξαμωθηναι
251 545 327 623 παρὰ
352 549 399 604 τοῦ
420 545 483 604 καθ’
506 545 581 620 ἡμᾶς
609 545 736 624 σενρέτου
763 545 834 604 κατὰ
856 545 905 619 τὴν
927 546 1068 620 συνήθειαν
1090 544 1137 605 καὶ
1158 545 1345 624 παραδοθῆναι

66 668 139 736 οθτοῑς
159 667 188 726 τδ
212 665 245 725 ἐιι
267 671 364 741 ποινῆς
386 663 451 747 παρ’
474 667 560 726 αἰιτιῖιν
589 663 666 738 ἰδίοις
695 665 874 740 ἀναλώμασιν
902 667 1074 744 ναυπηγηθὲν
1101 665 1208 746 πλοῖον,
1232 669 1270 740 ὡς
1292 673 1346 728 τῶν

61 791 199 866 προσόντων
228 787 295 870 αθιῇ
323 787 424 868 ἑτέρων
452 785 638 863 ἐξημωμένων
665 783 713 846 καὶ
739 785 973 867 παραδεδομένων
995 787 1100 848 πλοίων
1123 787 1244 867 ναυαγίῳ
1265 808 1345 880 περι-

61 911 192 970 πεσόντων.
222 911 306 987 ἡμεῖς
329 908 358 968 ἐν
381 905 489 990 σίνριβεϊ
509 907 681 990 πληροφορίᾳ
703 907 779 979 ὄντες
800 911 848 969 τοῦ
870 906 1019 984 ἰδιόππητον
1043 903 1111 968 είναι
1134 915 1166 992 τῇ
1190 909 1345 992 δηλωθείοῃ

60 1052 119 1114 μονη
144 1033 174 1090 τ“ο
200 1032 310 1111 πλοῖον,
338 1031 494 1102 ἐπιστάντες
520 1030 558 1110 τῷ
587 1027 707 1108 αἰγιαλῷ
735 1033 781 1090 τοῦ
809 1029 944 1112 Νεωρίου,
968 1031 997 1090 ἐν
1020 1025 1043 1110 ᾧ
1065 1033 1095 1091 το
1117 1035 1235 1092 τοιοῦτον
1264 1030 1346 1092 ἐλλι-

59 1153 169 1224 μειίζετο
199 1152 307 1233 πλοῖον,
341 1153 380 1232 τῷ
410 1154 517 1228 συνήθει
546 1149 641 1231 ἐξάμιρ
670 1155 748 1212 τοῦτο
777 1153 1029 1228 καθυπεβάλλομεν
1058 1153 1192 1234 παρουσίᾳ
1219 1153 1272 1213 ἀπό
1295 1153 1346 1228 μὲν

58 1279 94 1332 τοῦ
112 1275 174 1333 καθ’
190 1276 266 1352 ἡμᾶς
288 1276 416 1354 σεαρὲτσυ
436 1275 565 1334 Ἰωάννου
585 1274 760 1352 ἀναγνώστου
782 1278 828 1333 τοῦ
848 1275 1027 1354 Καματηροῡ,
1049 1279 1096 1334 τοῦ
1119 1274 1293 1355 ἐνεργοῦντος
1315 1277 1345 1335 τδ

57 1397 336 1478 πρωτομανδατορυιδν
363 1396 482 1476 όρρίιιισν
506 1394 603 1475 δικαίῳ
630 1399 676 1455 τοῦ
698 1395 886 1470 πανσεβοὶστου
909 1395 1041 1471 σεβαστοῦ
1063 1395 1110 1456 καὶ
1134 1395 1177 1456 ἐπὶ
1200 1402 1253 1456 τῶν
1276 1396 1346 1472 δεή-

57 1538 126 1598 σεων,
148 1522 231 1598 σωροῦ
247 1517 452 1578 Κωνσταντίνου
474 1522 521 1578 τοῦ
536 1515 670 1596 Τορνίνη,
695 1517 840 1577 Βασιλείαν
866 1521 913 1577 τοῦ
936 1518 1165 1599 Ἀρμενοποθλου,
1191 1523 1238 1578 τοῦ
1267 1518 1344 1598 ἐνερ-

56 1647 158 1716 γοῦντος
180 1641 211 1700 τό
234 1641 455 1720 πρωτοελοιτικδν
483 1637 581 1718 διπαίῳ
608 1642 655 1698 τοῦ
682 1638 825 1713 βασιλικοῦ
853 1637 1029 1718 βεοτιαρίτσυ,
1053 1642 1099 1700 τοῦ
1123 1638 1276 1714 Είιστσιθίου,
1300 1645 1346 1700 τοῦ

57 1761 263 1840 Κοοταμονίτου,
290 1766 336 1822 τοῦ
358 1762 532 1843 Συρσποόλου
556 1758 698 1841 Ἰωάννου,
725 1764 772 1820 τοῦ
793 1759 878 1832 Τζίτα
901 1760 1113 1840 Κωνσταντίνου,
1138 1761 1274 1836 Μανονηλ
1300 1765 1346 1821 τοῦ

57 1883 186 1958 ίίιινάμου
212 1883 259 1942 παὶ
288 1885 397 1965 ἑτέρων,
429 1883 483 1944 άπδ
506 1883 538 1943 δὲ
560 1887 606 1944 τοῦ
633 1885 733 1962 μέρους
759 1887 807 1958 τῆς
836 1887 922 1958 μονῆς
951 1886 997 1942 τοῦ
1019 1884 1180 1957 τιμιωτάτου
1202 1883 1344 1961 καθηγου-

57 2007 129 2077 μένου
161 2010 244 2086 πυροῦ
280 2005 428 2084 Ἀρσενίου,
462 2007 509 2065 τοῦ
540 2008 662 2082 μσνσιχοῦ
691 2007 773 2084 πυροῦ
805 2002 1004 2084 Χριστσδοίιλου
1037 2003 1084 2064 καὶ
1117 2001 1270 2084 οἰκονόμου,
1299 2008 1347 2063 τοῦ

57 2131 167 2203 μονσχοῦ
199 2131 282 2208 πυροῦ
312 2125 460 2208 Μελετίου,
490 2125 537 2186 παὶ
566 2131 613 2186 τοῦ
644 2130 766 2204 μοναχσῦ
795 2130 877 2206 πυροῦ
904 2123 1061 2184 Ἀντωνίου·
1087 2125 1260 2197 διαταθέντος
1290 2125 1345 2205 γὰρ

58 2248 123 2320 μίτον
144 2248 218 2328 παρὰ
244 2253 291 2308 τοῦ
314 2249 485 2329 Συρσποὺλου
508 2247 635 2309 Ἰωάννου
657 2246 703 2307 ιιαὶ
726 2251 771 2308 τοῦ
795 2247 969 2326 ἐνεργοῦντος
991 2248 1021 2307 τό
1043 2246 1344 2328 πρωτομανδατορυιόν,

56 2374 95 2427 τοῦ
117 2371 294 2450 Καματηρσῦ,
322 2371 418 2450 εὑρέθη
446 2373 476 2430 τό
500 2376 589 2446 μῆκος
610 2372 725 2448 πήχεων
748 2368 908 2446 δεκαπέντε,
935 2369 966 2428 τδ
992 2368 1099 2440 πλάτος
1125 2371 1239 2447 πηχεων
1267 2369 1344 2448 ἑπτά,

57 2487 96 2546 καὶ
116 2493 145 2550 τό
168 2491 253 2566 βάθος
276 2495 390 2570 πήχεων
413 2493 460 2552 δύο
479 2493 572 2570 ἥμισυ,
595 2485 632 2550 ὧν
657 2489 690 2566 δὴ
714 2489 905 2565 διαστημάτων
928 2490 1166 2568 συμψηρισθέντων
1185 2491 1249 2570 παρ’
1265 2491 1343 2567 ἡμῶν

57 2612 119 2670 ιατόι
132 2613 161 2672 τό
177 2614 302 2694 σύνηθες,
318 2613 414 2695 εὑρέθη
431 2615 448 2688 ἡ
464 2616 585 2694 χώρησις
607 2615 652 2671 τοῦ
674 2611 795 2672 τοιούτου
816 2611 915 2670 πλοίου
938 2610 1040 2686 μοδίων
1063 2611 1219 2670 θαλασσίων
1244 2610 1343 2692 ,αροβ’,

58 2731 94 2810 ἄρ’
114 2728 149 2792 ὧν
168 2737 394 2795 καταπεσθέντων
417 2735 519 2811 μοδίων
543 2734 639 2795 ἑκατόν
661 2736 841 2813 πεντήκοντα,
864 2733 949 2812 ἤγουν
973 2731 1016 2792 ἐπὶ
1040 2733 1090 2816 μιᾷ
1112 2732 1218 2810 χιλιάδι
1241 2733 1344 2807 μοδίων

56 2853 142 2914 ἑποιτδν
165 2857 235 2916 κατὰ
256 2857 288 2916 τό
310 2855 372 2937 περὶ
394 2858 485 2918 τσότου
507 2857 680 2936 πρόσταγμα,
704 2855 865 2930 ἐναπέμεινε
888 2856 919 2914 τό
940 2862 1057 2914 τοιοῦτον
1080 2854 1177 2914 πλοῖον
1193 2857 1344 2932 χωρήσεως

55 2965 151 3047 μοδίωνλ
169 2977 326 3038 θαλασσίων
350 2976 447 3060 ,οωπβᾎ
471 2975 519 3038 οιαὶ
540 2976 680 3058 παρεδόθη
703 2976 742 3055 τῷ
765 2978 843 3056 μέρει
865 2981 915 3054 τῆς
937 2976 1061 3048 τοιαύτης
1084 2982 1180 3056 μονῆς,
1204 2975 1273 3034 ὥστε
1297 2975 1342 3048 ἐς·

55 3101 235 3160 νουσσεόεοθσιι
265 3101 337 3160 κατὰ
364 3101 414 3176 τὴν
443 3099 589 3180 περίληψιν
620 3097 668 3158 καὶ
698 3096 809 3174 δόναμιν
840 3101 886 3158 τοῦ
915 3101 1098 3176 προσπυνητοῦ
1129 3097 1208 3156 αὺτοῦ
1239 3117 1342 3177 χρυσο-

57 3219 167 3289 βοόλλσυ
199 3221 262 3302 περὶ
282 3211 466 3297 Ιἑξαονσσείας
494 3220 610 3282 πλοίων.
645 3219 722 3295 μηνὶ
753 3217 925 3299 όιιτωβρίῳ
955 3216 1162 3290 ίνδικτιῶνος
1191 3215 1237 3279 ιδ’,
1267 3216 1343 3299 εἴπερ

59 3345 141 3414 μέντοι
167 3344 376 3426 μετασπευοισθῄ
403 3345 433 3402 τό
460 3347 579 3402 τοιοῦτον
607 3343 704 3402 πλοῖον
730 3341 777 3400 οιαὶ
804 3339 932 3411 πλείονος
960 3341 1056 3422 εὑρεθῇ
1078 3343 1239 3421 χωρησεως,
1263 3340 1344 3415 ἡμεῖς

59 3464 183 3526 ἑνεθθυνσι
206 3468 290 3525 ἕνεκα
312 3465 404 3525 τούτου
427 3464 692 3545 διατηρηθησόμεθα.
716 3465 737 3544 †

150 3588 169 3664 ’s
193 3587 229 3646 ‘0
247 3586 424 3659 βασιλικός
439 3587 593 3666 νοτάριος
608 3588 662 3644 τοῦ
678 3585 838 3662 σεπρέτον
852 3589 910 3659 τῆς
925 3582 1098 3658 θαλάσσης
1114 3581 1342 3663 Θεοχάριστος

58 3705 69 3762 ό
91 3705 269 3786 Είρηνιιιός.
293 3709 313 3788 †

150 3830 229 3908 †'0
261 3829 439 3905 βασιλιιιδς
475 3825 631 3908 νοτάριος
667 3833 722 3887 τοῦ
759 3829 855 3887 αὐτοῦ
893 3829 1049 3908 σεκρέτου
1084 3825 1294 3904 Ἀνδρόνικος
1328 3827 1343 3884 δ

59 3947 271 4032 Σπληνιάρης.
296 3952 316 4029 †

152 4073 230 4152 †'0
259 4072 439 4149 βασιλικός
468 4071 620 4150 νοτάριος
645 4073 701 4131 τοῦ
727 4071 886 4150 σενιρότου
912 4074 972 4145 τῆς
999 4068 1170 4144 θαλάσσης
1200 4067 1340 4146 όΣγου-

59 4156 157 4236 νόει

153 4282 225 4362 ῒὉ
249 4281 430 4357 βασιλικός
452 4283 606 4360 νοτάριος
628 4283 682 4340 τοῦ
705 4279 865 4358 σενιρέτου
887 4282 945 4352 τῆς
968 4276 1143 4352 θαλάσσης
1166 4276 1341 4334 Κωνοταν-

60 4403 140 4474 τῐνσς
160 4404 173 4462 δ
194 4405 347 4482 Σχοινᾶς.
372 4405 392 4483 †

155 4526 230 4605 †‘0
253 4525 430 4598 βασιλικός
456 4525 609 4604 νστάριος
636 4527 691 4583 τοῦ
717 4523 877 4600 σεσιρέτου
899 4526 958 4597 τῆς
980 4519 1152 4594 θαλάσσης
1175 4513 1342 4598 Γεὼργιος

60 4643 73 4700 ό
93 4646 204 4718 Ζέτας.
227 4649 247 4728 †

1118 4742 1135 4791 9
