<?xml version="1.0" encoding="UTF-8"?>
<!DOCTYPE html PUBLIC "-//W3C//DTD XHTML 1.0 Transitional//EN"
    "http://www.w3.org/TR/xhtml1/DTD/xhtml1-transitional.dtd">
<html xmlns="http://www.w3.org/1999/xhtml" xml:lang="en" lang="en">
 <head>
  <title>
</title>
<meta http-equiv="Content-Type" content="text/html;charset=utf-8" />
  <meta name='ocr-system' content='tesseract 3.04.00' />
  <meta name='ocr-capabilities' content='ocr_page ocr_carea ocr_par ocr_line ocrx_word'/>
</head>
<body>
  <div class='ocr_page' id='page_1' title='image "./actaetdiplomata02miklgoog_0343.png"; bbox 0 0 3162 5278; ppageno 0'>
   <div class='ocr_carea' id='block_1_1' title="bbox 241 308 304 372">
    <p class='ocr_par' dir='ltr' id='par_1_1' title="bbox 241 308 304 372">
     <span class='ocr_line' id='line_1_1' title="bbox 241 308 304 372; baseline 0 0"><span class='ocrx_word' id='word_1_1' title='bbox 241 308 304 372; x_wconf 75' lang='lat'>328</span> 
     </span>
    </p>
   </div>
   <div class='ocr_carea' id='block_1_2' title="bbox 240 503 1531 1002">
    <p class='ocr_par' dir='ltr' id='par_1_2' title="bbox 240 503 1531 1002">
     <span class='ocr_line' id='line_1_2' title="bbox 241 503 1530 582; baseline 0.002 -20"><span class='ocrx_word' id='word_1_2' title='bbox 241 503 359 576; x_wconf 77' lang='grc' dir='ltr'>βάλλειν</span> <span class='ocrx_word' id='word_1_3' title='bbox 386 505 434 577; x_wconf 79' lang='grc' dir='ltr'>τἠν</span> <span class='ocrx_word' id='word_1_4' title='bbox 461 504 630 579; x_wconf 78' lang='grc' dir='ltr'>ἀλήθειαν».</span> <span class='ocrx_word' id='word_1_5' title='bbox 659 511 743 564; x_wconf 70' lang='lat' dir='ltr'><em>Addit</em></span> <span class='ocrx_word' id='word_1_6' title='bbox 770 513 819 581; x_wconf 82' lang='grc' dir='ltr'>φατ’</span> <span class='ocrx_word' id='word_1_7' title='bbox 846 513 923 566; x_wconf 75' lang='lat' dir='ltr'><strong><em>nobis</em></strong></span> <span class='ocrx_word' id='word_1_8' title='bbox 950 513 1094 582; x_wconf 63' lang='lat' dir='ltr'>desen&#39;pait</span> <span class='ocrx_word' id='word_1_9' title='bbox 1122 513 1196 566; x_wconf 79' lang='grc' dir='ltr'>οίίασ</span> <span class='ocrx_word' id='word_1_10' title='bbox 1227 513 1335 568; x_wconf 67' lang='lat' dir='ltr'>tabulas</span> <span class='ocrx_word' id='word_1_11' title='bbox 1364 517 1530 570; x_wconf 68' lang='grc' dir='ltr'>κοινοτάτην.-</span> 
     </span>
     <span class='ocr_line' id='line_1_3' title="bbox 240 605 1531 692; baseline 0.004 -26"><span class='ocrx_word' id='word_1_12' title='bbox 240 607 311 666; x_wconf 85' lang='grc' dir='ltr'>κατά</span> <span class='ocrx_word' id='word_1_13' title='bbox 333 614 407 684; x_wconf 89' lang='grc' dir='ltr'>μῆνα</span> <span class='ocrx_word' id='word_1_14' title='bbox 430 605 537 686; x_wconf 79' lang='grc' dir='ltr'>ίοῦνιον,</span> <span class='ocrx_word' id='word_1_15' title='bbox 566 608 755 684; x_wconf 84' lang='grc' dir='ltr'>ἑπινεμῆσεως</span> <span class='ocrx_word' id='word_1_16' title='bbox 776 611 899 688; x_wconf 99' lang='grc' dir='ltr'>πρώτης,</span> <span class='ocrx_word' id='word_1_17' title='bbox 929 610 999 686; x_wconf 76' lang='grc' dir='ltr'>μετὰ</span> <span class='ocrx_word' id='word_1_18' title='bbox 1030 607 1099 668; x_wconf 88' lang='grc' dir='ltr'>δέκα</span> <span class='ocrx_word' id='word_1_19' title='bbox 1126 610 1273 670; x_wconf 80' lang='grc' dir='ltr'>συναδικῶν</span> <span class='ocrx_word' id='word_1_20' title='bbox 1300 613 1461 692; x_wconf 70' lang='grc' dir='ltr'>ἀπογραφῶν</span> <span class='ocrx_word' id='word_1_21' title='bbox 1490 614 1531 673; x_wconf 87' lang='grc' dir='ltr'>καὶ</span> 
     </span>
     <span class='ocr_line' id='line_1_4' title="bbox 241 709 1530 794; baseline 0.002 -24"><span class='ocrx_word' id='word_1_22' title='bbox 241 711 409 790; x_wconf 85' lang='grc' dir='ltr'>μολυβδίνης</span> <span class='ocrx_word' id='word_1_23' title='bbox 438 713 584 792; x_wconf 77' lang='grc' dir='ltr'>σφραγῖδος</span> <span class='ocrx_word' id='word_1_24' title='bbox 611 713 732 792; x_wconf 84' lang='grc' dir='ltr'>ἐπικυροῐ</span> <span class='ocrx_word' id='word_1_25' title='bbox 758 713 791 772; x_wconf 87' lang='grc' dir='ltr'>τά</span> <span class='ocrx_word' id='word_1_26' title='bbox 818 709 1007 792; x_wconf 84' lang='grc' dir='ltr'>κληρονομικόι</span> <span class='ocrx_word' id='word_1_27' title='bbox 1034 712 1080 774; x_wconf 87' lang='grc' dir='ltr'>καί</span> <span class='ocrx_word' id='word_1_28' title='bbox 1110 711 1274 794; x_wconf 81' lang='grc' dir='ltr'>ἀναφαίρετα</span> <span class='ocrx_word' id='word_1_29' title='bbox 1303 715 1396 776; x_wconf 88' lang='grc' dir='ltr'>δίκαια</span> <span class='ocrx_word' id='word_1_30' title='bbox 1424 717 1468 776; x_wconf 86' lang='grc' dir='ltr'>διά</span> <span class='ocrx_word' id='word_1_31' title='bbox 1488 721 1530 790; x_wconf 73' lang='grc' dir='ltr'>την</span> 
     </span>
     <span class='ocr_line' id='line_1_5' title="bbox 242 815 1530 902; baseline 0.005 -28"><span class='ocrx_word' id='word_1_32' title='bbox 242 815 391 889; x_wconf 73' lang='grc' dir='ltr'>ἐκκλησίαν</span> <span class='ocrx_word' id='word_1_33' title='bbox 417 821 463 877; x_wconf 83' lang='grc' dir='ltr'>τοῦ</span> <span class='ocrx_word' id='word_1_34' title='bbox 486 817 564 896; x_wconf 81' lang='grc' dir='ltr'>ἁγίου</span> <span class='ocrx_word' id='word_1_35' title='bbox 586 817 723 897; x_wconf 87' lang='grc' dir='ltr'>Γεωργίου</span> <span class='ocrx_word' id='word_1_36' title='bbox 744 822 794 892; x_wconf 90' lang='grc' dir='ltr'>τῆς</span> <span class='ocrx_word' id='word_1_37' title='bbox 820 818 910 890; x_wconf 80' lang='grc' dir='ltr'>Πόθος</span> <span class='ocrx_word' id='word_1_38' title='bbox 938 815 976 890; x_wconf 90' lang='grc' dir='ltr'>είς</span> <span class='ocrx_word' id='word_1_39' title='bbox 1003 817 1140 877; x_wconf 75' lang='grc' dir='ltr'>τὰτέκνα</span> <span class='ocrx_word' id='word_1_40' title='bbox 1163 823 1209 878; x_wconf 85' lang='grc' dir='ltr'>τοῦ</span> <span class='ocrx_word' id='word_1_41' title='bbox 1231 819 1251 876; x_wconf 90' lang='grc' dir='ltr'>Γ</span> <span class='ocrx_word' id='word_1_42' title='bbox 1254 820 1383 902; x_wconf 90' lang='grc' dir='ltr'>εωργίου,</span> <span class='ocrx_word' id='word_1_43' title='bbox 1411 820 1466 881; x_wconf 83' lang='grc' dir='ltr'>υἱοῦ</span> <span class='ocrx_word' id='word_1_44' title='bbox 1487 829 1530 897; x_wconf 81' lang='grc' dir='ltr'>τῆς</span> 
     </span>
     <span class='ocr_line' id='line_1_6' title="bbox 242 917 1290 1002; baseline 0.003 -22"><span class='ocrx_word' id='word_1_45' title='bbox 242 919 401 998; x_wconf 85' lang='grc' dir='ltr'>Θεολογσῦς</span> <span class='ocrx_word' id='word_1_46' title='bbox 423 917 469 980; x_wconf 87' lang='grc' dir='ltr'>καί</span> <span class='ocrx_word' id='word_1_47' title='bbox 492 927 541 996; x_wconf 90' lang='grc' dir='ltr'>τῆς</span> <span class='ocrx_word' id='word_1_48' title='bbox 565 917 682 1002; x_wconf 79' lang='grc' dir='ltr'>Ἀννης,</span> <span class='ocrx_word' id='word_1_49' title='bbox 706 922 838 1001; x_wconf 74' lang='grc' dir='ltr'>θυγατρός</span> <span class='ocrx_word' id='word_1_50' title='bbox 863 921 978 996; x_wconf 86' lang='grc' dir='ltr'>Κοιλῆς.</span> <span class='ocrx_word' id='word_1_51' title='bbox 1005 928 1110 997; x_wconf 79' lang='lat' dir='ltr'><em>Confer.</em></span> <span class='ocrx_word' id='word_1_52' title='bbox 1134 947 1183 982; x_wconf 83' lang='lat' dir='ltr'>nro</span> <span class='ocrx_word' id='word_1_53' title='bbox 1202 930 1290 984; x_wconf 77' lang='lat' dir='ltr'><em>CLII.</em></span> 
     </span>
    </p>
   </div>
   <div class='ocr_carea' id='block_1_3' title="bbox 329 1212 1450 1436">
    <p class='ocr_par' dir='ltr' id='par_1_3' title="bbox 329 1212 1450 1436">
     <span class='ocr_line' id='line_1_7' title="bbox 483 1212 1293 1299; baseline 0.001 -20"><span class='ocrx_word' id='word_1_54' title='bbox 483 1213 615 1280; x_wconf 86' lang='lat' dir='ltr'>CXLV.</span> <span class='ocrx_word' id='word_1_55' title='bbox 641 1212 865 1297; x_wconf 75' lang='lat'>7230-1722‚</span> <span class='ocrx_word' id='word_1_56' title='bbox 889 1235 999 1278; x_wconf 81' lang='lat' dir='ltr'><strong>menso</strong></span> <span class='ocrx_word' id='word_1_57' title='bbox 1022 1215 1118 1299; x_wconf 87' lang='lat' dir='ltr'>iunio,</span> <span class='ocrx_word' id='word_1_58' title='bbox 1141 1214 1197 1280; x_wconf 90' lang='lat' dir='ltr'>ind</span> <span class='ocrx_word' id='word_1_59' title='bbox 1219 1215 1293 1280; x_wconf 76' lang='lat' dir='ltr'>XV,</span> 
     </span>
     <span class='ocr_line' id='line_1_8' title="bbox 329 1363 1450 1436; baseline 0 -18"><span class='ocrx_word' id='word_1_60' title='bbox 329 1363 494 1418; x_wconf 78' lang='grc' dir='ltr'>Ραίνίανσάσ</span> <span class='ocrx_word' id='word_1_61' title='bbox 518 1365 647 1420; x_wconf 68' lang='lat' dir='ltr'><strong><em>Ieremias</em></strong></span> <span class='ocrx_word' id='word_1_62' title='bbox 664 1365 723 1420; x_wconf 89' lang='grc' dir='ltr'><em>ΙΙΙ.</em></span> <span class='ocrx_word' id='word_1_63' title='bbox 748 1363 889 1434; x_wconf 74' lang='lat' dir='ltr'><strong><em>confirmat</em></strong></span> <span class='ocrx_word' id='word_1_64' title='bbox 906 1365 1058 1436; x_wconf 71' lang='grc' dir='ltr'>μνίυίὶεφία</span> <span class='ocrx_word' id='word_1_65' title='bbox 1081 1371 1106 1418; x_wconf 78' lang='lat' dir='ltr'>et</span> <span class='ocrx_word' id='word_1_66' title='bbox 1128 1366 1264 1420; x_wconf 79' lang='grc' dir='ltr'>ίίόονόσόοε</span> <span class='ocrx_word' id='word_1_67' title='bbox 1287 1366 1450 1420; x_wconf 69' lang='lat' dir='ltr'>monasterii.</span> 
     </span>
    </p>
   </div>
   <div class='ocr_carea' id='block_1_4' title="bbox 345 1548 1531 1630">
    <p class='ocr_par' dir='ltr' id='par_1_4' title="bbox 345 1548 1531 1630">
     <span class='ocr_line' id='line_1_9' title="bbox 345 1548 1531 1630; baseline 0.003 -23"><span class='ocrx_word' id='word_1_68' title='bbox 345 1548 571 1629; x_wconf 65' lang='grc' dir='ltr'>γἸερεμίας,</span> <span class='ocrx_word' id='word_1_69' title='bbox 605 1549 692 1628; x_wconf 86' lang='grc' dir='ltr'>ἐλέῳ</span> <span class='ocrx_word' id='word_1_70' title='bbox 726 1550 801 1609; x_wconf 88' lang='grc' dir='ltr'>θεοῦ</span> <span class='ocrx_word' id='word_1_71' title='bbox 836 1549 1101 1628; x_wconf 87' lang='grc' dir='ltr'>ἀρχιεπίσκσπος</span> <span class='ocrx_word' id='word_1_72' title='bbox 1135 1551 1531 1630; x_wconf 79' lang='grc' dir='ltr'>Κωνσεαντινουπόλεως,</span> 
     </span>
    </p>
   </div>
   <div class='ocr_carea' id='block_1_5' title="bbox 242 1669 1120 1751">
    <p class='ocr_par' dir='ltr' id='par_1_5' title="bbox 242 1669 1120 1751">
     <span class='ocr_line' id='line_1_10' title="bbox 242 1669 1120 1751; baseline 0.001 -21"><span class='ocrx_word' id='word_1_73' title='bbox 242 1669 332 1742; x_wconf 85' lang='grc' dir='ltr'>Νέας</span> <span class='ocrx_word' id='word_1_74' title='bbox 355 1670 498 1749; x_wconf 80' lang='grc' dir='ltr'>Ῥώμης,</span> <span class='ocrx_word' id='word_1_75' title='bbox 521 1669 576 1730; x_wconf 89' lang='grc' dir='ltr'>καί</span> <span class='ocrx_word' id='word_1_76' title='bbox 600 1669 835 1746; x_wconf 80' lang='grc' dir='ltr'>οίκουμενικδς</span> <span class='ocrx_word' id='word_1_77' title='bbox 857 1673 1074 1751; x_wconf 86' lang='grc' dir='ltr'>πατριάρχης.</span> <span class='ocrx_word' id='word_1_78' title='bbox 1099 1672 1120 1751; x_wconf 88' lang='lat'>†</span> 
     </span>
    </p>
   </div>
   <div class='ocr_carea' id='block_1_6' title="bbox 242 1844 1534 4366">
    <p class='ocr_par' dir='ltr' id='par_1_6' title="bbox 242 1844 1534 4366">
     <span class='ocr_line' id='line_1_11' title="bbox 345 1844 1532 1928; baseline 0.002 -24"><span class='ocrx_word' id='word_1_79' title='bbox 345 1845 366 1920; x_wconf 91' lang='lat'>†</span> <span class='ocrx_word' id='word_1_80' title='bbox 392 1844 475 1917; x_wconf 83' lang='grc' dir='ltr'>Ἔθος</span> <span class='ocrx_word' id='word_1_81' title='bbox 506 1845 689 1924; x_wconf 76' lang='grc' dir='ltr'>ἐπεκράτησεν</span> <span class='ocrx_word' id='word_1_82' title='bbox 721 1846 823 1905; x_wconf 81' lang='grc' dir='ltr'>ἀνωθεν</span> <span class='ocrx_word' id='word_1_83' title='bbox 857 1845 955 1918; x_wconf 91' lang='grc' dir='ltr'>καλῶς</span> <span class='ocrx_word' id='word_1_84' title='bbox 989 1845 1019 1918; x_wconf 91' lang='grc' dir='ltr'>ἐς</span> <span class='ocrx_word' id='word_1_85' title='bbox 1051 1845 1085 1904; x_wconf 82' lang='grc' dir='ltr'>τὰ</span> <span class='ocrx_word' id='word_1_86' title='bbox 1114 1847 1236 1920; x_wconf 90' lang='grc' dir='ltr'>μάλιστα</span> <span class='ocrx_word' id='word_1_87' title='bbox 1268 1845 1315 1906; x_wconf 90' lang='grc' dir='ltr'>καὶ</span> <span class='ocrx_word' id='word_1_88' title='bbox 1348 1849 1532 1928; x_wconf 82' lang='grc' dir='ltr'>προσηκόντως</span> 
     </span>
     <span class='ocr_line' id='line_1_12' title="bbox 242 1967 1532 2051; baseline 0.001 -26"><span class='ocrx_word' id='word_1_89' title='bbox 242 1967 464 2047; x_wconf 86' lang='grc' dir='ltr'>διενεργοθμενον</span> <span class='ocrx_word' id='word_1_90' title='bbox 496 1967 525 2026; x_wconf 91' lang='grc' dir='ltr'>ἐν</span> <span class='ocrx_word' id='word_1_91' title='bbox 554 1973 587 2050; x_wconf 84' lang='grc' dir='ltr'>τῆ</span> <span class='ocrx_word' id='word_1_92' title='bbox 618 1967 679 2028; x_wconf 87' lang='grc' dir='ltr'>καθ’</span> <span class='ocrx_word' id='word_1_93' title='bbox 707 1970 782 2044; x_wconf 74' lang='grc' dir='ltr'>ἡμᾶς</span> <span class='ocrx_word' id='word_1_94' title='bbox 810 1969 947 2049; x_wconf 78' lang='grc' dir='ltr'>ἁγιωτάτῃ</span> <span class='ocrx_word' id='word_1_95' title='bbox 976 1973 1022 2027; x_wconf 87' lang='grc' dir='ltr'>τοῦ</span> <span class='ocrx_word' id='word_1_96' title='bbox 1045 1969 1158 2048; x_wconf 79' lang='grc' dir='ltr'>Χριστοῦ</span> <span class='ocrx_word' id='word_1_97' title='bbox 1185 1969 1299 2051; x_wconf 85' lang='grc' dir='ltr'>μεγάλῃ</span> <span class='ocrx_word' id='word_1_98' title='bbox 1330 1969 1466 2049; x_wconf 79' lang='grc' dir='ltr'>ἐκκλησία</span> <span class='ocrx_word' id='word_1_99' title='bbox 1492 1967 1532 2026; x_wconf 80' lang='grc' dir='ltr'>καὶ</span> 
     </span>
     <span class='ocr_line' id='line_1_13' title="bbox 242 2087 1533 2172; baseline 0 -24"><span class='ocrx_word' id='word_1_100' title='bbox 242 2095 274 2170; x_wconf 81' lang='grc' dir='ltr'>τῇ</span> <span class='ocrx_word' id='word_1_101' title='bbox 305 2094 351 2149; x_wconf 88' lang='grc' dir='ltr'>τοῦ</span> <span class='ocrx_word' id='word_1_102' title='bbox 380 2087 568 2166; x_wconf 84' lang='grc' dir='ltr'>οίκσυμενικοῦ</span> <span class='ocrx_word' id='word_1_103' title='bbox 598 2091 691 2168; x_wconf 88' lang='grc' dir='ltr'>θρόνου</span> <span class='ocrx_word' id='word_1_104' title='bbox 721 2095 904 2171; x_wconf 85' lang='grc' dir='ltr'>πατριαρχικῆ</span> <span class='ocrx_word' id='word_1_105' title='bbox 933 2097 1055 2172; x_wconf 86' lang='grc' dir='ltr'>περιωπῆ</span> <span class='ocrx_word' id='word_1_106' title='bbox 1086 2088 1133 2150; x_wconf 79' lang='grc' dir='ltr'>καί</span> <span class='ocrx_word' id='word_1_107' title='bbox 1163 2091 1369 2170; x_wconf 77' lang='grc' dir='ltr'>μεγαλειότητι,</span> <span class='ocrx_word' id='word_1_108' title='bbox 1405 2093 1477 2163; x_wconf 75' lang='grc' dir='ltr'>ὅπως</span> <span class='ocrx_word' id='word_1_109' title='bbox 1504 2091 1533 2148; x_wconf 81' lang='grc' dir='ltr'>τέ</span> 
     </span>
     <span class='ocr_line' id='line_1_14' title="bbox 242 2211 1533 2294; baseline -0.003 -22"><span class='ocrx_word' id='word_1_110' title='bbox 242 2212 407 2288; x_wconf 76' lang='grc' dir='ltr'>ἀποκείμενα</span> <span class='ocrx_word' id='word_1_111' title='bbox 435 2218 466 2294; x_wconf 81' lang='grc' dir='ltr'>τῇ</span> <span class='ocrx_word' id='word_1_112' title='bbox 497 2211 646 2294; x_wconf 73' lang='grc' dir='ltr'>προστασίᾳ</span> <span class='ocrx_word' id='word_1_113' title='bbox 676 2211 722 2270; x_wconf 89' lang='grc' dir='ltr'>καί</span> <span class='ocrx_word' id='word_1_114' title='bbox 754 2211 923 2290; x_wconf 85' lang='grc' dir='ltr'>δεφενδεθσει</span> <span class='ocrx_word' id='word_1_115' title='bbox 955 2213 1034 2271; x_wconf 73' lang='grc' dir='ltr'>αὐτοῦ</span> <span class='ocrx_word' id='word_1_116' title='bbox 1065 2211 1124 2292; x_wconf 89' lang='grc' dir='ltr'>ἱερά</span> <span class='ocrx_word' id='word_1_117' title='bbox 1151 2215 1338 2294; x_wconf 80' lang='grc' dir='ltr'>σταυροπηγια</span> <span class='ocrx_word' id='word_1_118' title='bbox 1367 2211 1415 2272; x_wconf 86' lang='grc' dir='ltr'>καί</span> <span class='ocrx_word' id='word_1_119' title='bbox 1441 2214 1533 2272; x_wconf 76' lang='grc' dir='ltr'>τούτων</span> 
     </span>
     <span class='ocr_line' id='line_1_15' title="bbox 243 2332 1534 2414; baseline -0.002 -20"><span class='ocrx_word' id='word_1_120' title='bbox 243 2335 372 2414; x_wconf 84' lang='grc' dir='ltr'>μάλιστα,</span> <span class='ocrx_word' id='word_1_121' title='bbox 407 2336 458 2394; x_wconf 84' lang='grc' dir='ltr'>όσα</span> <span class='ocrx_word' id='word_1_122' title='bbox 489 2333 622 2392; x_wconf 87' lang='grc' dir='ltr'>ἀνέκαθεν</span> <span class='ocrx_word' id='word_1_123' title='bbox 653 2332 852 2407; x_wconf 72' lang='grc' dir='ltr'>εὐσεβεστάτων</span> <span class='ocrx_word' id='word_1_124' title='bbox 884 2332 1023 2408; x_wconf 80' lang='grc' dir='ltr'>βασιλέων</span> <span class='ocrx_word' id='word_1_125' title='bbox 1055 2334 1217 2413; x_wconf 78' lang='grc' dir='ltr'>φιλοτιμίαις</span> <span class='ocrx_word' id='word_1_126' title='bbox 1249 2335 1295 2394; x_wconf 81' lang='grc' dir='ltr'>καὶ</span> <span class='ocrx_word' id='word_1_127' title='bbox 1324 2334 1534 2414; x_wconf 79' lang='grc' dir='ltr'>χρυσοβσόλλοις</span> 
     </span>
     <span class='ocr_line' id='line_1_16' title="bbox 243 2455 1533 2536; baseline -0.002 -21"><span class='ocrx_word' id='word_1_128' title='bbox 243 2455 365 2515; x_wconf 87' lang='grc' dir='ltr'>καὶτῶν</span> <span class='ocrx_word' id='word_1_129' title='bbox 391 2455 463 2514; x_wconf 81' lang='grc' dir='ltr'>κατὰ</span> <span class='ocrx_word' id='word_1_130' title='bbox 489 2455 598 2534; x_wconf 73' lang='grc' dir='ltr'>καιροὺς</span> <span class='ocrx_word' id='word_1_131' title='bbox 626 2456 784 2534; x_wconf 82' lang='grc' dir='ltr'>ἁγιωτάτων</span> <span class='ocrx_word' id='word_1_132' title='bbox 812 2461 987 2536; x_wconf 86' lang='grc' dir='ltr'>πατριαρχῶν</span> <span class='ocrx_word' id='word_1_133' title='bbox 1013 2458 1155 2535; x_wconf 88' lang='grc' dir='ltr'>γράμμασι</span> <span class='ocrx_word' id='word_1_134' title='bbox 1186 2459 1430 2536; x_wconf 83' lang='grc' dir='ltr'>σταυροπηγιακοῖς</span> <span class='ocrx_word' id='word_1_135' title='bbox 1461 2459 1533 2534; x_wconf 82' lang='grc' dir='ltr'>ἔσχον</span> 
     </span>
     <span class='ocr_line' id='line_1_17' title="bbox 243 2576 1534 2658; baseline 0 -21"><span class='ocrx_word' id='word_1_136' title='bbox 243 2579 274 2638; x_wconf 79' lang='grc' dir='ltr'>τό</span> <span class='ocrx_word' id='word_1_137' title='bbox 304 2580 391 2652; x_wconf 81' lang='grc' dir='ltr'>πάντη</span> <span class='ocrx_word' id='word_1_138' title='bbox 425 2576 569 2656; x_wconf 82' lang='grc' dir='ltr'>ἐλεύθερον</span> <span class='ocrx_word' id='word_1_139' title='bbox 600 2578 686 2638; x_wconf 85' lang='grc' dir='ltr'>αῦτῶν</span> <span class='ocrx_word' id='word_1_140' title='bbox 717 2576 763 2637; x_wconf 88' lang='grc' dir='ltr'>καί</span> <span class='ocrx_word' id='word_1_141' title='bbox 794 2577 960 2658; x_wconf 79' lang='grc' dir='ltr'>ἀδούλωτον,</span> <span class='ocrx_word' id='word_1_142' title='bbox 993 2579 1040 2638; x_wconf 79' lang='grc' dir='ltr'>ἀτε</span> <span class='ocrx_word' id='word_1_143' title='bbox 1070 2577 1242 2657; x_wconf 86' lang='grc' dir='ltr'>λαμπρότητι</span> <span class='ocrx_word' id='word_1_144' title='bbox 1269 2577 1374 2638; x_wconf 84' lang='grc' dir='ltr'>ἀνωθεν</span> <span class='ocrx_word' id='word_1_145' title='bbox 1405 2577 1451 2638; x_wconf 87' lang='grc' dir='ltr'>καί</span> <span class='ocrx_word' id='word_1_146' title='bbox 1478 2579 1534 2638; x_wconf 88' lang='grc' dir='ltr'>ἐπι-</span> 
     </span>
     <span class='ocr_line' id='line_1_18' title="bbox 244 2697 1534 2781; baseline 0.002 -23"><span class='ocrx_word' id='word_1_147' title='bbox 244 2697 341 2781; x_wconf 85' lang='grc' dir='ltr'>φανείᾳ</span> <span class='ocrx_word' id='word_1_148' title='bbox 370 2701 575 2778; x_wconf 79' lang='grc' dir='ltr'>κεκοσμημένα,</span> <span class='ocrx_word' id='word_1_149' title='bbox 608 2701 636 2759; x_wconf 88' lang='grc' dir='ltr'>’έν</span> <span class='ocrx_word' id='word_1_150' title='bbox 665 2720 696 2758; x_wconf 89' lang='grc' dir='ltr'>τε</span> <span class='ocrx_word' id='word_1_151' title='bbox 727 2697 875 2775; x_wconf 81' lang='grc' dir='ltr'>οἰκοδομῆς</span> <span class='ocrx_word' id='word_1_152' title='bbox 908 2699 1010 2760; x_wconf 90' lang='grc' dir='ltr'>κάλλει</span> <span class='ocrx_word' id='word_1_153' title='bbox 1043 2697 1089 2760; x_wconf 89' lang='grc' dir='ltr'>καί</span> <span class='ocrx_word' id='word_1_154' title='bbox 1123 2701 1269 2776; x_wconf 81' lang='grc' dir='ltr'>θαυμάτων</span> <span class='ocrx_word' id='word_1_155' title='bbox 1303 2700 1446 2780; x_wconf 86' lang='grc' dir='ltr'>ἐκφάνσεσι</span> <span class='ocrx_word' id='word_1_156' title='bbox 1478 2701 1534 2760; x_wconf 79' lang='grc' dir='ltr'>καθ’</span> 
     </span>
     <span class='ocr_line' id='line_1_19' title="bbox 244 2821 1534 2904; baseline -0.002 -22"><span class='ocrx_word' id='word_1_157' title='bbox 244 2822 399 2903; x_wconf 77' lang='grc' dir='ltr'>ὑπερβολὴν</span> <span class='ocrx_word' id='word_1_158' title='bbox 423 2823 657 2901; x_wconf 76' lang='grc' dir='ltr'>ὑπερανεστηκότα</span> <span class='ocrx_word' id='word_1_159' title='bbox 680 2821 726 2882; x_wconf 88' lang='grc' dir='ltr'>καὶ</span> <span class='ocrx_word' id='word_1_160' title='bbox 749 2821 930 2902; x_wconf 80' lang='grc' dir='ltr'>ὑπερκείμενα</span> <span class='ocrx_word' id='word_1_161' title='bbox 952 2825 1095 2902; x_wconf 87' lang='grc' dir='ltr'>γράμμασι</span> <span class='ocrx_word' id='word_1_162' title='bbox 1117 2823 1266 2902; x_wconf 88' lang='grc' dir='ltr'>νεωτέρους</span> <span class='ocrx_word' id='word_1_163' title='bbox 1288 2823 1448 2904; x_wconf 82' lang='grc' dir='ltr'>ἀνακαινίζη</span> <span class='ocrx_word' id='word_1_164' title='bbox 1470 2824 1534 2883; x_wconf 73' lang='grc' dir='ltr'>κατὰ</span> 
     </span>
     <span class='ocr_line' id='line_1_20' title="bbox 243 2942 1533 3026; baseline -0.001 -24"><span class='ocrx_word' id='word_1_165' title='bbox 243 2943 291 3020; x_wconf 79' lang='grc' dir='ltr'>τῆν</span> <span class='ocrx_word' id='word_1_166' title='bbox 322 2945 550 3022; x_wconf 85' lang='grc' dir='ltr'>ἐκκλησιαστικὴν</span> <span class='ocrx_word' id='word_1_167' title='bbox 576 2942 651 3017; x_wconf 83' lang='grc' dir='ltr'>τάξιν</span> <span class='ocrx_word' id='word_1_168' title='bbox 674 2965 704 3004; x_wconf 89' lang='grc' dir='ltr'>τε</span> <span class='ocrx_word' id='word_1_169' title='bbox 733 2943 781 3004; x_wconf 87' lang='grc' dir='ltr'>καί</span> <span class='ocrx_word' id='word_1_170' title='bbox 807 2945 948 3021; x_wconf 69' lang='grc' dir='ltr'>συνήθειαν</span> <span class='ocrx_word' id='word_1_171' title='bbox 978 2943 1024 3005; x_wconf 85' lang='grc' dir='ltr'>καί</span> <span class='ocrx_word' id='word_1_172' title='bbox 1053 2943 1205 3018; x_wconf 84' lang='grc' dir='ltr'>ἐπιβεβαιοῑ</span> <span class='ocrx_word' id='word_1_173' title='bbox 1230 2945 1279 3019; x_wconf 82' lang='grc' dir='ltr'>τῆν</span> <span class='ocrx_word' id='word_1_174' title='bbox 1308 2943 1425 3026; x_wconf 79' lang='grc' dir='ltr'>ἀρχαίαν</span> <span class='ocrx_word' id='word_1_175' title='bbox 1457 2946 1533 3004; x_wconf 80' lang='grc' dir='ltr'>α’ντῶν</span> 
     </span>
     <span class='ocr_line' id='line_1_21' title="bbox 244 3063 1534 3148; baseline -0.002 -22"><span class='ocrx_word' id='word_1_176' title='bbox 244 3064 321 3139; x_wconf 78' lang='grc' dir='ltr'>ἀξίαν</span> <span class='ocrx_word' id='word_1_177' title='bbox 357 3064 404 3126; x_wconf 88' lang='grc' dir='ltr'>καί</span> <span class='ocrx_word' id='word_1_178' title='bbox 438 3063 674 3147; x_wconf 83' lang='grc' dir='ltr'>σταυροπηγιοικὴν</span> <span class='ocrx_word' id='word_1_179' title='bbox 708 3067 876 3148; x_wconf 89' lang='grc' dir='ltr'>φιλοτιμίαν,</span> <span class='ocrx_word' id='word_1_180' title='bbox 914 3065 986 3143; x_wconf 84' lang='grc' dir='ltr'>μηδὲ</span> <span class='ocrx_word' id='word_1_181' title='bbox 1026 3066 1073 3126; x_wconf 84' lang='grc' dir='ltr'>ἐάν</span> <span class='ocrx_word' id='word_1_182' title='bbox 1105 3071 1139 3148; x_wconf 75' lang='grc' dir='ltr'>τῆ</span> <span class='ocrx_word' id='word_1_183' title='bbox 1171 3069 1321 3146; x_wconf 83' lang='grc' dir='ltr'>παρατάσει</span> <span class='ocrx_word' id='word_1_184' title='bbox 1360 3071 1406 3126; x_wconf 88' lang='grc' dir='ltr'>τοῦ</span> <span class='ocrx_word' id='word_1_185' title='bbox 1443 3067 1534 3145; x_wconf 82' lang='grc' dir='ltr'>χρόνον</span> 
     </span>
     <span class='ocr_line' id='line_1_22' title="bbox 245 3184 1534 3268; baseline -0.002 -22"><span class='ocrx_word' id='word_1_186' title='bbox 245 3189 426 3267; x_wconf 76' lang='grc' dir='ltr'>ἀμαυροῦσθαι</span> <span class='ocrx_word' id='word_1_187' title='bbox 453 3195 544 3260; x_wconf 86' lang='grc' dir='ltr'>ποσῶς</span> <span class='ocrx_word' id='word_1_188' title='bbox 570 3188 616 3248; x_wconf 86' lang='grc' dir='ltr'>καί</span> <span class='ocrx_word' id='word_1_189' title='bbox 644 3189 734 3264; x_wconf 83' lang='grc' dir='ltr'>λῆθην</span> <span class='ocrx_word' id='word_1_190' title='bbox 762 3188 945 3265; x_wconf 78' lang='grc' dir='ltr'>ἀμπίσχεσθαι</span> <span class='ocrx_word' id='word_1_191' title='bbox 972 3189 1001 3248; x_wconf 82' lang='grc' dir='ltr'>τό</span> <span class='ocrx_word' id='word_1_192' title='bbox 1025 3189 1137 3268; x_wconf 85' lang='grc' dir='ltr'>ἀρχαῖον</span> <span class='ocrx_word' id='word_1_193' title='bbox 1159 3187 1270 3260; x_wconf 82' lang='grc' dir='ltr'>κάλλος</span> <span class='ocrx_word' id='word_1_194' title='bbox 1291 3184 1414 3248; x_wconf 88' lang='grc' dir='ltr'>καὶτῶν</span> <span class='ocrx_word' id='word_1_195' title='bbox 1437 3187 1534 3266; x_wconf 87' lang='grc' dir='ltr'>φιλοτι-</span> 
     </span>
     <span class='ocr_line' id='line_1_23' title="bbox 245 3308 1534 3390; baseline -0.002 -22"><span class='ocrx_word' id='word_1_196' title='bbox 245 3311 378 3385; x_wconf 87' lang='grc' dir='ltr'>μημάτων</span> <span class='ocrx_word' id='word_1_197' title='bbox 405 3309 453 3368; x_wconf 87' lang='grc' dir='ltr'>καὶ</span> <span class='ocrx_word' id='word_1_198' title='bbox 474 3309 628 3388; x_wconf 86' lang='grc' dir='ltr'>προνομίων</span> <span class='ocrx_word' id='word_1_199' title='bbox 652 3310 699 3387; x_wconf 84' lang='grc' dir='ltr'>τῆν</span> <span class='ocrx_word' id='word_1_200' title='bbox 722 3309 859 3390; x_wconf 78' lang='grc' dir='ltr'>ὑπεροχὴν</span> <span class='ocrx_word' id='word_1_201' title='bbox 882 3308 929 3369; x_wconf 87' lang='grc' dir='ltr'>καί</span> <span class='ocrx_word' id='word_1_202' title='bbox 950 3310 1145 3390; x_wconf 79' lang='grc' dir='ltr'>λαμπρότητα·</span> <span class='ocrx_word' id='word_1_203' title='bbox 1177 3313 1253 3368; x_wconf 75' lang='grc' dir='ltr'>«πᾶν</span> <span class='ocrx_word' id='word_1_204' title='bbox 1275 3309 1330 3388; x_wconf 87' lang='grc' dir='ltr'>γάρ</span> <span class='ocrx_word' id='word_1_205' title='bbox 1352 3309 1383 3368; x_wconf 79' lang='grc' dir='ltr'>τό</span> <span class='ocrx_word' id='word_1_206' title='bbox 1405 3308 1534 3369; x_wconf 82' lang='grc' dir='ltr'>παλαιοῦ-</span> 
     </span>
     <span class='ocr_line' id='line_1_24' title="bbox 246 3429 1534 3512; baseline -0.002 -23"><span class='ocrx_word' id='word_1_207' title='bbox 246 3451 328 3505; x_wconf 89' lang='grc' dir='ltr'>μενον</span> <span class='ocrx_word' id='word_1_208' title='bbox 351 3429 397 3490; x_wconf 84' lang='grc' dir='ltr'>καί</span> <span class='ocrx_word' id='word_1_209' title='bbox 420 3429 558 3512; x_wconf 81' lang='grc' dir='ltr'>γηράσκον</span> <span class='ocrx_word' id='word_1_210' title='bbox 583 3432 665 3510; x_wconf 81' lang='grc' dir='ltr'>ἐγγύς</span> <span class='ocrx_word' id='word_1_211' title='bbox 689 3431 759 3491; x_wconf 85' lang='grc' dir='ltr'>ἐστιν</span> <span class='ocrx_word' id='word_1_212' title='bbox 783 3431 967 3510; x_wconf 76' lang='grc' dir='ltr'>ἀφανισμοῦ»,</span> <span class='ocrx_word' id='word_1_213' title='bbox 995 3432 1034 3503; x_wconf 91' lang='grc' dir='ltr'>ώς</span> <span class='ocrx_word' id='word_1_214' title='bbox 1057 3431 1088 3490; x_wconf 80' lang='grc' dir='ltr'>τό</span> <span class='ocrx_word' id='word_1_215' title='bbox 1115 3429 1187 3510; x_wconf 90' lang='grc' dir='ltr'>ίερόν</span> <span class='ocrx_word' id='word_1_216' title='bbox 1210 3451 1273 3509; x_wconf 87' lang='grc' dir='ltr'>φησι</span> <span class='ocrx_word' id='word_1_217' title='bbox 1294 3430 1401 3508; x_wconf 89' lang='grc' dir='ltr'>λόγιον.</span> <span class='ocrx_word' id='word_1_218' title='bbox 1433 3431 1493 3490; x_wconf 87' lang='grc' dir='ltr'>όθεν</span> <span class='ocrx_word' id='word_1_219' title='bbox 1513 3429 1534 3488; x_wconf 89' lang='grc' dir='ltr'>σί</span> 
     </span>
     <span class='ocr_line' id='line_1_25' title="bbox 246 3550 1533 3634; baseline -0.003 -22"><span class='ocrx_word' id='word_1_220' title='bbox 246 3553 316 3612; x_wconf 84' lang='grc' dir='ltr'>κατὰ</span> <span class='ocrx_word' id='word_1_221' title='bbox 343 3553 453 3632; x_wconf 81' lang='grc' dir='ltr'>καιροὺς</span> <span class='ocrx_word' id='word_1_222' title='bbox 478 3557 524 3613; x_wconf 88' lang='grc' dir='ltr'>τοῦ</span> <span class='ocrx_word' id='word_1_223' title='bbox 552 3551 737 3629; x_wconf 83' lang='grc' dir='ltr'>οίκουμενικοῦ</span> <span class='ocrx_word' id='word_1_224' title='bbox 764 3555 859 3634; x_wconf 89' lang='grc' dir='ltr'>θρόνου</span> <span class='ocrx_word' id='word_1_225' title='bbox 887 3552 1085 3628; x_wconf 85' lang='grc' dir='ltr'>ἀνειλημμένοι</span> <span class='ocrx_word' id='word_1_226' title='bbox 1107 3550 1169 3625; x_wconf 77' lang='grc' dir='ltr'>τοὺς</span> <span class='ocrx_word' id='word_1_227' title='bbox 1192 3551 1289 3624; x_wconf 91' lang='grc' dir='ltr'>οίοικας</span> <span class='ocrx_word' id='word_1_228' title='bbox 1311 3553 1474 3634; x_wconf 82' lang='grc' dir='ltr'>κυβερνῆται</span> <span class='ocrx_word' id='word_1_229' title='bbox 1495 3550 1533 3610; x_wconf 79' lang='grc' dir='ltr'>καί</span> 
     </span>
     <span class='ocr_line' id='line_1_26' title="bbox 246 3672 1533 3754; baseline -0.003 -18"><span class='ocrx_word' id='word_1_230' title='bbox 246 3676 295 3746; x_wconf 88' lang='grc' dir='ltr'>τάς</span> <span class='ocrx_word' id='word_1_231' title='bbox 318 3676 500 3752; x_wconf 78' lang='grc' dir='ltr'>ὑποκειμένας</span> <span class='ocrx_word' id='word_1_232' title='bbox 523 3673 594 3752; x_wconf 74' lang='grc' dir='ltr'>αὐτῷ</span> <span class='ocrx_word' id='word_1_233' title='bbox 618 3675 698 3754; x_wconf 86' lang='grc' dir='ltr'>ἀγίυις</span> <span class='ocrx_word' id='word_1_234' title='bbox 723 3673 872 3752; x_wconf 83' lang='grc' dir='ltr'>ἐκκλησίας</span> <span class='ocrx_word' id='word_1_235' title='bbox 896 3672 944 3736; x_wconf 86' lang='grc' dir='ltr'>καί</span> <span class='ocrx_word' id='word_1_236' title='bbox 966 3673 1051 3734; x_wconf 87' lang='grc' dir='ltr'>σεπτόι</span> <span class='ocrx_word' id='word_1_237' title='bbox 1077 3675 1123 3736; x_wconf 85' lang='grc' dir='ltr'>τοῦ</span> <span class='ocrx_word' id='word_1_238' title='bbox 1145 3675 1208 3734; x_wconf 90' lang='grc' dir='ltr'>θεοῦ</span> <span class='ocrx_word' id='word_1_239' title='bbox 1234 3675 1403 3750; x_wconf 81' lang='grc' dir='ltr'>σκηνώματα</span> <span class='ocrx_word' id='word_1_240' title='bbox 1429 3672 1533 3746; x_wconf 73' lang='grc' dir='ltr'>εὐσεβο-</span> 
     </span>
     <span class='ocr_line' id='line_1_27' title="bbox 246 3789 1534 3878; baseline -0.004 -22"><span class='ocrx_word' id='word_1_241' title='bbox 246 3799 350 3878; x_wconf 86' lang='grc' dir='ltr'>φρόνως</span> <span class='ocrx_word' id='word_1_242' title='bbox 382 3791 430 3858; x_wconf 89' lang='grc' dir='ltr'>καί</span> <span class='ocrx_word' id='word_1_243' title='bbox 463 3792 647 3872; x_wconf 87' lang='grc' dir='ltr'>ἀνεπιμώμως</span> <span class='ocrx_word' id='word_1_244' title='bbox 685 3799 723 3868; x_wconf 87' lang='grc' dir='ltr'>ώς</span> <span class='ocrx_word' id='word_1_245' title='bbox 757 3789 813 3858; x_wconf 79' lang='grc' dir='ltr'>οἷόν</span> <span class='ocrx_word' id='word_1_246' title='bbox 846 3817 876 3858; x_wconf 86' lang='grc' dir='ltr'>τε</span> <span class='ocrx_word' id='word_1_247' title='bbox 910 3794 1046 3876; x_wconf 81' lang='grc' dir='ltr'>διεξάγειν</span> <span class='ocrx_word' id='word_1_248' title='bbox 1084 3798 1318 3877; x_wconf 84' lang='grc' dir='ltr'>προτεθυμημένοι</span> <span class='ocrx_word' id='word_1_249' title='bbox 1350 3797 1404 3876; x_wconf 74' lang='grc' dir='ltr'>πρό</span> <span class='ocrx_word' id='word_1_250' title='bbox 1435 3793 1534 3856; x_wconf 83' lang='grc' dir='ltr'>πάντων</span> 
     </span>
     <span class='ocr_line' id='line_1_28' title="bbox 247 3911 1533 3999; baseline -0.005 -19"><span class='ocrx_word' id='word_1_251' title='bbox 247 3922 366 3994; x_wconf 86' lang='grc' dir='ltr'>μάλιστα</span> <span class='ocrx_word' id='word_1_252' title='bbox 394 3926 443 3996; x_wconf 80' lang='grc' dir='ltr'>τῆς</span> <span class='ocrx_word' id='word_1_253' title='bbox 469 3920 593 3994; x_wconf 83' lang='grc' dir='ltr'>τοιαθτης</span> <span class='ocrx_word' id='word_1_254' title='bbox 620 3918 731 3980; x_wconf 89' lang='grc' dir='ltr'>ἐκείνων</span> <span class='ocrx_word' id='word_1_255' title='bbox 759 3916 911 3989; x_wconf 87' lang='grc' dir='ltr'>συστάσεως</span> <span class='ocrx_word' id='word_1_256' title='bbox 938 3911 986 3978; x_wconf 87' lang='grc' dir='ltr'>καί</span> <span class='ocrx_word' id='word_1_257' title='bbox 1013 3919 1145 3994; x_wconf 78' lang='grc' dir='ltr'>διαμονῆς</span> <span class='ocrx_word' id='word_1_258' title='bbox 1173 3917 1367 3999; x_wconf 78' lang='grc' dir='ltr'>έκφροντίζουσι</span> <span class='ocrx_word' id='word_1_259' title='bbox 1394 3911 1441 3978; x_wconf 87' lang='grc' dir='ltr'>καί</span> <span class='ocrx_word' id='word_1_260' title='bbox 1463 3917 1533 3996; x_wconf 85' lang='grc' dir='ltr'>φιλο-</span> 
     </span>
     <span class='ocr_line' id='line_1_29' title="bbox 248 4035 1533 4122; baseline -0.004 -21"><span class='ocrx_word' id='word_1_261' title='bbox 248 4043 402 4122; x_wconf 82' lang='grc' dir='ltr'>δωρεῖσθαιΙ</span> <span class='ocrx_word' id='word_1_262' title='bbox 417 4041 520 4114; x_wconf 78' lang='grc' dir='ltr'>τρίτοις</span> <span class='ocrx_word' id='word_1_263' title='bbox 548 4043 765 4122; x_wconf 86' lang='grc' dir='ltr'>μεταγενέστεροι</span> <span class='ocrx_word' id='word_1_264' title='bbox 792 4035 957 4119; x_wconf 88' lang='grc' dir='ltr'>σιγιλλιώδη</span> <span class='ocrx_word' id='word_1_265' title='bbox 981 4039 1203 4120; x_wconf 86' lang='grc' dir='ltr'>σταυροπηγιακά</span> <span class='ocrx_word' id='word_1_266' title='bbox 1224 4043 1375 4120; x_wconf 87' lang='grc' dir='ltr'>γράμματα</span> <span class='ocrx_word' id='word_1_267' title='bbox 1399 4041 1448 4101; x_wconf 82' lang='grc' dir='ltr'>οῦκ</span> <span class='ocrx_word' id='word_1_268' title='bbox 1469 4039 1533 4098; x_wconf 86' lang='grc' dir='ltr'>ἀπο-</span> 
     </span>
     <span class='ocr_line' id='line_1_30' title="bbox 247 4157 1534 4247; baseline -0.005 -24"><span class='ocrx_word' id='word_1_269' title='bbox 247 4165 391 4247; x_wconf 89' lang='grc' dir='ltr'>ναίνονται,</span> <span class='ocrx_word' id='word_1_270' title='bbox 413 4161 580 4236; x_wconf 87' lang='grc' dir='ltr'>παλινζώίαν</span> <span class='ocrx_word' id='word_1_271' title='bbox 601 4163 660 4226; x_wconf 84' lang='grc' dir='ltr'>τινά</span> <span class='ocrx_word' id='word_1_272' title='bbox 686 4157 733 4224; x_wconf 89' lang='grc' dir='ltr'>καί</span> <span class='ocrx_word' id='word_1_273' title='bbox 756 4163 788 4223; x_wconf 85' lang='grc' dir='ltr'>ἐκ</span> <span class='ocrx_word' id='word_1_274' title='bbox 809 4165 871 4223; x_wconf 91' lang='grc' dir='ltr'>νέου</span> <span class='ocrx_word' id='word_1_275' title='bbox 895 4160 1097 4244; x_wconf 80' lang='grc' dir='ltr'>ἐπιβεβαίωσιν,</span> <span class='ocrx_word' id='word_1_276' title='bbox 1123 4161 1216 4221; x_wconf 75' lang='grc' dir='ltr'>ταῦτὀν</span> <span class='ocrx_word' id='word_1_277' title='bbox 1241 4163 1266 4221; x_wconf 81' lang='grc' dir='ltr'>δ’</span> <span class='ocrx_word' id='word_1_278' title='bbox 1290 4160 1384 4242; x_wconf 82' lang='grc' dir='ltr'>εἰπεῖν,</span> <span class='ocrx_word' id='word_1_279' title='bbox 1408 4161 1534 4234; x_wconf 77' lang='grc' dir='ltr'>ἀιδιότητα</span> 
     </span>
     <span class='ocr_line' id='line_1_31' title="bbox 247 4281 1533 4366; baseline -0.005 -19"><span class='ocrx_word' id='word_1_280' title='bbox 247 4287 293 4348; x_wconf 84' lang='grc' dir='ltr'>καί</span> <span class='ocrx_word' id='word_1_281' title='bbox 317 4287 495 4348; x_wconf 87' lang='grc' dir='ltr'>ἀνέκλειπτον</span> <span class='ocrx_word' id='word_1_282' title='bbox 519 4288 674 4366; x_wconf 67' lang='grc' dir='ltr'>συντήρησιν</span> <span class='ocrx_word' id='word_1_283' title='bbox 700 4285 734 4346; x_wconf 82' lang='grc' dir='ltr'>δι’</span> <span class='ocrx_word' id='word_1_284' title='bbox 759 4287 839 4345; x_wconf 79' lang='grc' dir='ltr'>αὺτοῦ</span> <span class='ocrx_word' id='word_1_285' title='bbox 864 4287 969 4357; x_wconf 75' lang='grc' dir='ltr'>τούτοις</span> <span class='ocrx_word' id='word_1_286' title='bbox 991 4285 1256 4365; x_wconf 82' lang='grc' dir='ltr'>προμνηστευόμενοί</span> <span class='ocrx_word' id='word_1_287' title='bbox 1277 4304 1307 4344; x_wconf 84' lang='grc' dir='ltr'>τε</span> <span class='ocrx_word' id='word_1_288' title='bbox 1334 4281 1382 4344; x_wconf 84' lang='grc' dir='ltr'>καὶ</span> <span class='ocrx_word' id='word_1_289' title='bbox 1409 4285 1533 4361; x_wconf 82' lang='grc' dir='ltr'>μηχανῶ-</span> 
     </span>
    </p>
   </div>
   <div class='ocr_carea' id='block_1_7' title="bbox 249 4403 1533 4492">
    <p class='ocr_par' dir='ltr' id='par_1_7' title="bbox 249 4403 1533 4492">
     <span class='ocr_line' id='line_1_32' title="bbox 249 4403 1533 4492; baseline -0.006 -24"><span class='ocrx_word' id='word_1_290' title='bbox 249 4431 336 4492; x_wconf 88' lang='grc' dir='ltr'>μενοι,</span> <span class='ocrx_word' id='word_1_291' title='bbox 365 4412 413 4470; x_wconf 87' lang='grc' dir='ltr'>ἅτε</span> <span class='ocrx_word' id='word_1_292' title='bbox 434 4411 465 4470; x_wconf 81' lang='grc' dir='ltr'>τό</span> <span class='ocrx_word' id='word_1_293' title='bbox 487 4409 584 4480; x_wconf 88' lang='grc' dir='ltr'>καλῶς</span> <span class='ocrx_word' id='word_1_294' title='bbox 606 4410 742 4488; x_wconf 87' lang='grc' dir='ltr'>φθάσαντα</span> <span class='ocrx_word' id='word_1_295' title='bbox 767 4405 798 4480; x_wconf 82' lang='grc' dir='ltr'>ἐξ</span> <span class='ocrx_word' id='word_1_296' title='bbox 821 4406 910 4488; x_wconf 91' lang='grc' dir='ltr'>ἀρχῆς</span> <span class='ocrx_word' id='word_1_297' title='bbox 933 4405 972 4478; x_wconf 87' lang='grc' dir='ltr'>είς</span> <span class='ocrx_word' id='word_1_298' title='bbox 994 4404 1105 4488; x_wconf 78' lang='grc' dir='ltr'>’όπαρξιν</span> <span class='ocrx_word' id='word_1_299' title='bbox 1127 4407 1299 4488; x_wconf 81' lang='grc' dir='ltr'>προαχθῆναι</span> <span class='ocrx_word' id='word_1_300' title='bbox 1326 4404 1373 4465; x_wconf 82' lang='grc' dir='ltr'>καὶ</span> <span class='ocrx_word' id='word_1_301' title='bbox 1397 4403 1442 4466; x_wconf 87' lang='grc' dir='ltr'>ἐπὶ</span> <span class='ocrx_word' id='word_1_302' title='bbox 1461 4405 1533 4464; x_wconf 83' lang='grc' dir='ltr'>πλεί-</span> 
     </span>
    </p>
   </div>
   <div class='ocr_carea' id='block_1_8' title="bbox 249 4519 1534 4612">
    <p class='ocr_par' dir='ltr' id='par_1_8' title="bbox 249 4519 1534 4612">
     <span class='ocr_line' id='line_1_33' title="bbox 249 4519 1534 4612; baseline -0.007 -21"><span class='ocrx_word' id='word_1_303' title='bbox 249 4551 309 4591; x_wconf 89' lang='grc' dir='ltr'>στον</span> <span class='ocrx_word' id='word_1_304' title='bbox 339 4531 464 4602; x_wconf 87' lang='grc' dir='ltr'>κάλλους</span> <span class='ocrx_word' id='word_1_305' title='bbox 493 4529 539 4590; x_wconf 90' lang='grc' dir='ltr'>καί</span> <span class='ocrx_word' id='word_1_306' title='bbox 566 4527 649 4606; x_wconf 69' lang='grc' dir='ltr'>δόξης</span> <span class='ocrx_word' id='word_1_307' title='bbox 675 4527 736 4612; x_wconf 86' lang='grc' dir='ltr'>θείφι</span> <span class='ocrx_word' id='word_1_308' title='bbox 763 4527 851 4611; x_wconf 80' lang='grc' dir='ltr'>βουλῇ</span> <span class='ocrx_word' id='word_1_309' title='bbox 877 4529 1130 4608; x_wconf 85' lang='grc' dir='ltr'>προκεχωρηκέναι,</span> <span class='ocrx_word' id='word_1_310' title='bbox 1163 4527 1331 4606; x_wconf 87' lang='grc' dir='ltr'>δεφενδεθειν</span> <span class='ocrx_word' id='word_1_311' title='bbox 1362 4530 1400 4599; x_wconf 85' lang='grc' dir='ltr'>ῶς</span> <span class='ocrx_word' id='word_1_312' title='bbox 1431 4519 1485 4586; x_wconf 84' lang='grc' dir='ltr'>οίόν</span> <span class='ocrx_word' id='word_1_313' title='bbox 1510 4543 1534 4582; x_wconf 88' lang='grc' dir='ltr'>τε</span> 
     </span>
    </p>
   </div>
   <div class='ocr_carea' id='block_1_9' title="bbox 248 4649 1534 4732">
    <p class='ocr_par' dir='ltr' id='par_1_9' title="bbox 248 4649 1534 4732">
     <span class='ocr_line' id='line_1_34' title="bbox 248 4649 1534 4732; baseline -0.003 -22"><span class='ocrx_word' id='word_1_314' title='bbox 248 4653 332 4731; x_wconf 86' lang='grc' dir='ltr'>χρέος</span> <span class='ocrx_word' id='word_1_315' title='bbox 362 4652 542 4732; x_wconf 85' lang='grc' dir='ltr'>ἀπαραίτητον</span> <span class='ocrx_word' id='word_1_316' title='bbox 574 4653 745 4727; x_wconf 88' lang='grc' dir='ltr'>κεκτημένοι.</span> <span class='ocrx_word' id='word_1_317' title='bbox 782 4650 878 4727; x_wconf 82' lang='grc' dir='ltr'>ἐπειδὴ</span> <span class='ocrx_word' id='word_1_318' title='bbox 909 4655 1050 4732; x_wconf 90' lang='grc' dir='ltr'>τοιγαροῦν</span> <span class='ocrx_word' id='word_1_319' title='bbox 1083 4649 1129 4710; x_wconf 85' lang='grc' dir='ltr'>καί</span> <span class='ocrx_word' id='word_1_320' title='bbox 1163 4651 1181 4724; x_wconf 83' lang='grc' dir='ltr'>ῆ</span> <span class='ocrx_word' id='word_1_321' title='bbox 1213 4650 1241 4709; x_wconf 82' lang='grc' dir='ltr'>ἐν</span> <span class='ocrx_word' id='word_1_322' title='bbox 1274 4655 1308 4732; x_wconf 85' lang='grc' dir='ltr'>τῆ</span> <span class='ocrx_word' id='word_1_323' title='bbox 1337 4651 1413 4728; x_wconf 84' lang='grc' dir='ltr'>νῆσῳ</span> <span class='ocrx_word' id='word_1_324' title='bbox 1443 4649 1534 4722; x_wconf 79' lang='grc' dir='ltr'>Πάτμῳ</span> 
     </span>
    </p>
   </div>
   <div class='ocr_carea' id='block_1_10' title="bbox 0 0 1596 5278">
    <p class='ocr_par' dir='ltr' id='par_1_10' title="bbox 0 0 1596 5278">
     <span class='ocr_line' id='line_1_35' title="bbox 0 0 1596 5278; baseline 0 0"><span class='ocrx_word' id='word_1_325' title='bbox 0 0 1596 5278; x_wconf 95' lang='lat' dir='ltr'> </span> 
     </span>
    </p>
   </div>
  </div>
 </body>
</html>
