3160 5292
1253 343 1317 408 215

34 541 71 594 τοῦ
88 541 134 609 τὴς
150 539 237 610 μονῆς
260 538 374 612 μέρους,
398 537 436 606 ὥς
460 555 530 606 τινος
551 533 651 596 τούτων
674 534 1020 616 κατεπτμβαίνοντος,καὶ
1043 537 1133 596 έοεται
1155 535 1201 598 καί
1225 535 1264 610 εἰς
1286 539 1316 598 τθ

35 657 88 730 ἑξῆς
108 659 124 730 ἡ
147 657 256 732 τοιαθτη
280 655 418 728 οεβαομία
441 658 511 732 μονὴ
534 654 581 716 καί
604 657 628 717 οἱ
651 657 693 715 ὑπ’
712 657 793 732 αὐτὴν
817 657 1009 732 έναοκοθμενοι
1033 659 1158 738 μοναχοί,
1183 658 1242 719 εἴτι
1267 660 1315 719 έ-

34 780 107 836 .·.ιλαι
136 779 185 836 καὶ
215 779 298 856 μέχρι
326 781 373 838 τοῦ
401 782 444 838 νῦν
470 781 598 857 κατεῖχόν
621 799 651 839 τε
681 778 727 838 καί
755 781 883 853 ἐνέμοντο
914 780 942 840 έν
972 784 1031 853 ταῖς
1063 783 1196 853 τοιαύταις
1225 783 1316 856 νὴοοις

33 903 91 960 κατὰ
118 901 168 972 τάς
197 901 358 980 αεριλήψέις
387 900 434 960 καί
460 905 551 974 αοίοας
577 902 626 974 τὰς
654 899 795 974 διατάξεις
822 907 875 962 τῶν
902 905 1055 981 προσάντων
1085 903 1174 972 αὐτοῐς
1201 900 1335 978 δικαιω-Ι

33 1028 112 1096 μάτων
134 1023 325 1100 παλαιγενῶν,
348 1023 409 1094 τοὺς
437 1023 468 1083 δέ
490 1043 524 1101 γε
549 1025 694 1102 παροίκους
716 1022 763 1084 καί
786 1023 953 1094 θαοτελετάς
975 1025 1036 1096 τοὺς
1059 1025 1088 1083 έν
1110 1026 1166 1096 τοῖς
1188 1023 1317 1096 τοιούτοις

31 1147 259 1224 τροτιιαθημένους
280 1147 400 1220 κτήμασι
424 1146 486 1205 θέον
508 1145 675 1224 κεκρίκαμεν
698 1145 828 1221 ὀνομαστί
852 1145 978 1223 δηλῶσαι
1000 1147 1029 1206 έν
1050 1145 1089 1226 τῷ
1111 1147 1222 1226 παρέντι
1245 1147 1315 1208 ἀπο-

31 1266 208 1345 ιιταοτοιτικῷ
231 1270 381 1348 γράμματι,
406 1269 444 1338 ὡς
467 1270 499 1326 ἂν
523 1270 592 1342 μήτε
614 1269 644 1326 τ“ο
667 1275 716 1344 τῆς
740 1274 825 1344 μονῆς
849 1270 933 1348 μέρος
956 1269 999 1328 ἐπ’
1019 1269 1112 1340 άθιίας
1136 1269 1210 1347 ἔχειν
1232 1268 1315 1328 πλεί-

32 1411 84 1460 ονας
108 1389 162 1447 τοῖιν
188 1389 426 1464 θηλωθηοομένων
455 1389 547 1448 έλκειν
574 1392 642 1470 προς
670 1391 759 1468 ἑαυτὸ,
783 1393 853 1466 μήτε
882 1392 936 1466 μὴν
957 1391 988 1448 τ“ο
1009 1395 1055 1450 τοῦ
1078 1389 1209 1468 θημοοίου
1232 1392 1317 1470 μέρος

30 1515 110 1588 χώραν
138 1513 215 1588 ἔχειν
241 1510 471 1588 κατετεμθαίνειν
499 1515 545 1570 τοῦ
572 1518 620 1587 τῆς
648 1519 734 1588 μονὴς
762 1515 861 1594 μέρους
890 1511 938 1573 καί
964 1515 1148 1594 καθαρτάζειν
1175 1512 1233 1573 τινὰ
1261 1521 1315 1573 τῶν

30 1635 98 1713 ταί-,η
124 1633 359 1714 προσηλωμένων,
392 1633 484 1712 έχουσι
507 1633 592 1694 τοίνυν
614 1635 686 1694 κατὰ
708 1637 791 1714 μέρος
819 1635 843 1695 οί
867 1635 896 1695 έν
918 1639 974 1707 τοῖς
996 1636 1124 1708 τοιούτοις
1145 1635 1315 1718 προαστείοις

29 1757 238 1832 προσκαθήμενοι
261 1753 423 1814 θαοτελεταὶ
445 1761 494 1831 τῆς
517 1762 603 1833 μονῆς
626 1757 723 1828 οὓτως·

122 1879 327 1956 Ιίροάοττιον
350 1879 384 1937 τα
410 1879 602 1958 Παρθένιον.
636 1879 766 1954 ’Ἰωάννης
788 1881 803 1939 ὁ
827 1879 996 1958 Πελαγίτης,
1025 1879 1085 1958 ἔχει
1106 1883 1223 1959 γυναῖκα
1245 1880 1313 1939 Μα-

29 1998 85 2077 ρίαν,
111 1999 184 2071 υἱοὺς
209 2001 344 2079 Γεωργιον
373 1999 421 2059 καί
443 2001 560 2078 Λέοντα,
589 2003 725 2080 θυγατέρα
748 2001 875 2074 Ἑλένην.
905 2001 1108 2074 Κωνοταντῖνος
1134 2003 1150 2060 θ
1174 2001 1314 2081 Πεπανθς,

30 2123 78 2196 ἔχει
98 2125 216 2200 γυναῖκα
239 2121 367 2202 Εἰρήνην.
392 2123 594 2194 Κωνοταντϊνυς
617 2123 631 2181 ὁ
654 2123 710 2192 υίος
732 2127 778 2182 τοῦ
801 2127 922 2200 μοναχοῦ
945 2121 1093 2202 Ἀροανίου,
1117 2123 1178 2201 ἔχει
1199 2126 1315 2200 γυναῖκα

29 2242 227 2322 Σκηνοάραιναν.
257 2243 388 2319 ’Ἰωάννης
411 2246 425 2304 θ
449 2246 573 2324 Πατζάς,
598 2246 658 2321 ἔχει
680 2247 795 2322 γυναῖκα
821 2245 938 2324 Μαρίαν,
965 2245 1117 2324 θυγατέρας
1139 2243 1246 2321 Μοοχὼ
1268 2241 1316 2303 καὶ

30 2365 158 2428 θεοτοκιθ.
188 2367 310 2441 Νικήτας
338 2367 352 2425 ὁ
375 2367 430 2438 υίος
453 2370 498 2426 τοῦ
522 2365 729 2446 ’Λλετιιδιὼτου,
755 2367 814 2444 ἔχει
836 2369 952 2445 γυναῖκα
976 2365 1116 2428 Θεοτοκιίι.
1148 2366 1278 2441 Ἰωάννης
1301 2367 1315 2425 θ

30 2489 75 2558 νέος
101 2492 148 2548 τοῦ
177 2494 255 2548 ααττᾶ
278 2489 428 2561 Νικολάου,
464 2489 523 2565 ἔχει
551 2491 667 2564 γυναῖκα
690 2490 840 2568 Κυριακὴν,
863 2490 998 2568 θυγατέρα
1020 2489 1130 2550 Ἄνναν.
1159 2489 1316 2568 Μιχαὴλθ

30 2609 74 2681 άος
103 2615 148 2670 τοῦ
176 2609 399 2689 Στουταλιώτου,
433 2611 492 2687 ἔχει
519 2613 636 2687 γυναῖκα
664 2609 782 2688 Μαρίαν.
814 2610 834 2668 Γ
836 2611 962 2690 ρηγθριος
992 2611 1006 2668 θ
1033 2611 1223 2690 Κουροιιθιης,
1255 2611 1315 2688 ἔχει

29 2735 132 2806 γυναῖκα
160 2733 282 2810 Μοοχιθ,
313 2733 370 2790 υἱον
397 2731 541 2809 Γεωργιον.
574 2731 713 2802 Νικόλαος
741 2733 755 2790 θ
782 2732 896 2808 Λαλάς,
929 2733 989 2808 ἔχει
1018 2734 1134 2809 γυναῖκα
1162 2705 1313 2812 Γεωργίαν,

30 2854 89 2925 ,ἰοὺς
112 2855 316 2913 Κωνοταντῑνον
339 2852 385 2912 καί
409 2853 537 2926 ’Λλέξιον
560 2855 608 2914 καί
631 2857 722 2932 ἕτερον
745 2855 863 2914 Λέοντα.
887 2854 911 2913 οί
935 2854 1031 2924 παῖδες
1057 2859 1104 2914 τοῦ
1125 2859 1203 2914 ποτά
1225 2853 1313 2914 Νικο-

29 2975 97 3043 λάου,
120 2979 178 3035 ὅτε
205 2977 283 3035 Λέων
305 2975 352 3034 καί
378 2977 496 3052 Μιχαὴλ
518 2975 564 3036 καὶ
588 2979 679 3056 ἕτερος
704 2977 915 3046 Κωνοταντίνος.
948 2977 972 3035 οί
999 2975 1095 3048 παῖδας
1122 2981 1168 3036 τοῦ
1190 2977 1312 3054 Καψικᾶ,

30 3099 77 3154 Ξτε
101 3100 231 3172 ’Ἰωάννης
257 3095 303 3156 καὶ
328 3099 456 3175 Μιχαὴλ.
487 3101 562 3174 χήρα
586 3099 685 3156 Ιίλυτὼ
708 3102 753 3156 τοῦ
777 3098 978 3178 Μαρθοκώοτα,
1002 3099 1062 3177 ἔχει
1084 3099 1234 3178 θυγατέρας
1257 3098 1312 3158 Ευ-

30 3218 112 3278 ἒοκίαν
134 3221 180 3279 καί
205 3218 332 3298 Εἰρήνην.
358 3219 499 3288 Νικόλαος
515 3220 529 3277 θ
544 3221 661 3296 Σπανάς,
688 3220 746 3295 ἔχει
769 3219 824 3278 υἱον
847 3221 867 3278 Γ
869 3224 992 3299 εώργιον.
1018 3221 1147 3296 ’Ἰωάννης
1167 3220 1312 3298 θΣαανός,

31 3341 79 3415 ἔχει
100 3347 216 3419 γυναῖκα
239 3341 349 3418 Καλὴν,
377 3341 431 3400 υἱον
457 3341 600 3418 Μανουὴλ,
630 3343 764 3420 θυγατέρα
788 3340 930 3419 Θεοφανώ.
955 3342 1078 3417 Νικήτας
1105 3343 1119 3400 θ
1142 3342 1311 3420 Σταλιώτης,

31 3463 80 3539 ἔχει
100 3469 217 3540 γυναῖκα
235 3463 341 3542 Ἄνναν,
366 3463 420 3522 υίον
445 3463 589 3542 Γεάιργιον,
613 3465 749 3542 θυγατέρα
771 3462 897 3542 Είθίίθί·

120 3587 253 3666 Ἕτερον
271 3581 469 3667 προζάοτειον
492 3587 525 3644 τ“ο
542 3586 729 3662 λεγόμενον
746 3587 919 3659 Τεμένιον.
944 3585 1063 3662 Μιχαὴλ
1087 3585 1100 3644 ὁ
1124 3585 1312 3664 Καλυμναῑος,

32 3706 81 3781 ἔχει
104 3711 218 3784 γυναῖκα
239 3707 349 3786 Καλὴν,
373 3706 427 3765 υίὶτν
445 3708 588 3786 Γεώργιον.
614 3707 733 3782 Μιχαὴλ
756 3707 769 3764 ὁ
793 3705 848 3778 υθος
871 3711 919 3780 τῆς
943 3705 1152 3787 ’Λμαραντίνας,
1176 3707 1236 3784 ἔχει
1259 3727 1310 3784 γυ-

30 3832 100 3887 ναῖκα
119 3829 259 3909 Εθόοκίαν,
283 3829 353 3900 υίοίις
371 3829 500 3903 ’Ἰωάννην
522 3827 569 3887 καί
586 3829 730 3908 Γεωργιον.
757 3831 885 3902 Ἰωάννης
906 3834 956 3905 τὴς
978 3829 1092 3908 Συρίας,
1117 3830 1176 3906 ἔχει
1198 3831 1313 3908 γυναῖκα

32 3947 142 4028 Εἰρήνην.
172 3953 292 4028 Μιχαὴλ
321 3954 335 4009 θ
359 3952 455 4030 Σιγές,
488 3951 548 4027 ἔχει
578 3954 693 4029 γυναῖκα
721 3951 839 4030 Μαρίαν.
868 3951 990 4025 Νικὴτας
1018 3951 1032 4008 θ
1055 3951 1224 4031 Λιμνιώτης,
1253 3953 1312 4029 ἔχει

30 4076 130 4146 γυναῖκα
154 4073 272 4154 Μαρίαν.
302 4071 444 4142 Νικόλαος
467 4073 481 4129 έ
505 4072 672 4150 ’Λλεντινάς,
701 4074 760 4150 ἔχει
782 4077 897 4150 γυναῖκα
921 4073 1040 4151 Μαρίαν,
1064 4073 1200 4153 θυγατέρα
1223 4072 1312 4133 Εὔδο-

31 4193 92 4253 ιίον.
118 4195 235 4272 ,Μιχαὴλ
258 4195 273 4251 θ
297 4193 419 4272 Γαβράς,
452 4195 511 4269 ἔχει
537 4195 653 4270 γυναῖκα
679 4193 818 4254 Εὺθοκίαν.
851 4191 997 4278 [Γοὼργιος
1019 4195 1033 4252 ὁ
1056 4195 1221 4275 Κουμαράς,
1253 4197 1311 4273 ἔχει

32 4318 131 4388 γυναῖκα
153 4315 280 4397 Εἰρήνην.
304 4314 359 4374 υἷὀν
384 4317 513 4392 Μιχαὴλ.
536 4319 611 4396 χήρα
634 4310 739 4400 Μαρία]
763 4320 808 4374 τοῦ
832 4315 976 4392 Μανουήλ,
1002 4316 1059 4391 ἔχει
1086 4315 1141 4375 υίον
1164 4317 1184 4374 Γ
1187 4318 1311 4397 ειίιργιον,

32 4435 152 4518 θυγατέρα
182 4437 307 4518 Εἰρήνην.
340 4440 419 4496 Λέων
450 4438 464 4494 έ
492 4437 547 4508 υίος
577 4442 622 4496 τοῦ
655 4443 731 4496 ααιτᾱ
763 4437 890 4515 Μιχαὴλ,
923 4437 982 4514 ἔχει
1011 4438 1126 4514 γυναῖκα
1157 4438 1310 4514 Παγκάλὼ.

34 4557 174 4638 Φιλάρττυς
201 4563 215 4620 ά
240 4556 423 4638 ’Λναριάιτης,
453 4561 512 4636 ἔχει
544 4563 659 4636 γυναῖκα
690 4558 832 4640 Θεορανώ,
861 4557 931 4630 υίοθς
959 4559 978 4617 Γ
981 4561 1094 4637 εώργιον
1123 4557 1170 4617 καί
1193 4560 1309 4620 Λέοντα.

34 4678 147 4758 Ἰωάννης
172 4684 186 4740 θ
210 4683 336 4760 Μοθτων,
364 4681 422 4758 ἔχει
450 4685 567 4758 γυναῖκα
590 4679 703 4758 Ἄνναν,
731 4682 866 4760 θυγατέρα
893 4679 1020 4761 Εἰρήνην.
1048 4679 1133 4754 Καλὴ
1161 4683 1207 4740 τοῦ
1233 4679 1308 4742 θεο-
