3160 5292
1255 359 1317 423 233

31 559 116 628 μέθην,
140 557 171 615 ού
194 553 309 629 δύναμαι
336 553 390 614 οὔτ’
406 556 495 632 ὠτός,
523 551 583 614 ούτε
606 555 636 612 σύ
658 553 806 632 κανονίσαι,
834 551 911 612 ἀλλά
932 557 966 632 τῇ
989 551 1045 628 όόῷ
1069 555 1154 613 αύτῶν
1176 556 1314 634 πορευθή-

30 697 119 744 τσνται,
147 677 188 734 ότι
210 677 295 756 κρινεῖ
321 677 411 755 κύριος
438 677 507 736 λαόν
534 675 631 750 ἀπειθῆ
654 671 700 734 καίΙ
723 674 902 753 ἀντιλέγοντα
928 672 975 734 καὶ
1000 677 1113 754 «κύριος
1135 677 1312 756 ὑπερηφάνοις

30 795 214 876 ἀντιτάσσεται,
237 799 374 870 ταπεινοῖς
398 797 429 856 δὲ
452 795 546 858 δίδωσι
567 799 678 878 χάριν.»
703 797 800 872 ταύτην
823 794 868 856 σύν
891 797 939 871 τἠν
964 797 1098 876 ἔγγραφον
1120 798 1226 878 γραφὴν
1250 794 1312 869 ἐξε-

30 923 106 994 θέμην
140 919 222 998 κάγὼ
255 921 269 978 ό
298 921 424 992 ταπεινός
457 917 503 978 καὶ
537 919 703 998 ἁμαρτωλός
735 963 1195 981 ...............
1227 921 1316 1000 κύριον

31 1089 92 1102 ,..
116 1091 124 1105 .
150 1089 158 1102 .
184 1089 191 1102 .
223 1039 271 1102 καί
296 1041 502 1119 καθηγούμενον
528 1039 574 1100 καὶ
602 1039 625 1102 εἰ
650 1041 700 1115 μὲν
727 1041 823 1112 καλῶς
850 1039 1003 1120 διαγορεύει
1029 1039 1077 1101 καί
1104 1041 1220 1122 ἀρετίσοι
1243 1045 1314 1122 κρά-
1373 1037 1379 1050 “

29 1187 95 1224 τυνσν
118 1166 212 1244 αὐτην,
243 1163 268 1224 εί
290 1163 315 1224 θ’
338 1165 388 1224 ούκ
414 1165 515 1244 ἀρεαθῄ
538 1185 588 1244 σοι,
620 1161 692 1236 ἕξεις
720 1209 726 1223 .
752 1213 759 1226 .
785 1211 791 1224 .
816 1211 823 1227 .
855 1161 902 1223 καί
929 1167 973 1224 τόν
996 1166 1073 1244 ἀγιον
1097 1163 1242 1244 Θεολόγσν
1265 1163 1312 1224 καὶ

28 1289 69 1361 τὴν
89 1287 240 1368 ύπεραγίαν
264 1287 406 1348 δέσποιναν
428 1288 556 1348 θεοτόκον
578 1285 626 1346 καί
647 1289 693 1346 τόν
716 1287 787 1346 όσιον
808 1288 913 1366 πατέρα
935 1285 1084 1362 ἡμῶνκαὶ
1105 1288 1181 1366 ἀγιον
1197 1289 1314 1368 Χριστό-

28 1410 117 1469 ἒσνλσν
144 1409 335 1480 λιτανεύοντας
363 1409 429 1488 ύπὲρ
451 1411 499 1470 σού
525 1407 564 1479 εἰς
588 1409 713 1470 εύόόωσιν
741 1413 786 1470 τού
807 1409 930 1485 ποιμνίου
957 1407 1005 1468 καί
1032 1408 1071 1480 εἰς
1093 1410 1210 1488 ψυχικὴν
1235 1411 1313 1470 αύτού

27 1533 163 1612 σωτηρίαν.
193 1531 249 1610 ἐγὼ
273 1532 303 1592 ἀὲ
327 1533 365 1591 ἔτι
388 1533 441 1602 ζῶν
465 1537 597 1610 συγχωρῶ
620 1533 736 1610 πάντας,
761 1531 790 1592 ἐν
811 1532 943 1608 πνεύματι
966 1529 1036 1611 σίγίιμ
1063 1533 1120 1592 όσσι
1141 1535 1313 1612 προεκοιμή-

26 1659 103 1729 θησαν
132 1657 162 1716 ἐν
187 1655 227 1736 τῷ
255 1653 422 1736 κοιμητηρίῳ
449 1653 496 1714 καί
524 1655 553 1714 ἐν
580 1655 683 1734 ἑτέροις
709 1656 801 1726 τόποις
828 1653 952 1732 εύλόγως
980 1652 1019 1726 είς
1046 1655 1168 1730 ὑπακοὴν
1195 1655 1316 1714 στελλό-

27 1799 110 1848 μενσι,
139 1777 195 1838 εἴτε
223 1779 251 1837 έν
275 1778 428 1856 μετοχίσις,
458 1777 513 1836 εἴτε
540 1777 569 1836 ἑν
593 1777 742 1849 διακονίαις
764 1777 923 1856 πλοιαρίων,
952 1776 1005 1836 είτε
1030 1777 1058 1836 ἐν
1083 1779 1187 1857 ἑτέραις
1209 1777 1317 1857 χρείαις

26 1907 68 1974 τῆς
91 1907 188 1978 μονῆς,
214 1899 260 1960 καί
282 1900 430 1960 ἀναπαύσοι
453 1901 548 1972 αύτούς
569 1901 660 1980 κύριος
683 1901 697 1960 θ
720 1901 783 1970 θεός
806 1899 834 1958 ἐν
856 1901 948 1969 τόποις
970 1899 1100 1977 χλοεραῖς
1122 1898 1169 1958 καί
1192 1899 1316 1960 ἀναπαύ-

26 2042 105 2100 σεως,
131 2023 197 2082 ἔνθα
220 2022 245 2082 οἱ
267 2023 366 2082 δίκαιοι
389 2023 578 2102 ἀναπαύονται,
606 2027 659 2081 πάν
686 2021 883 2098 πλημμέλημα
910 2027 1058 2100 συγχωρῶν
1086 2021 1182 2094 αύτούς
1205 2023 1219 2080 ό
1242 2023 1314 2100 θεός,

27 2139 121 2216 όμοῖαυς
149 2139 192 2228 [δὲ
216 2139 272 2228 καί]
301 2143 362 2215 τούς
389 2145 492 2214 ζῶντας
520 2143 549 2202 ἐν
576 2143 647 2223 αύτῷ
674 2141 713 2222 τῷ
740 2145 830 2224 τρόπῳ
857 2149 991 2224 συγχωρῶ
1018 2143 1065 2202 καί
1088 2143 1215 2224 εύχομαι,
1242 2145 1316 2216 ὅπως

26 2270 233 2342 καταντήσωμεν
267 2269 385 2340 ἀπαντες
423 2265 463 2337 είς
497 2265 643 2340 ἀπάντησιν
682 2270 728 2324 τού
760 2265 850 2345 κυρίου
886 2311 1314 2328 ..............

27 2391 90 2462 μετὰ
116 2392 225 2449 πάντων
251 2395 305 2449 τῶν
333 2391 495 2464 σωζομένων
522 2385 569 2447 καί
596 2388 707 2448 δικαίων
735 2388 819 2467 ἁγίων
843 2385 956 2460 εὔξασθε
986 2387 1032 2448 καίΙ
1060 2388 1126 2468 ὑπὲρ
1153 2383 1241 2472 [ἐμοῦ]
1270 2393 1316 2447 τού

27 2512 196 2592 ἀμσρτωλού,
223 2509 337 2590 ἀδελφοὶ
368 2509 414 2570 καὶ
446 2513 578 2592 πατέρες,
611 2515 657 2570 τού
690 2511 840 2590 κρύψαντας
873 2505 920 2570 καί
954 2511 992 2586 μὴ
1022 2514 1193 2586 ποιησαντος.
1232 2511 1314 2584 ἀμήν.

27 2635 147 2712 ἑγράρη
170 2633 226 2693 καὶ
249 2635 420 2712 ύπεγράρη
444 2633 486 2710 τῷ
510 2631 587 2708 μηνὶ
611 2632 811 2713 δεκεμβρίῳ,
836 2631 1046 2704 ἰνδικτιῶνσς
1069 2631 1104 2694 α’.
1130 2635 1150 2714 †

125 2755 205 2832 †‘0
235 2763 292 2830 τῆς
317 2755 449 2830 [Ιάτμου
479 2761 582 2830 μονῆς
612 2757 868 2834 καθηγούμενος
891 2755 1060 2834 Γερμανός
1089 2756 1144 2814 καὶ
1176 2755 1316 2829 εὐτελὴς

26 2881 36 2933 ό
59 2879 116 2949 τὴν
137 2881 307 2956 παροῦσαν
329 2879 525 2958 ὑπογράψας
548 2878 720 2955 διαθήκην.
745 2878 765 2957 †

124 3005 266 3076 Archetyp.
290 3007 378 3060 οθαπέ.
404 3006 479 3061 Hor.
498 3005 538 3059 ll.
563 3025 611 3060 nro
628 3007 678 3061 12.
707 3006 814 3060 Tabula
837 3007 980 3060 ιη’όιιευάσ
1003 3013 1041 3059 αεὶ
1064 3025 1135 3059 anno
1161 3009 1251 3060 1272.

266 3291 403 3357 XCVII,
429 3291 505 3358 Sine
527 3315 622 3376 anno,
647 3315 757 3357 mense
780 3304 925 3378 anguem,
951 3293 1015 3358 ind.
1041 3293 1065 3357 I.

28 3443 114 3494 (ίιιιὶά
134 3443 341 3513 πναμίεύπσθιθιω
364 3441 446 3494 Asiae
466 3442 583 3494 Minoris
606 3443 698 3495 scribit
721 3443 753 3494 de
776 3443 986 3512 emptionibus
1008 3444 1198 3496 navicularum
1221 3460 1310 3496 mona·

376 3547 453 3599 alerii
474 3553 497 3598 et
519 3547 552 3598 de
574 3546 673 3599 σοίοαέυ
696 3547 752 3600 τίνω
775 3547 803 3598 in
827 3547 960 3616 Phyqeh's.

121 3731 145 3793 Ι.
170 3734 191 3810 †
215 3731 250 3790 ‘0
267 3732 417 3810 ἐπικρατῶν
433 3733 463 3791 τό
478 3734 646 3812 κομμέρκισν
662 3737 711 3807 τῆς
727 3732 849 3807 Ἀναίας,
873 3737 932 3811 κύρι
948 3732 968 3790 Γ
970 3735 1069 3812 εῶργιε
1086 3733 1229 3811 Χαλούρη.
1255 3732 1314 3792 ἐπεὶ

28 3853 195 3928 ήσεβασμία
223 3853 352 3929 βασιλικὴ
381 3855 450 3928 μονὴ
478 3855 495 3928 ἡ
523 3854 552 3914 ἐν
575 3855 681 3932 Πάτμῳ
709 3861 741 3935 τῇ
768 3857 842 3932 νητῳ
869 3859 915 3914 τού
937 3855 1117 3932 θγαπημὲνου
1141 3853 1250 3933 Χριστῷ
1276 3853 1315 3932 τῷ

29 3974 78 4051 θεῷ
99 3977 226 4036 Ἰωάννου
252 3981 298 4036 τοῦ
325 3973 470 4053 Θεολόγου
496 3977 624 4052 κέκτηται
652 3978 711 4036 θεία
734 3974 781 4036 καί
804 3976 935 4049 βασιλικὰ
957 3979 1152 4054 προστάγματα
1175 3983 1228 4036 τῶν
1253 3975 1314 4035 ἀσι-

31 4095 106 4168 όίμων
132 4098 281 4176 βασιλέων,
310 4097 387 4158 ἀλλὰ
417 4099 451 4172 δὴ
479 4096 526 4156 καὶ
557 4100 721 4178 πρόσταγμα
746 4101 928 4178 προσκυνητόν
950 4103 996 4158 τσύ
1017 4103 1146 4176 κραταιοῦ
1168 4097 1215 4158 καί
1238 4099 1315 4176 άγίου

29 4218 98 4290 ἡμῶν
127 4220 254 4280 αύθέντου
286 4219 331 4280 καὶ
362 4219 514 4300 βασιλέως,
546 4219 739 4300 διοριζόμενον,
769 4221 814 4279 ἵνα
847 4217 1071 4291 ἐξκσυσσεύωνται
1101 4221 1135 4279 τά
1164 4221 1236 4279 κατὰ
1266 4219 1316 4291 τὰς

30 4344 226 4420 ταραιγιαλίαυς
248 4347 344 4422 χώρας
367 4343 410 4403 όιά
432 4363 505 4415 τινας
528 4344 717 4422 πραγματείας
740 4343 918 4422 ἀπερχόμενα
941 4343 1077 4402 σανδάλια
1104 4343 1187 4417 αύτῆς
1210 4338 1262 4400 ἀπό
1286 4363 1316 4402 τε

30 4465 185 4544 κσμμερκίου
219 4463 266 4524 καὶ
299 4471 352 4524 τῶν
386 4463 483 4524 ἀλλων
519 4465 652 4545 ἐπηρειῶν
686 4486 715 4525 τε
752 4464 799 4525 καὶ
834 4463 937 4524 δόσεων
972 4469 1023 4524 τῶν
1058 4464 1129 4522 κατὰ
1164 4466 1315 4545 συνήθειαν,

32 4587 157 4662 γράρσμέν
180 4607 233 4666 σοι,
256 4587 311 4666 ἵνα,
344 4587 438 4658 ὁσάκις
468 4587 602 4665 ἔρχωνται
633 4588 723 4647 αθτόθι
753 4587 787 4646 τὰ
816 4591 925 4646 τοιαῦτα
954 4589 1071 4666 τέσσαρα
1101 4585 1236 4646 σανδάλια
1267 4592 1316 4662 τῆς

34 4713 115 4784 W&
142 4708 270 4789 όιατηρῇς
297 4712 380 4767 ταῦτα
407 4709 540 4788 ἐλεύθερα
566 4711 651 4784 πάντη
682 4707 728 4768 καὶ
756 4709 913 4768 ἀόιάσειστα
942 4701 988 4767 καί
1019 4709 1126 4786 ἀπέχῃς
1155 4707 1254 4768 τέλεον
1285 4707 1314 4782 ἐξ
