3184 5288
1315 360 1355 424 91

68 556 174 634 παιδίον,
203 557 443 635 όχιιρτουλάριος
469 555 516 616 καί
541 557 737 636 πατριαρχικδς
764 557 897 636 νοτάριος,
924 561 1000 636 κῦρις
1027 499 1185 634 Θεοδόσιος,
1211 556 1224 612 ό
1248 555 1358 630 ἀνεψιός

68 683 108 738 τοῦ
129 679 314 755 ὴοιχομένου
341 681 422 756 κυροῦ
445 677 590 737 Βασιλείου
616 681 663 738 τοῦ
685 677 873 756 Καοτρειοίου,
901 676 1009 758 ἀπέλθῃ
1037 677 1066 736 ἐν
1088 683 1121 757 τῇ
1145 675 1274 756 εἰρημένῃ
1297 674 1358 758 θείᾳ

69 807 130 879 μονῇ,
163 797 211 858 καί
240 799 458 879 άποκειράμενος
492 799 521 858 έν
556 800 623 878 αὐτῇ
656 792 812 878 προΐσταται
845 795 892 858 καί
919 799 1104 880 ἡγουμενεῦη,
1134 799 1278 878 πρωτεῦων
1305 803 1358 874 τῶν

69 920 186 998 ἀδελφῶν
213 923 335 999 πάντων,
364 921 402 995 μὴ
430 921 543 998 έχοντος
570 921 650 978 αθτοῦ
677 915 772 978 άδειαν
800 917 919 998 εἰσάγειν
945 915 1004 979 τινὰ
1031 925 1083 980 τῶν
1112 925 1249 998 συγγενῶν
1280 921 1359 979 αῦτοῦ

69 1043 93 1100 ἐν
117 1048 148 1123 τῇ
170 1044 280 1124 τοιαύτη
302 1046 410 1122 μονῇ»,
433 1043 526 1113 καθὼς
547 1038 609 1120 περὶ
638 1041 738 1100 τοῦτων
765 1043 872 1101 πάντων
900 1039 1030 1121 καὶπερὶ
1059 1041 1155 1100 σίλλων
1182 1047 1260 1100 τινῶν
1288 1042 1357 1100 ῦπα-

69 1163 162 1222 θέσεων
189 1164 208 1236 ἡ
236 1164 368 1240 γεγονυῖα
393 1163 458 1243 παρ’
484 1162 588 1222 ἐκείνου
616 1165 730 1237 μυστικη
758 1182 788 1222 τε
812 1159 932 1234 διάταξις
959 1159 1006 1222 καί
1033 1161 1246 1234 όκωδίκελλος
1273 1163 1359 1240 σαφέ-

69 1305 146 1344 στατα
174 1290 331 1364 περισπῶσι.
366 1285 458 1344 τοῦτου
490 1279 535 1343 οὖν
566 1284 650 1356 οῦτως
681 1281 879 1359 διαταξαμένου
914 1281 961 1343 καὶ
991 1286 1037 1342 τοῦ
1067 1287 1190 1360 μοναχοῦ
1221 1273 1360 1363 Ἀ’ρσενίου

68 1412 109 1464 τοῦ
130 1407 283 1484 Σκηνοῦρου
310 1407 380 1482 μήτε
408 1407 462 1480 μὴν
491 1405 695 1480 ένδημήσαντος
723 1405 837 1466 ἐνταῦθα
864 1403 929 1484 όχρι
958 1409 1004 1464 τοῦ
1030 1407 1163 1484 παρόντος
1189 1407 1207 1480 ἡ
1234 1405 1361 1482 πρόνοιάν

68 1548 120 1585 τινα
150 1529 266 1601 θεμένου
295 1532 345 1602 τῆς
376 1527 503 1606 ῥηθείσης
532 1532 619 1604 μονῆς
653 1525 700 1586 καί
734 1532 787 1584 τῶν
823 1527 1004 1606 διαφερόντων
1039 1525 1116 1604 αὐτῇ,
1147 1525 1196 1585 οῦκ
1227 1525 1361 1585 ἐπαύσατε

68 1651 139 1722 ῖμεῖς
170 1648 193 1708 οί
223 1655 273 1725 τῆς
307 1649 390 1724 αίιιῆς
420 1655 506 1724 μονῆς
541 1645 658 1726 μοναχοὶ
693 1647 825 1722 διηνεκῶς
860 1645 1013 1722 αἰτούμενοί
1043 1667 1078 1721 με
1112 1647 1283 1728 άποκαρῆναι
1314 1643 1361 1706 καί

70 1767 247 1843 ἐναδέξασθοιι
273 1771 321 1844 τὴν
348 1771 472 1845 τοιαῦτ-ην
499 1769 585 1844 μονὴν
615 1767 663 1828 καί
693 1769 727 1828 τὰ
756 1768 831 1849 παρὰ
862 1772 907 1828 τοῦ
934 1769 1133 1846 κατοιχομένου
1159 1767 1361 1849 Χριστοδοῦλου

69 1896 183 1970 μονα-χοῦ
208 1895 256 1952 τοῦ
277 1891 421 1972 Λατρηνοῦ
448 1891 650 1970 διατεταγμένα
680 1889 874 1970 ἐκπληρῶσαι·
903 1889 961 1967 ἐγὼ
987 1889 1018 1948 δέ
1045 1891 1059 1948 ό
1083 1887 1175 1970 ῥηθείς
1202 1888 1360 1969 θεοδόσιος,

69 2015 262 2094 χαρτουλάριος
289 2012 336 2074 καί
361 2014 557 2094 πατριαρχικδς
586 2015 719 2094 νοτάριος,
747 2013 762 2072 ό
790 2012 899 2090 ἀνεψιός
925 2017 972 2073 τοῦ
1002 2013 1187 2090 ἀποιχομένου
1214 2010 1360 2072 Βασιλείου

70 2141 110 2196 τοῦ
138 2135 328 2216 Καοτρεισίου,
359 2137 408 2196 οίικ
440 2135 565 2212 ἠθέλησα
596 2135 671 2208 ὅλως
701 2138 777 2194 τοῦτο
805 2139 916 2210 ποιῆσαι
945 2133 993 2194 καί
1022 2135 1194 2215 ἀποκαρῆναι
1220 2137 1238 2208 ἡ
1269 2133 1298 2194 ἐν
1328 2140 1361 2216 τῇ

70 2259 137 2335 νήσῳ
163 2257 270 2334 Πάτμῳ
294 2252 417 2327 ἐξελθεῖν
444 2253 490 2314 καί
517 2257 566 2330 τὴν
597 2256 724 2335 ῥηθεῖσαν
755 2257 840 2330 μονὴν
867 2253 913 2316 καί
940 2255 1157 2338 τὰδιαφέροντα
1183 2257 1266 2338 ταύτῃ
1292 2255 1361 2314 ἀνα-

72 2375 192 2450 δέξασθαι
214 2377 287 2437 κατὰ
308 2377 357 2452 τἠν
380 2381 426 2436 τοῦ
449 2377 623 2452 δηλωθέντος
645 2375 845 2456 Χριστοδοῦλου
869 2381 992 2454 μοναχοῦ
1014 2381 1059 2437 τοῦ
1079 2377 1220 2457 Λατρηνοῡ
1243 2377 1362 2458 διόρισιν,

72 2498 111 2558 διέ
137 2501 167 2560 ιδ
194 2499 294 2574 ταότην
325 2499 443 2574 μήκιστα
473 2494 542 2558 είναι
573 2497 619 2558 καὶ
648 2499 786 2560 πτοεῖσθαι
816 2500 861 2557 τόν
891 2519 921 2557 τε
951 2503 1000 2574 τῆς
1029 2499 1172 2575 θαλάσσης
1202 2498 1299 2578 πλοῦν,
1330 2498 1364 2558 τὰ

73 2621 154 2680 ἐκεῖσε
181 2618 353 2700 έξεφχόμενα
379 2618 521 2695 πολεμικὰ
550 2617 598 2679 καὶ
626 2617 688 2692 τοὺς
717 2619 864 2700 Τοῦρκους,
895 2619 934 2680 έτι
964 2618 996 2678 δὲ
1027 2617 1074 2680 καί
1100 2620 1162 2691 τοὺς
1188 2619 1363 2699 κουρσαρίους

72 2743 113 2802 καί
134 2743 177 2802 διὰ
198 2744 230 2802 τδ
254 2741 387 2816 δύσβατον
408 2740 455 2802 καί
482 2741 583 2821 ἔρημον
606 2743 651 2801 τὀν
674 2745 791 2802 τοιοῦτον
813 2743 895 2802 τόπον
922 2744 1077 2820 τυγχάνειν,
1105 2740 1152 2802 καί
1179 2745 1249 2818 μήτε
1272 2741 1363 2822 ἀπαρ-

72 2866 184 2940 τισθῆναι
205 2864 323 2936 τελείως
345 2865 393 2938 τὴν
415 2863 539 2938 τοιαῦτην
562 2865 658 2942 μονήν,
687 2865 756 2938 μήτε
784 2862 911 2923 δῦνασθοιι
937 2863 1103 2944 κυβερνῆσαι
1129 2864 1163 2922 τὰ
1189 2863 1272 2944 ταύτῃ
1301 2864 1362 2923 δια-

73 2987 193 3067 φέροντα,
225 2986 293 3046 ἀλλ’
323 2987 490 3068 ᾑρετισάμην
521 2985 650 3055 ἑκουσίως
683 2983 730 3045 καί
764 2985 813 3045 οῦκ
843 2985 952 3068 ἀνάγκη
981 2983 1030 3044 τινὶ
1060 2989 1078 3060 ἢ
1107 2985 1153 3066 βίᾳ
1180 2982 1363 3056 ἀποτάξασθαι

74 3105 108 3182 τῷ
127 3108 238 3186 τοιαίτῳ
266 3106 363 3186 δικαίῳ
391 3111 436 3167 τοῦ
467 3106 592 3186 δευτέρου
618 3101 772 3186 προσώπου,
796 3105 842 3166 καί
866 3107 945 3166 έιῖοαι
967 3105 1028 3182 ὑμῖν
1050 3108 1106 3179 τοῖς
1128 3107 1251 3183 λεχθεῖσι
1274 3126 1363 3180 μονα-

74 3231 128 3303 χοῖς
153 3229 200 3288 ἀπ’
232 3228 354 3288 ἐντεῦθεν
382 3228 457 3306 ἔχειν
484 3229 532 3303 τὴν
560 3226 731 3302 δηλωθεῖσαν
764 3227 849 3302 μονὴν
876 3227 923 3288 καὶ
950 3229 1121 3308 προνοεῖσθαι
1152 3229 1234 3303 αὐτῆς
1261 3247 1291 3286 τε
1318 3225 1365 3287 καὶ

75 3355 120 3407 τῶν
142 3350 323 3429 διαφερόντων
347 3351 423 3432 αὐτῇ,
448 3349 574 3426 εὐλαβιῦν
597 3348 644 3408 καὶ
666 3349 760 3424 τιμίων
788 3348 893 3430 ἀνδρῶν
923 3351 998 3425 ὑμῶν
1028 3349 1112 3410 όντων
1139 3347 1185 3410 καί
1209 3349 1365 3424 δυναμένων

78 3469 109 3541 είς
136 3473 261 3532 οῦοτασιν
290 3477 340 3548 τῆς
370 3471 494 3546 τοιοάιης
524 3476 610 3547 μονῆς
640 3470 686 3531 καί
716 3477 769 3531 τῶν
801 3471 980 3550 διαφερόντων
1015 3471 1099 3553 ταῦιη
1130 3465 1208 3532 εῖναι.
1245 3469 1290 3531 διά
1324 3491 1364 3531 τοι

76 3595 159 3670 ταῦτα,
189 3591 237 3651 καὶ
268 3593 306 3664 ὡς
337 3593 376 3667 μὴ
406 3591 497 3652 θέλων
527 3592 708 3672 ἀποκαρῆναι,
739 3591 810 3652 κατὰ
839 3591 888 3669 τὴν
919 3592 1030 3666 δύναμιν
1062 3597 1112 3669 τῆς
1140 3587 1291 3664 διατάξεως
1319 3595 1366 3652 τοῦ

77 3719 189 3792 μοναχοῦ
213 3713 415 3794 Χριστοδοῦλου
437 3717 484 3774 τοῦ
506 3715 658 3793 Λατρηνοῦ,
684 3713 762 3773 ἀλλὰ
785 3715 846 3774 κατ’
870 3711 972 3774 οἰκείαν
996 3713 1125 3790 βούλησιν
1149 3711 1364 3793 ἀποταξάμενος,

77 3835 139 3893 καθέ
160 3833 330 3916 δεδήλωται,
353 3834 392 3913 τῷ
416 3834 512 3914 δικαίῳ
534 3839 580 3896 τοῦ
603 3835 729 3914 δευτέρου
750 3837 895 3914 προσώπου
917 3833 963 3896 καί
992 3835 1198 3916 παραχωρήσας
1222 3835 1295 3911 έχειν
1319 3834 1365 3892 ἀπ’

78 3953 189 4016 ἐντεῦθεν
217 3957 288 4031 ὑμᾶς
314 3957 363 4030 τὴν
395 3955 568 4030 δηλωθεῖσαν
600 3957 686 4032 μονὴν
715 3955 762 4016 καί
789 3956 823 4016 τὰ
854 3956 1012 4036 διαφέροντα
1038 3955 1132 4037 ταῦτη,
1160 3961 1293 4034 συμφωνῶ
1320 3955 1367 4016 καί

80 4075 258 4156 ἐπερωτῶμαι,
282 4077 325 4136 ἵνα
349 4079 388 4152 μὴ
413 4078 470 4155 ἔχω
501 4075 594 4136 οίδειαν
618 4081 636 4151 ἢ
664 4075 785 4150 ἐξουσίαν
816 4077 870 4137 ἀπό
899 4081 946 4138 τοῦ
972 4082 1017 4136 νῦν
1043 4095 1108 4136 ποτε
1138 4081 1231 4154 καιροῦ
1257 4079 1276 4150 ἢ
1298 4077 1365 4155 χρά-

81 4217 118 4256 νου
145 4199 278 4274 ἐπιζητεῖν
309 4199 480 4280 ἀποκαρῆναι
511 4199 540 4258 ἐν
570 4205 604 4280 τῇ
634 4199 744 4280 τοιαύτῃ
780 4203 850 4278 μονῇ
877 4199 1113 4276 ἣνὴγουμενεῦειν
1144 4201 1162 4272 ἢ
1191 4192 1367 4277 προίστασθαι

82 4319 167 4395 ταύτης
192 4319 240 4379 καί
266 4327 320 4380 τῶν
348 4322 416 4402 αῦιῇ
447 4321 626 4401 διαφερόντων
649 4324 667 4394 ἢ
690 4321 788 4400 χρῆσίν
814 4341 872 4380 τινα
901 4319 930 4378 ἐν
957 4319 1040 4396 ταῦτη
1067 4319 1264 4378 ἀνακαλεῖσθαι
1292 4319 1367 4396 ἔχειν

82 4441 165 4512 ῆέπδ
185 4447 239 4502 τῶν
263 4442 295 4502 ἐκ
317 4443 415 4518 ταῦτης
443 4441 670 4518 είσοδιαζομένων
700 4442 834 4515 ἐπιζητεῖν
856 4462 880 4500 τι
902 4443 1012 4502 πώποτε
1034 4443 1052 4514 ἡ
1074 4439 1143 4518 πρδς
1170 4439 1294 4514 ἀθέτησιν
1322 4444 1368 4498 τοῦ

83 4565 203 4642 παρόντος
233 4565 371 4644 ἐγγράφου
400 4563 521 4644 γίνεσθαι
552 4565 627 4636 όλως
656 4562 786 4645 οίᾳδητινι
815 4561 985 4643 προφάσειῆ
1013 4561 1122 4642 ἀφορμῇ
1151 4565 1169 4635 ἢ
1199 4563 1368 4642 περιγραφὴν

85 4679 117 4751 εἰς
137 4687 215 4756 μέσον
241 4687 424 4766 προφέρεινῆ
452 4683 514 4758 βίον
541 4689 559 4759 ἠ
587 4686 690 4760 ἀπάτην
713 4688 731 4759 ἡ
760 4685 957 4758 δυναστείανῆ
985 4684 1096 4760 άγνοιαν
1123 4684 1247 4758 νόμτυή
1276 4683 1367 4758 ἀλλην
