<?xml version="1.0" encoding="UTF-8"?>
<!DOCTYPE html PUBLIC "-//W3C//DTD XHTML 1.0 Transitional//EN"
    "http://www.w3.org/TR/xhtml1/DTD/xhtml1-transitional.dtd">
<html xmlns="http://www.w3.org/1999/xhtml" xml:lang="en" lang="en">
 <head>
  <title>
</title>
<meta http-equiv="Content-Type" content="text/html;charset=utf-8" />
  <meta name='ocr-system' content='tesseract 3.04.00' />
  <meta name='ocr-capabilities' content='ocr_page ocr_carea ocr_par ocr_line ocrx_word'/>
</head>
<body>
  <div class='ocr_page' id='page_1' title='image "./actaetdiplomata02miklgoog_0153.png"; bbox 0 0 3184 5288; ppageno 0'>
   <div class='ocr_carea' id='block_1_1' title="bbox 249 360 310 424">
    <p class='ocr_par' dir='ltr' id='par_1_1' title="bbox 249 360 310 424">
     <span class='ocr_line' id='line_1_1' title="bbox 249 360 310 424; baseline 0 -1"><span class='ocrx_word' id='word_1_1' title='bbox 249 360 310 424; x_wconf 82' lang='lat'>138</span> 
     </span>
    </p>
   </div>
   <div class='ocr_carea' id='block_1_2' title="bbox 244 507 1551 636">
    <p class='ocr_par' dir='ltr' id='par_1_2' title="bbox 244 507 1551 636">
     <span class='ocr_line' id='line_1_2' title="bbox 244 507 1551 636; baseline 0.001 -25"><span class='ocrx_word' id='word_1_2' title='bbox 244 557 262 626; x_wconf 87' lang='grc' dir='ltr'>ή</span> <span class='ocrx_word' id='word_1_3' title='bbox 289 507 511 632; x_wconf 71' lang='grc' dir='ltr'>άγγαρέυόμενον</span> <span class='ocrx_word' id='word_1_4' title='bbox 545 557 615 614; x_wconf 90' lang='grc' dir='ltr'>κατά</span> <span class='ocrx_word' id='word_1_5' title='bbox 643 577 667 614; x_wconf 90' lang='grc' dir='ltr'>τι</span> <span class='ocrx_word' id='word_1_6' title='bbox 693 559 710 629; x_wconf 90' lang='grc' dir='ltr'>ή</span> <span class='ocrx_word' id='word_1_7' title='bbox 746 555 843 627; x_wconf 82' lang='grc' dir='ltr'>άλλως</span> <span class='ocrx_word' id='word_1_8' title='bbox 874 515 1104 635; x_wconf 79' lang='grc' dir='ltr'>ἐπηρεαζόμενόν,</span> <span class='ocrx_word' id='word_1_9' title='bbox 1140 558 1212 634; x_wconf 83' lang='grc' dir='ltr'>μηδὲ</span> <span class='ocrx_word' id='word_1_10' title='bbox 1245 561 1326 636; x_wconf 92' lang='grc' dir='ltr'>χάριν</span> <span class='ocrx_word' id='word_1_11' title='bbox 1357 555 1551 632; x_wconf 78' lang='grc' dir='ltr'>μετακομιδῆς</span> 
     </span>
    </p>
   </div>
   <div class='ocr_carea' id='block_1_3' title="bbox 184 674 1553 1728">
    <p class='ocr_par' dir='ltr' id='par_1_3' title="bbox 184 674 1553 1728">
     <span class='ocr_line' id='line_1_3' title="bbox 244 674 1550 758; baseline -0.001 -25"><span class='ocrx_word' id='word_1_12' title='bbox 244 677 323 733; x_wconf 81' lang='grc' dir='ltr'>τινῶν</span> <span class='ocrx_word' id='word_1_13' title='bbox 360 674 503 754; x_wconf 85' lang='grc' dir='ltr'>χρειωδῶν</span> <span class='ocrx_word' id='word_1_14' title='bbox 542 680 575 756; x_wconf 84' lang='grc' dir='ltr'>τῇ</span> <span class='ocrx_word' id='word_1_15' title='bbox 613 675 743 757; x_wconf 78' lang='grc' dir='ltr'>βασιλείᾳ</span> <span class='ocrx_word' id='word_1_16' title='bbox 776 697 828 752; x_wconf 82' lang='grc' dir='ltr'>μου</span> <span class='ocrx_word' id='word_1_17' title='bbox 865 677 1106 752; x_wconf 88' lang='grc' dir='ltr'>άποστελλόμενον</span> <span class='ocrx_word' id='word_1_18' title='bbox 1140 681 1157 752; x_wconf 88' lang='grc' dir='ltr'>ή</span> <span class='ocrx_word' id='word_1_19' title='bbox 1196 679 1379 758; x_wconf 77' lang='grc' dir='ltr'>βαρυνόμενον</span> <span class='ocrx_word' id='word_1_20' title='bbox 1413 677 1550 752; x_wconf 80' lang='grc' dir='ltr'>έκβλήσει</span> 
     </span>
     <span class='ocr_line' id='line_1_4' title="bbox 244 794 1551 882; baseline 0.002 -29"><span class='ocrx_word' id='word_1_21' title='bbox 244 795 345 854; x_wconf 91' lang='grc' dir='ltr'>κόκκου</span> <span class='ocrx_word' id='word_1_22' title='bbox 367 797 385 868; x_wconf 86' lang='grc' dir='ltr'>ή</span> <span class='ocrx_word' id='word_1_23' title='bbox 409 799 528 871; x_wconf 84' lang='grc' dir='ltr'>συνωνής</span> <span class='ocrx_word' id='word_1_24' title='bbox 561 794 608 854; x_wconf 84' lang='grc' dir='ltr'>καὶ</span> <span class='ocrx_word' id='word_1_25' title='bbox 635 794 825 876; x_wconf 79' lang='grc' dir='ltr'>στραβοξυλῆς</span> <span class='ocrx_word' id='word_1_26' title='bbox 857 795 904 856; x_wconf 82' lang='grc' dir='ltr'>καὶ</span> <span class='ocrx_word' id='word_1_27' title='bbox 934 799 1033 878; x_wconf 89' lang='grc' dir='ltr'>χόρτου</span> <span class='ocrx_word' id='word_1_28' title='bbox 1065 795 1204 882; x_wconf 78' lang='grc' dir='ltr'>εἰσαγωγῇ</span> <span class='ocrx_word' id='word_1_29' title='bbox 1236 803 1254 874; x_wconf 86' lang='grc' dir='ltr'>ή</span> <span class='ocrx_word' id='word_1_30' title='bbox 1286 799 1363 881; x_wconf 78' lang='grc' dir='ltr'>άλλη</span> <span class='ocrx_word' id='word_1_31' title='bbox 1391 798 1551 876; x_wconf 82' lang='grc' dir='ltr'>ἀναγκαιο-</span> 
     </span>
     <span class='ocr_line' id='line_1_5' title="bbox 243 913 1552 1000; baseline 0.003 -28"><span class='ocrx_word' id='word_1_32' title='bbox 243 915 311 996; x_wconf 79' lang='grc' dir='ltr'>τάτη</span> <span class='ocrx_word' id='word_1_33' title='bbox 337 913 388 974; x_wconf 87' lang='grc' dir='ltr'>τινί</span> <span class='ocrx_word' id='word_1_34' title='bbox 417 915 582 998; x_wconf 73' lang='grc' dir='ltr'>λειτουργίᾳ,</span> <span class='ocrx_word' id='word_1_35' title='bbox 621 914 866 992; x_wconf 70' lang='grc' dir='ltr'>έξνουσσευόμενσν</span> <span class='ocrx_word' id='word_1_36' title='bbox 897 915 930 976; x_wconf 85' lang='grc' dir='ltr'>δὲ</span> <span class='ocrx_word' id='word_1_37' title='bbox 959 916 1006 977; x_wconf 85' lang='grc' dir='ltr'>καί</span> <span class='ocrx_word' id='word_1_38' title='bbox 1035 918 1088 978; x_wconf 90' lang='grc' dir='ltr'>ἀπό</span> <span class='ocrx_word' id='word_1_39' title='bbox 1114 937 1146 978; x_wconf 85' lang='grc' dir='ltr'>τε</span> <span class='ocrx_word' id='word_1_40' title='bbox 1175 919 1346 1000; x_wconf 86' lang='grc' dir='ltr'>ἀντιναὺλου,</span> <span class='ocrx_word' id='word_1_41' title='bbox 1376 918 1552 998; x_wconf 84' lang='grc' dir='ltr'>κομμερκίου</span> 
     </span>
     <span class='ocr_line' id='line_1_6' title="bbox 244 1034 1552 1120; baseline 0.002 -26"><span class='ocrx_word' id='word_1_42' title='bbox 244 1034 291 1094; x_wconf 90' lang='grc' dir='ltr'>καὶ</span> <span class='ocrx_word' id='word_1_43' title='bbox 325 1034 455 1109; x_wconf 89' lang='grc' dir='ltr'>δεκατίας</span> <span class='ocrx_word' id='word_1_44' title='bbox 487 1043 540 1096; x_wconf 83' lang='grc' dir='ltr'>τῶν</span> <span class='ocrx_word' id='word_1_45' title='bbox 575 1036 708 1120; x_wconf 85' lang='grc' dir='ltr'>οἰναρίων,</span> <span class='ocrx_word' id='word_1_46' title='bbox 745 1043 791 1098; x_wconf 81' lang='grc' dir='ltr'>τοῦ</span> <span class='ocrx_word' id='word_1_47' title='bbox 829 1039 992 1098; x_wconf 88' lang='grc' dir='ltr'>λινοκόκκου</span> <span class='ocrx_word' id='word_1_48' title='bbox 1026 1038 1073 1098; x_wconf 83' lang='grc' dir='ltr'>καὶ</span> <span class='ocrx_word' id='word_1_49' title='bbox 1106 1042 1206 1112; x_wconf 78' lang='grc' dir='ltr'>παντός</span> <span class='ocrx_word' id='word_1_50' title='bbox 1246 1041 1338 1119; x_wconf 87' lang='grc' dir='ltr'>ἑτέρου</span> <span class='ocrx_word' id='word_1_51' title='bbox 1373 1039 1463 1112; x_wconf 79' lang='grc' dir='ltr'>εἴδους</span> <span class='ocrx_word' id='word_1_52' title='bbox 1502 1039 1552 1098; x_wconf 79' lang='grc' dir='ltr'>καὶ</span> 
     </span>
     <span class='ocr_line' id='line_1_7' title="bbox 244 1154 1552 1242; baseline 0.003 -26"><span class='ocrx_word' id='word_1_53' title='bbox 244 1158 418 1236; x_wconf 90' lang='grc' dir='ltr'>πράγματος·</span> <span class='ocrx_word' id='word_1_54' title='bbox 445 1154 734 1242; x_wconf 83' lang='grc' dir='ltr'>[προσλογισθήσονται</span> <span class='ocrx_word' id='word_1_55' title='bbox 756 1155 809 1240; x_wconf 81' lang='grc' dir='ltr'>γὰρ</span> <span class='ocrx_word' id='word_1_56' title='bbox 836 1159 938 1220; x_wconf 84' lang='grc' dir='ltr'>καὶτὰ</span> <span class='ocrx_word' id='word_1_57' title='bbox 966 1160 1088 1220; x_wconf 86' lang='grc' dir='ltr'>ἐντεῦθεν</span> <span class='ocrx_word' id='word_1_58' title='bbox 1115 1163 1252 1237; x_wconf 90' lang='grc' dir='ltr'>ἀνήκοντα</span> <span class='ocrx_word' id='word_1_59' title='bbox 1272 1161 1313 1241; x_wconf 80' lang='grc' dir='ltr'>τῷ</span> <span class='ocrx_word' id='word_1_60' title='bbox 1341 1161 1467 1240; x_wconf 80' lang='grc' dir='ltr'>δημοσίῳ</span> <span class='ocrx_word' id='word_1_61' title='bbox 1491 1165 1552 1231; x_wconf 85' lang='grc' dir='ltr'>τοῖς</span> 
     </span>
     <span class='ocr_line' id='line_1_8' title="bbox 246 1277 1552 1360; baseline 0.002 -23"><span class='ocrx_word' id='word_1_62' title='bbox 246 1277 425 1354; x_wconf 76' lang='grc' dir='ltr'>δικαιώμασιν</span> <span class='ocrx_word' id='word_1_63' title='bbox 457 1278 498 1352; x_wconf 83' lang='grc' dir='ltr'>εἰς</span> <span class='ocrx_word' id='word_1_64' title='bbox 525 1325 534 1340; x_wconf 91' lang='grc'><strong>.</strong></span> <span class='ocrx_word' id='word_1_65' title='bbox 558 1325 565 1340; x_wconf 90' lang='grc'><strong>.</strong></span> <span class='ocrx_word' id='word_1_66' title='bbox 591 1328 598 1341; x_wconf 95' lang='grc'><strong>.</strong></span> <span class='ocrx_word' id='word_1_67' title='bbox 624 1331 630 1342; x_wconf 93' lang='grc'><strong>.</strong></span> <span class='ocrx_word' id='word_1_68' title='bbox 660 1282 742 1356; x_wconf 78' lang='grc' dir='ltr'>αὐτὴν</span> <span class='ocrx_word' id='word_1_69' title='bbox 774 1283 860 1357; x_wconf 82' lang='grc' dir='ltr'>μονὴν</span> <span class='ocrx_word' id='word_1_70' title='bbox 889 1281 924 1341; x_wconf 86' lang='grc' dir='ltr'>δι’</span> <span class='ocrx_word' id='word_1_71' title='bbox 953 1281 1102 1360; x_wconf 78' lang='grc' dir='ltr'>ἐμφανείας</span> <span class='ocrx_word' id='word_1_72' title='bbox 1131 1285 1344 1358; x_wconf 82' lang='grc' dir='ltr'>πεπιττωμένων</span> <span class='ocrx_word' id='word_1_73' title='bbox 1375 1280 1552 1355; x_wconf 81' lang='grc' dir='ltr'>ἀποδείξεων</span> 
     </span>
     <span class='ocr_line' id='line_1_9' title="bbox 184 1387 1551 1480; baseline 0.004 -20"><span class='ocrx_word' id='word_1_74' title='bbox 184 1387 186 1390; x_wconf 43' lang='grc'><strong>’</strong></span> <span class='ocrx_word' id='word_1_75' title='bbox 244 1404 290 1460; x_wconf 79' lang='grc' dir='ltr'>τοῦ</span> <span class='ocrx_word' id='word_1_76' title='bbox 318 1402 418 1480; x_wconf 84' lang='grc' dir='ltr'>μέρους</span> <span class='ocrx_word' id='word_1_77' title='bbox 444 1407 494 1476; x_wconf 80' lang='grc' dir='ltr'>τής</span> <span class='ocrx_word' id='word_1_78' title='bbox 522 1402 645 1478; x_wconf 78' lang='grc' dir='ltr'>τοιαίνιης</span> <span class='ocrx_word' id='word_1_79' title='bbox 673 1409 760 1478; x_wconf 81' lang='grc' dir='ltr'>μονῆς</span> <span class='ocrx_word' id='word_1_80' title='bbox 782 1405 834 1462; x_wconf 83' lang='grc' dir='ltr'>κάν</span> <span class='ocrx_word' id='word_1_81' title='bbox 857 1402 902 1462; x_wconf 86' lang='grc' dir='ltr'>έπι</span> <span class='ocrx_word' id='word_1_82' title='bbox 918 1449 1551 1466; x_wconf 93' lang='grc'><strong>....................</strong></span> 
     </span>
     <span class='ocr_line' id='line_1_10' title="bbox 245 1513 1553 1608; baseline -0.001 -21"><span class='ocrx_word' id='word_1_83' title='bbox 245 1567 644 1586; x_wconf 82' lang='grc'><strong>.............</strong></span> <span class='ocrx_word' id='word_1_84' title='bbox 655 1520 665 1608; x_wconf 76' lang='grc' dir='ltr'>Ι</span> <span class='ocrx_word' id='word_1_85' title='bbox 694 1521 801 1596; x_wconf 82' lang='grc' dir='ltr'>ἐξέσται</span> <span class='ocrx_word' id='word_1_86' title='bbox 823 1527 888 1603; x_wconf 87' lang='grc' dir='ltr'>γοῦν</span> <span class='ocrx_word' id='word_1_87' title='bbox 916 1527 972 1596; x_wconf 88' lang='grc' dir='ltr'>τοῖς</span> <span class='ocrx_word' id='word_1_88' title='bbox 999 1527 1132 1602; x_wconf 87' lang='grc' dir='ltr'>μοναχοῖς</span> <span class='ocrx_word' id='word_1_89' title='bbox 1158 1530 1208 1600; x_wconf 80' lang='grc' dir='ltr'>τῆς</span> <span class='ocrx_word' id='word_1_90' title='bbox 1236 1513 1435 1605; x_wconf 81' lang='grc' dir='ltr'>διαληρθὲίσης</span> <span class='ocrx_word' id='word_1_91' title='bbox 1459 1533 1553 1601; x_wconf 83' lang='grc' dir='ltr'>μονῆς</span> 
     </span>
     <span class='ocr_line' id='line_1_11' title="bbox 243 1641 1552 1728; baseline 0.003 -26"><span class='ocrx_word' id='word_1_92' title='bbox 243 1643 336 1702; x_wconf 86' lang='grc' dir='ltr'>τούτου</span> <span class='ocrx_word' id='word_1_93' title='bbox 362 1645 566 1720; x_wconf 87' lang='grc' dir='ltr'>παλαιουμένου</span> <span class='ocrx_word' id='word_1_94' title='bbox 592 1643 631 1723; x_wconf 82' lang='grc' dir='ltr'>τῷ</span> <span class='ocrx_word' id='word_1_95' title='bbox 658 1647 750 1726; x_wconf 82' lang='grc' dir='ltr'>χρόνῳ</span> <span class='ocrx_word' id='word_1_96' title='bbox 779 1641 837 1704; x_wconf 84' lang='grc' dir='ltr'>ἀνθ’</span> <span class='ocrx_word' id='word_1_97' title='bbox 861 1647 953 1725; x_wconf 88' lang='grc' dir='ltr'>ἑτέρον</span> <span class='ocrx_word' id='word_1_98' title='bbox 980 1644 1108 1718; x_wconf 74' lang='grc' dir='ltr'>καινίζειν</span> <span class='ocrx_word' id='word_1_99' title='bbox 1134 1647 1288 1728; x_wconf 88' lang='grc' dir='ltr'>πλοιαρίου,</span> <span class='ocrx_word' id='word_1_100' title='bbox 1315 1648 1444 1708; x_wconf 87' lang='grc' dir='ltr'>κάκείνου</span> <span class='ocrx_word' id='word_1_101' title='bbox 1479 1669 1552 1706; x_wconf 92' lang='grc' dir='ltr'>ναυ-</span> 
     </span>
    </p>
   </div>
   <div class='ocr_carea' id='block_1_4' title="bbox 244 1763 1553 1850">
    <p class='ocr_par' dir='ltr' id='par_1_4' title="bbox 244 1763 1553 1850">
     <span class='ocr_line' id='line_1_12' title="bbox 244 1763 1553 1850; baseline 0.004 -28"><span class='ocrx_word' id='word_1_102' title='bbox 244 1765 315 1844; x_wconf 90' lang='grc' dir='ltr'>αγίῳ</span> <span class='ocrx_word' id='word_1_103' title='bbox 336 1763 387 1826; x_wconf 89' lang='grc' dir='ltr'>τινὶ</span> <span class='ocrx_word' id='word_1_104' title='bbox 408 1766 612 1847; x_wconf 84' lang='grc' dir='ltr'>περιπίπτοντος</span> <span class='ocrx_word' id='word_1_105' title='bbox 634 1767 709 1827; x_wconf 87' lang='grc' dir='ltr'>ἀλλο</span> <span class='ocrx_word' id='word_1_106' title='bbox 731 1765 876 1847; x_wconf 80' lang='grc' dir='ltr'>παράγειν,</span> <span class='ocrx_word' id='word_1_107' title='bbox 898 1772 948 1843; x_wconf 88' lang='grc' dir='ltr'>τῆς</span> <span class='ocrx_word' id='word_1_108' title='bbox 971 1769 1053 1843; x_wconf 81' lang='grc' dir='ltr'>αθτής</span> <span class='ocrx_word' id='word_1_109' title='bbox 1075 1768 1185 1847; x_wconf 86' lang='grc' dir='ltr'>όρεῖλον</span> <span class='ocrx_word' id='word_1_110' title='bbox 1213 1763 1283 1828; x_wconf 77' lang='grc' dir='ltr'>εἶναι</span> <span class='ocrx_word' id='word_1_111' title='bbox 1311 1771 1465 1850; x_wconf 73' lang='grc' dir='ltr'>χωρήσειας</span> <span class='ocrx_word' id='word_1_112' title='bbox 1503 1769 1553 1829; x_wconf 81' lang='grc' dir='ltr'>καί</span> 
     </span>
    </p>
   </div>
   <div class='ocr_carea' id='block_1_5' title="bbox 88 1868 1552 1976">
    <p class='ocr_par' dir='ltr' id='par_1_5' title="bbox 88 1868 1552 1976">
     <span class='ocr_line' id='line_1_13' title="bbox 88 1868 1552 1976; baseline 0.003 -31"><span class='ocrx_word' id='word_1_113' title='bbox 88 1868 92 1878; x_wconf 52' lang='grc'><em>’</em></span> <span class='ocrx_word' id='word_1_114' title='bbox 243 1891 292 1964; x_wconf 78' lang='grc' dir='ltr'>τῆς</span> <span class='ocrx_word' id='word_1_115' title='bbox 321 1884 382 1962; x_wconf 82' lang='grc' dir='ltr'>ἴσης</span> <span class='ocrx_word' id='word_1_116' title='bbox 414 1887 453 1965; x_wconf 83' lang='grc' dir='ltr'>τῷ</span> <span class='ocrx_word' id='word_1_117' title='bbox 479 1889 602 1968; x_wconf 82' lang='grc' dir='ltr'>προτέρῳ</span> <span class='ocrx_word' id='word_1_118' title='bbox 631 1885 806 1960; x_wconf 83' lang='grc' dir='ltr'>ἐξκουσσείας</span> <span class='ocrx_word' id='word_1_119' title='bbox 831 1889 1037 1970; x_wconf 86' lang='grc' dir='ltr'>παραπολαόειν</span> <span class='ocrx_word' id='word_1_120' title='bbox 1063 1889 1110 1948; x_wconf 72' lang='grc' dir='ltr'>σὐν</span> <span class='ocrx_word' id='word_1_121' title='bbox 1136 1892 1193 1962; x_wconf 85' lang='grc' dir='ltr'>τοῖς</span> <span class='ocrx_word' id='word_1_122' title='bbox 1220 1889 1386 1976; x_wconf 86' lang='grc' dir='ltr'>ἐμπλέουσιν</span> <span class='ocrx_word' id='word_1_123' title='bbox 1408 1890 1438 1950; x_wconf 86' lang='grc' dir='ltr'>ἐν</span> <span class='ocrx_word' id='word_1_124' title='bbox 1462 1891 1552 1970; x_wconf 79' lang='grc' dir='ltr'>αυτῷ.</span> 
     </span>
    </p>
   </div>
   <div class='ocr_carea' id='block_1_6' title="bbox 239 2008 1555 4639">
    <p class='ocr_par' dir='ltr' id='par_1_6' title="bbox 239 2008 1555 4404">
     <span class='ocr_line' id='line_1_14' title="bbox 242 2008 1554 2091; baseline 0.004 -24"><span class='ocrx_word' id='word_1_125' title='bbox 242 2013 429 2087; x_wconf 86' lang='grc' dir='ltr'>παρεγγυάται</span> <span class='ocrx_word' id='word_1_126' title='bbox 457 2008 528 2083; x_wconf 86' lang='grc' dir='ltr'>δὲή</span> <span class='ocrx_word' id='word_1_127' title='bbox 557 2009 684 2085; x_wconf 88' lang='grc' dir='ltr'>βασιλεία</span> <span class='ocrx_word' id='word_1_128' title='bbox 712 2031 763 2086; x_wconf 91' lang='grc' dir='ltr'>μου</span> <span class='ocrx_word' id='word_1_129' title='bbox 795 2010 839 2070; x_wconf 84' lang='grc' dir='ltr'>διὰ</span> <span class='ocrx_word' id='word_1_130' title='bbox 868 2015 915 2070; x_wconf 83' lang='grc' dir='ltr'>τοῦ</span> <span class='ocrx_word' id='word_1_131' title='bbox 943 2011 1076 2090; x_wconf 87' lang='grc' dir='ltr'>παρόντος</span> <span class='ocrx_word' id='word_1_132' title='bbox 1105 2012 1313 2090; x_wconf 85' lang='grc' dir='ltr'>χρυσοβοόλλου</span> <span class='ocrx_word' id='word_1_133' title='bbox 1342 2012 1431 2091; x_wconf 87' lang='grc' dir='ltr'>λόγου</span> <span class='ocrx_word' id='word_1_134' title='bbox 1463 2014 1554 2088; x_wconf 81' lang='grc' dir='ltr'>αὺτής</span> 
     </span>
     <span class='ocr_line' id='line_1_15' title="bbox 243 2127 1553 2214; baseline 0.002 -24"><span class='ocrx_word' id='word_1_135' title='bbox 243 2127 289 2190; x_wconf 83' lang='grc' dir='ltr'>καὶ</span> <span class='ocrx_word' id='word_1_136' title='bbox 315 2135 380 2190; x_wconf 84' lang='grc' dir='ltr'>πᾶσι</span> <span class='ocrx_word' id='word_1_137' title='bbox 406 2133 463 2202; x_wconf 87' lang='grc' dir='ltr'>τοῖς</span> <span class='ocrx_word' id='word_1_138' title='bbox 489 2131 560 2191; x_wconf 90' lang='grc' dir='ltr'>κατά</span> <span class='ocrx_word' id='word_1_139' title='bbox 586 2127 681 2212; x_wconf 85' lang='grc' dir='ltr'>χώραν</span> <span class='ocrx_word' id='word_1_140' title='bbox 704 2130 778 2205; x_wconf 79' lang='grc' dir='ltr'>δουξί</span> <span class='ocrx_word' id='word_1_141' title='bbox 801 2131 848 2192; x_wconf 86' lang='grc' dir='ltr'>καὶ</span> <span class='ocrx_word' id='word_1_142' title='bbox 870 2133 978 2204; x_wconf 84' lang='grc' dir='ltr'>λοιποῖς</span> <span class='ocrx_word' id='word_1_143' title='bbox 998 2136 1145 2214; x_wconf 82' lang='grc' dir='ltr'>πράκτορσι</span> <span class='ocrx_word' id='word_1_144' title='bbox 1167 2131 1292 2205; x_wconf 86' lang='grc' dir='ltr'>καὶτοῖς</span> <span class='ocrx_word' id='word_1_145' title='bbox 1316 2129 1445 2194; x_wconf 82' lang='grc' dir='ltr'>δουλείαν</span> <span class='ocrx_word' id='word_1_146' title='bbox 1468 2134 1553 2194; x_wconf 83' lang='grc' dir='ltr'>οἱαν-</span> 
     </span>
     <span class='ocr_line' id='line_1_16' title="bbox 243 2245 1551 2337; baseline 0.004 -29"><span class='ocrx_word' id='word_1_147' title='bbox 243 2249 336 2326; x_wconf 91' lang='grc' dir='ltr'>δήτινα</span> <span class='ocrx_word' id='word_1_148' title='bbox 366 2255 645 2332; x_wconf 80' lang='grc' dir='ltr'>μεταχειριζομένοις,</span> <span class='ocrx_word' id='word_1_149' title='bbox 676 2253 705 2312; x_wconf 89' lang='grc' dir='ltr'>έν</span> <span class='ocrx_word' id='word_1_150' title='bbox 736 2245 776 2323; x_wconf 80' lang='grc' dir='ltr'>οἷς</span> <span class='ocrx_word' id='word_1_151' title='bbox 804 2253 836 2312; x_wconf 85' lang='grc' dir='ltr'>ἀν</span> <span class='ocrx_word' id='word_1_152' title='bbox 859 2255 955 2333; x_wconf 86' lang='grc' dir='ltr'>μέρεσι</span> <span class='ocrx_word' id='word_1_153' title='bbox 984 2255 1165 2337; x_wconf 80' lang='grc' dir='ltr'>προσπελάσρ</span> <span class='ocrx_word' id='word_1_154' title='bbox 1191 2257 1222 2314; x_wconf 84' lang='grc' dir='ltr'>τό</span> <span class='ocrx_word' id='word_1_155' title='bbox 1248 2259 1367 2316; x_wconf 83' lang='grc' dir='ltr'>τοιοῦτον</span> <span class='ocrx_word' id='word_1_156' title='bbox 1398 2255 1551 2335; x_wconf 84' lang='grc' dir='ltr'>πλοιάριον</span> 
     </span>
     <span class='ocr_line' id='line_1_17' title="bbox 242 2369 1555 2456; baseline 0.005 -25"><span class='ocrx_word' id='word_1_157' title='bbox 242 2369 289 2431; x_wconf 85' lang='grc' dir='ltr'>καὶ</span> <span class='ocrx_word' id='word_1_158' title='bbox 325 2372 415 2445; x_wconf 81' lang='grc' dir='ltr'>αὺτοῖς</span> <span class='ocrx_word' id='word_1_159' title='bbox 445 2373 479 2448; x_wconf 83' lang='grc' dir='ltr'>δὴ</span> <span class='ocrx_word' id='word_1_160' title='bbox 513 2375 571 2445; x_wconf 87' lang='grc' dir='ltr'>τοῖς</span> <span class='ocrx_word' id='word_1_161' title='bbox 596 2373 857 2454; x_wconf 90' lang='grc' dir='ltr'>παραθαλασσίταις,</span> <span class='ocrx_word' id='word_1_162' title='bbox 884 2375 1109 2456; x_wconf 88' lang='grc' dir='ltr'>κομμερκιαρίοις</span> <span class='ocrx_word' id='word_1_163' title='bbox 1135 2375 1181 2436; x_wconf 88' lang='grc' dir='ltr'>καὶ</span> <span class='ocrx_word' id='word_1_164' title='bbox 1209 2376 1389 2456; x_wconf 88' lang='grc' dir='ltr'>δεκατισταῖς,</span> <span class='ocrx_word' id='word_1_165' title='bbox 1416 2377 1457 2452; x_wconf 84' lang='grc' dir='ltr'>μὴ</span> <span class='ocrx_word' id='word_1_166' title='bbox 1481 2379 1555 2456; x_wconf 79' lang='grc' dir='ltr'>πρός</span> 
     </span>
     <span class='ocr_line' id='line_1_18' title="bbox 243 2492 1554 2576; baseline 0.005 -24"><span class='ocrx_word' id='word_1_167' title='bbox 243 2492 372 2572; x_wconf 86' lang='grc' dir='ltr'>ἐπήρειαν</span> <span class='ocrx_word' id='word_1_168' title='bbox 399 2495 479 2554; x_wconf 76' lang='grc' dir='ltr'>αὑτοῦ</span> <span class='ocrx_word' id='word_1_169' title='bbox 506 2498 524 2569; x_wconf 84' lang='grc' dir='ltr'>ή</span> <span class='ocrx_word' id='word_1_170' title='bbox 552 2501 605 2554; x_wconf 83' lang='grc' dir='ltr'>τῶν</span> <span class='ocrx_word' id='word_1_171' title='bbox 633 2494 662 2554; x_wconf 86' lang='grc' dir='ltr'>ἐν</span> <span class='ocrx_word' id='word_1_172' title='bbox 690 2494 762 2572; x_wconf 78' lang='grc' dir='ltr'>αὐτῴ</span> <span class='ocrx_word' id='word_1_173' title='bbox 789 2496 966 2570; x_wconf 82' lang='grc' dir='ltr'>ἐμπλεόντων</span> <span class='ocrx_word' id='word_1_174' title='bbox 1000 2495 1105 2557; x_wconf 83' lang='grc' dir='ltr'>ἀπιδεῖν</span> <span class='ocrx_word' id='word_1_175' title='bbox 1138 2499 1169 2556; x_wconf 87' lang='grc' dir='ltr'>τό</span> <span class='ocrx_word' id='word_1_176' title='bbox 1200 2497 1315 2558; x_wconf 79' lang='grc' dir='ltr'>σύνολον</span> <span class='ocrx_word' id='word_1_177' title='bbox 1343 2501 1362 2572; x_wconf 80' lang='grc' dir='ltr'><strong>ἢ</strong></span> <span class='ocrx_word' id='word_1_178' title='bbox 1389 2517 1554 2576; x_wconf 90' lang='grc' dir='ltr'>προσκυνη-</span> 
     </span>
     <span class='ocr_line' id='line_1_19' title="bbox 241 2611 1553 2698; baseline 0.002 -24"><span class='ocrx_word' id='word_1_179' title='bbox 241 2615 325 2676; x_wconf 89' lang='grc' dir='ltr'>τίκισν</span> <span class='ocrx_word' id='word_1_180' title='bbox 343 2611 464 2676; x_wconf 82' lang='grc' dir='ltr'>ἀπαιτεῖν</span> <span class='ocrx_word' id='word_1_181' title='bbox 484 2613 515 2688; x_wconf 77' lang='grc' dir='ltr'>ἐξ</span> <span class='ocrx_word' id='word_1_182' title='bbox 532 2616 644 2691; x_wconf 82' lang='grc' dir='ltr'>αἱιτοῡῆ</span> <span class='ocrx_word' id='word_1_183' title='bbox 667 2618 810 2690; x_wconf 86' lang='grc' dir='ltr'>συνήθειαν</span> <span class='ocrx_word' id='word_1_184' title='bbox 833 2616 880 2677; x_wconf 90' lang='grc' dir='ltr'>καὶ</span> <span class='ocrx_word' id='word_1_185' title='bbox 904 2619 1002 2688; x_wconf 83' lang='grc' dir='ltr'>ἀλλοις</span> <span class='ocrx_word' id='word_1_186' title='bbox 1025 2618 1214 2694; x_wconf 87' lang='grc' dir='ltr'>όποιοισδήτισι</span> <span class='ocrx_word' id='word_1_187' title='bbox 1237 2619 1435 2698; x_wconf 78' lang='grc' dir='ltr'>καταβαρίνειν</span> <span class='ocrx_word' id='word_1_188' title='bbox 1459 2621 1553 2694; x_wconf 78' lang='grc' dir='ltr'>ζητή-</span> 
     </span>
     <span class='ocr_line' id='line_1_20' title="bbox 242 2731 1553 2821; baseline 0.004 -26"><span class='ocrx_word' id='word_1_189' title='bbox 242 2757 319 2816; x_wconf 91' lang='grc' dir='ltr'>μασι,</span> <span class='ocrx_word' id='word_1_190' title='bbox 343 2737 454 2811; x_wconf 86' lang='grc' dir='ltr'>μαῖλλον</span> <span class='ocrx_word' id='word_1_191' title='bbox 477 2737 528 2812; x_wconf 83' lang='grc' dir='ltr'>μὲν</span> <span class='ocrx_word' id='word_1_192' title='bbox 551 2735 597 2797; x_wconf 83' lang='grc' dir='ltr'>οὖν</span> <span class='ocrx_word' id='word_1_193' title='bbox 623 2735 671 2797; x_wconf 86' lang='grc' dir='ltr'>καὶ</span> <span class='ocrx_word' id='word_1_194' title='bbox 694 2738 828 2809; x_wconf 85' lang='grc' dir='ltr'>παντοίως</span> <span class='ocrx_word' id='word_1_195' title='bbox 856 2731 1017 2817; x_wconf 84' lang='grc' dir='ltr'>ἀντέχεσθαι</span> <span class='ocrx_word' id='word_1_196' title='bbox 1046 2741 1138 2800; x_wconf 84' lang='grc' dir='ltr'>τούτου</span> <span class='ocrx_word' id='word_1_197' title='bbox 1162 2741 1257 2814; x_wconf 80' lang='grc' dir='ltr'>αθτοῖις</span> <span class='ocrx_word' id='word_1_198' title='bbox 1278 2739 1326 2800; x_wconf 87' lang='grc' dir='ltr'>καὶ</span> <span class='ocrx_word' id='word_1_199' title='bbox 1349 2739 1553 2821; x_wconf 75' lang='grc' dir='ltr'>συλλήπτορας</span> 
     </span>
     <span class='ocr_line' id='line_1_21' title="bbox 242 2850 1554 2942; baseline 0.005 -26"><span class='ocrx_word' id='word_1_200' title='bbox 242 2853 321 2936; x_wconf 80' lang='grc' dir='ltr'>ε’ίναι,</span> <span class='ocrx_word' id='word_1_201' title='bbox 355 2855 396 2936; x_wconf 79' lang='grc' dir='ltr'>ἐρ’</span> <span class='ocrx_word' id='word_1_202' title='bbox 420 2850 461 2930; x_wconf 80' lang='grc' dir='ltr'>οἷς</span> <span class='ocrx_word' id='word_1_203' title='bbox 492 2861 524 2916; x_wconf 90' lang='grc' dir='ltr'>ἀν</span> <span class='ocrx_word' id='word_1_204' title='bbox 554 2859 651 2938; x_wconf 90' lang='grc' dir='ltr'>χρείαν</span> <span class='ocrx_word' id='word_1_205' title='bbox 684 2862 776 2937; x_wconf 86' lang='grc' dir='ltr'>σχοῖεν</span> <span class='ocrx_word' id='word_1_206' title='bbox 807 2861 906 2921; x_wconf 79' lang='grc' dir='ltr'>αὑτῶν.</span> <span class='ocrx_word' id='word_1_207' title='bbox 937 2861 1006 2920; x_wconf 86' lang='grc' dir='ltr'>οθτω</span> <span class='ocrx_word' id='word_1_208' title='bbox 1035 2867 1119 2921; x_wconf 82' lang='grc' dir='ltr'>ταῦτα</span> <span class='ocrx_word' id='word_1_209' title='bbox 1148 2864 1258 2942; x_wconf 89' lang='grc' dir='ltr'>κρατεῖν</span> <span class='ocrx_word' id='word_1_210' title='bbox 1287 2864 1306 2939; x_wconf 83' lang='grc' dir='ltr'><strong>ἡ</strong></span> <span class='ocrx_word' id='word_1_211' title='bbox 1337 2863 1468 2936; x_wconf 87' lang='grc' dir='ltr'>βασιλεία</span> <span class='ocrx_word' id='word_1_212' title='bbox 1499 2885 1554 2938; x_wconf 88' lang='grc' dir='ltr'>μου</span> 
     </span>
     <span class='ocr_line' id='line_1_22' title="bbox 240 2976 1555 3062; baseline 0.004 -24"><span class='ocrx_word' id='word_1_213' title='bbox 240 2981 318 3038; x_wconf 87' lang='grc' dir='ltr'>τυποῖ</span> <span class='ocrx_word' id='word_1_214' title='bbox 339 2977 386 3038; x_wconf 87' lang='grc' dir='ltr'>καὶ</span> <span class='ocrx_word' id='word_1_215' title='bbox 409 2982 485 3057; x_wconf 85' lang='grc' dir='ltr'>κυροῖ</span> <span class='ocrx_word' id='word_1_216' title='bbox 507 2976 554 3038; x_wconf 85' lang='grc' dir='ltr'>καὶ</span> <span class='ocrx_word' id='word_1_217' title='bbox 577 2981 621 3040; x_wconf 86' lang='grc' dir='ltr'>τόν</span> <span class='ocrx_word' id='word_1_218' title='bbox 641 2980 888 3056; x_wconf 57' lang='grc' dir='ltr'>καταπολεμήσαντα</span> <span class='ocrx_word' id='word_1_219' title='bbox 912 2981 1043 3058; x_wconf 79' lang='grc' dir='ltr'>ἀθετῆσαι</span> <span class='ocrx_word' id='word_1_220' title='bbox 1064 2985 1082 3056; x_wconf 82' lang='grc' dir='ltr'>ή</span> <span class='ocrx_word' id='word_1_221' title='bbox 1104 2983 1293 3062; x_wconf 80' lang='grc' dir='ltr'>παραθραῖσαί</span> <span class='ocrx_word' id='word_1_222' title='bbox 1307 3003 1332 3042; x_wconf 89' lang='grc' dir='ltr'>τι</span> <span class='ocrx_word' id='word_1_223' title='bbox 1352 2989 1406 3042; x_wconf 85' lang='grc' dir='ltr'>τῶν</span> <span class='ocrx_word' id='word_1_224' title='bbox 1432 2985 1555 3044; x_wconf 72' lang='grc' dir='ltr'>ἐνταῦθα</span> 
     </span>
     <span class='ocr_line' id='line_1_23' title="bbox 242 3099 1553 3186; baseline 0.006 -28"><span class='ocrx_word' id='word_1_225' title='bbox 242 3099 446 3175; x_wconf 81' lang='grc' dir='ltr'>διειλημμένων</span> <span class='ocrx_word' id='word_1_226' title='bbox 473 3100 579 3182; x_wconf 79' lang='grc' dir='ltr'>σφοδρᾷ</span> <span class='ocrx_word' id='word_1_227' title='bbox 604 3101 813 3177; x_wconf 86' lang='grc' dir='ltr'>καθυποβάλλει</span> <span class='ocrx_word' id='word_1_228' title='bbox 842 3102 1025 3180; x_wconf 85' lang='grc' dir='ltr'>ἀγανακτήσει</span> <span class='ocrx_word' id='word_1_229' title='bbox 1051 3104 1119 3184; x_wconf 84' lang='grc' dir='ltr'>πρός</span> <span class='ocrx_word' id='word_1_230' title='bbox 1148 3103 1187 3182; x_wconf 82' lang='grc' dir='ltr'>τῷ</span> <span class='ocrx_word' id='word_1_231' title='bbox 1221 3103 1268 3163; x_wconf 89' lang='grc' dir='ltr'>καὶ</span> <span class='ocrx_word' id='word_1_232' title='bbox 1294 3105 1325 3164; x_wconf 83' lang='grc' dir='ltr'>τό</span> <span class='ocrx_word' id='word_1_233' title='bbox 1348 3104 1406 3165; x_wconf 82' lang='grc' dir='ltr'>ἴσον</span> <span class='ocrx_word' id='word_1_234' title='bbox 1431 3106 1553 3186; x_wconf 82' lang='grc' dir='ltr'>ἀραιρε·</span> 
     </span>
     <span class='ocr_line' id='line_1_24' title="bbox 241 3219 1552 3306; baseline 0.005 -24"><span class='ocrx_word' id='word_1_235' title='bbox 241 3223 393 3297; x_wconf 77' lang='grc' dir='ltr'>θησόμενος</span> <span class='ocrx_word' id='word_1_236' title='bbox 420 3221 473 3282; x_wconf 84' lang='grc' dir='ltr'>ἀπό</span> <span class='ocrx_word' id='word_1_237' title='bbox 500 3225 546 3281; x_wconf 82' lang='grc' dir='ltr'>τοῦ</span> <span class='ocrx_word' id='word_1_238' title='bbox 573 3219 717 3302; x_wconf 84' lang='grc' dir='ltr'>εἰρημένου</span> <span class='ocrx_word' id='word_1_239' title='bbox 747 3223 890 3303; x_wconf 87' lang='grc' dir='ltr'>πλοιαρίυυ</span> <span class='ocrx_word' id='word_1_240' title='bbox 912 3227 930 3298; x_wconf 87' lang='grc' dir='ltr'>ή</span> <span class='ocrx_word' id='word_1_241' title='bbox 953 3229 1003 3299; x_wconf 73' lang='grc' dir='ltr'>τῆς</span> <span class='ocrx_word' id='word_1_242' title='bbox 1025 3225 1118 3297; x_wconf 77' lang='grc' dir='ltr'>οὖσίας</span> <span class='ocrx_word' id='word_1_243' title='bbox 1141 3227 1230 3306; x_wconf 78' lang='grc' dir='ltr'>αὺτοῦ,</span> <span class='ocrx_word' id='word_1_244' title='bbox 1254 3224 1309 3285; x_wconf 82' lang='grc' dir='ltr'>εἴτε</span> <span class='ocrx_word' id='word_1_245' title='bbox 1332 3226 1380 3284; x_wconf 85' lang='grc' dir='ltr'>καὶ</span> <span class='ocrx_word' id='word_1_246' title='bbox 1403 3227 1455 3302; x_wconf 82' lang='grc' dir='ltr'>τήν</span> <span class='ocrx_word' id='word_1_247' title='bbox 1480 3229 1552 3288; x_wconf 88' lang='grc' dir='ltr'>ἑπε-</span> 
     </span>
     <span class='ocr_line' id='line_1_25' title="bbox 241 3341 1554 3426; baseline 0.003 -25"><span class='ocrx_word' id='word_1_248' title='bbox 241 3344 449 3420; x_wconf 88' lang='grc' dir='ltr'>νεχθησομένην</span> <span class='ocrx_word' id='word_1_249' title='bbox 473 3341 545 3420; x_wconf 78' lang='grc' dir='ltr'>αότῷ</span> <span class='ocrx_word' id='word_1_250' title='bbox 568 3343 677 3423; x_wconf 81' lang='grc' dir='ltr'>ζημίαν,</span> <span class='ocrx_word' id='word_1_251' title='bbox 694 3345 724 3416; x_wconf 87' lang='grc' dir='ltr'>ές</span> <span class='ocrx_word' id='word_1_252' title='bbox 743 3345 774 3404; x_wconf 84' lang='grc' dir='ltr'>τό</span> <span class='ocrx_word' id='word_1_253' title='bbox 789 3345 987 3425; x_wconf 84' lang='grc' dir='ltr'>τετραπλάσιον</span> <span class='ocrx_word' id='word_1_254' title='bbox 1010 3346 1147 3406; x_wconf 83' lang='grc' dir='ltr'>ἀποτίσειν</span> <span class='ocrx_word' id='word_1_255' title='bbox 1169 3347 1259 3424; x_wconf 75' lang='grc' dir='ltr'>αὐτόν,</span> <span class='ocrx_word' id='word_1_256' title='bbox 1283 3347 1554 3426; x_wconf 78' lang='grc' dir='ltr'>ἐπαναγκαζόμενον</span> 
     </span>
     <span class='ocr_line' id='line_1_26' title="bbox 239 3464 1550 3548; baseline 0.005 -24"><span class='ocrx_word' id='word_1_257' title='bbox 239 3464 315 3544; x_wconf 85' lang='grc' dir='ltr'>παρὰ</span> <span class='ocrx_word' id='word_1_258' title='bbox 340 3468 387 3524; x_wconf 84' lang='grc' dir='ltr'>τοῦ</span> <span class='ocrx_word' id='word_1_259' title='bbox 413 3465 484 3524; x_wconf 87' lang='grc' dir='ltr'>κατὰ</span> <span class='ocrx_word' id='word_1_260' title='bbox 510 3466 558 3540; x_wconf 84' lang='grc' dir='ltr'>τὴν</span> <span class='ocrx_word' id='word_1_261' title='bbox 585 3467 691 3545; x_wconf 84' lang='grc' dir='ltr'>ήμέραν</span> <span class='ocrx_word' id='word_1_262' title='bbox 721 3465 871 3545; x_wconf 87' lang='grc' dir='ltr'>λογοθέτου</span> <span class='ocrx_word' id='word_1_263' title='bbox 900 3472 954 3525; x_wconf 83' lang='grc' dir='ltr'>τῶν</span> <span class='ocrx_word' id='word_1_264' title='bbox 985 3475 1182 3545; x_wconf 81' lang='grc' dir='ltr'>στρατιωτικῶν</span> <span class='ocrx_word' id='word_1_265' title='bbox 1213 3466 1260 3528; x_wconf 86' lang='grc' dir='ltr'>καὶ</span> <span class='ocrx_word' id='word_1_266' title='bbox 1291 3470 1420 3548; x_wconf 79' lang='grc' dir='ltr'>μεγάλου</span> <span class='ocrx_word' id='word_1_267' title='bbox 1452 3470 1550 3547; x_wconf 90' lang='grc' dir='ltr'>λογα-</span> 
     </span>
     <span class='ocr_line' id='line_1_27' title="bbox 241 3581 1552 3672; baseline 0.005 -28"><span class='ocrx_word' id='word_1_268' title='bbox 241 3589 359 3665; x_wconf 87' lang='grc' dir='ltr'>ριαστσῦ,</span> <span class='ocrx_word' id='word_1_269' title='bbox 387 3581 409 3666; x_wconf 83' lang='grc' dir='ltr'>ᾧ</span> <span class='ocrx_word' id='word_1_270' title='bbox 436 3585 484 3646; x_wconf 79' lang='grc' dir='ltr'>καὶ</span> <span class='ocrx_word' id='word_1_271' title='bbox 510 3587 527 3661; x_wconf 89' lang='grc' dir='ltr'>ή</span> <span class='ocrx_word' id='word_1_272' title='bbox 557 3586 667 3666; x_wconf 77' lang='grc' dir='ltr'>ἐφορεία</span> <span class='ocrx_word' id='word_1_273' title='bbox 692 3586 746 3646; x_wconf 83' lang='grc' dir='ltr'>τῶν</span> <span class='ocrx_word' id='word_1_274' title='bbox 773 3592 822 3664; x_wconf 81' lang='grc' dir='ltr'>τῆς</span> <span class='ocrx_word' id='word_1_275' title='bbox 849 3587 998 3665; x_wconf 85' lang='grc' dir='ltr'>πολλαχοῦ</span> <span class='ocrx_word' id='word_1_276' title='bbox 1028 3588 1156 3668; x_wconf 80' lang='grc' dir='ltr'>ρηθείσης</span> <span class='ocrx_word' id='word_1_277' title='bbox 1184 3595 1271 3666; x_wconf 81' lang='grc' dir='ltr'>μονῆς</span> <span class='ocrx_word' id='word_1_278' title='bbox 1297 3590 1452 3672; x_wconf 89' lang='grc' dir='ltr'>πλοιαρίων</span> <span class='ocrx_word' id='word_1_279' title='bbox 1481 3592 1552 3651; x_wconf 89' lang='grc' dir='ltr'>ἀνά-</span> 
     </span>
     <span class='ocr_line' id='line_1_28' title="bbox 240 3706 1552 3792; baseline 0.006 -26"><span class='ocrx_word' id='word_1_280' title='bbox 240 3727 337 3767; x_wconf 86' lang='grc' dir='ltr'>κειται.</span> <span class='ocrx_word' id='word_1_281' title='bbox 369 3707 414 3766; x_wconf 84' lang='grc' dir='ltr'>ἵνα</span> <span class='ocrx_word' id='word_1_282' title='bbox 441 3707 473 3766; x_wconf 85' lang='grc' dir='ltr'>δὲ</span> <span class='ocrx_word' id='word_1_283' title='bbox 503 3707 618 3782; x_wconf 87' lang='grc' dir='ltr'>βέβαιος</span> <span class='ocrx_word' id='word_1_284' title='bbox 647 3706 693 3767; x_wconf 86' lang='grc' dir='ltr'>καί</span> <span class='ocrx_word' id='word_1_285' title='bbox 723 3708 851 3787; x_wconf 79' lang='grc' dir='ltr'>ἀσφαλὴς</span> <span class='ocrx_word' id='word_1_286' title='bbox 881 3712 1003 3791; x_wconf 80' lang='grc' dir='ltr'>τυγχάνῃ</span> <span class='ocrx_word' id='word_1_287' title='bbox 1030 3711 1045 3768; x_wconf 88' lang='grc' dir='ltr'>ό</span> <span class='ocrx_word' id='word_1_288' title='bbox 1071 3710 1165 3792; x_wconf 84' lang='grc' dir='ltr'>παρὼν</span> <span class='ocrx_word' id='word_1_289' title='bbox 1194 3711 1310 3787; x_wconf 79' lang='grc' dir='ltr'>εὐσεβής</span> <span class='ocrx_word' id='word_1_290' title='bbox 1336 3711 1552 3792; x_wconf 83' lang='grc' dir='ltr'>χρυσόβουλλος</span> 
     </span>
     <span class='ocr_line' id='line_1_29' title="bbox 240 3827 1552 3913; baseline 0.007 -27"><span class='ocrx_word' id='word_1_291' title='bbox 240 3828 327 3906; x_wconf 88' lang='grc' dir='ltr'>λόγος</span> <span class='ocrx_word' id='word_1_292' title='bbox 362 3833 412 3904; x_wconf 84' lang='grc' dir='ltr'>τῆς</span> <span class='ocrx_word' id='word_1_293' title='bbox 448 3827 591 3902; x_wconf 86' lang='grc' dir='ltr'>βασιλείας</span> <span class='ocrx_word' id='word_1_294' title='bbox 622 3849 683 3908; x_wconf 86' lang='grc' dir='ltr'>μου,</span> <span class='ocrx_word' id='word_1_295' title='bbox 718 3830 907 3909; x_wconf 87' lang='grc' dir='ltr'>γεγενημένος</span> <span class='ocrx_word' id='word_1_296' title='bbox 943 3829 1028 3890; x_wconf 89' lang='grc' dir='ltr'>κατὰ</span> <span class='ocrx_word' id='word_1_297' title='bbox 1059 3831 1115 3890; x_wconf 86' lang='grc' dir='ltr'>τόν</span> <span class='ocrx_word' id='word_1_298' title='bbox 1148 3831 1329 3913; x_wconf 86' lang='grc' dir='ltr'>νοέμβριον</span> <span class='ocrx_word' id='word_1_299' title='bbox 1365 3839 1456 3910; x_wconf 74' lang='grc' dir='ltr'>μῆνα</span> <span class='ocrx_word' id='word_1_300' title='bbox 1491 3841 1552 3911; x_wconf 79' lang='grc' dir='ltr'>τῆς</span> 
     </span>
     <span class='ocr_line' id='line_1_30' title="bbox 239 3947 1551 4030; baseline 0.006 -23"><span class='ocrx_word' id='word_1_301' title='bbox 239 3948 411 4027; x_wconf 84' lang='grc' dir='ltr'>παρούσης</span> <span class='ocrx_word' id='word_1_302' title='bbox 441 3947 572 4030; x_wconf 81' lang='grc' dir='ltr'>πρώτης</span> <span class='ocrx_word' id='word_1_303' title='bbox 607 3948 830 4030; x_wconf 87' lang='grc' dir='ltr'>ίνδικτιῶνος,</span> <span class='ocrx_word' id='word_1_304' title='bbox 861 3955 918 4010; x_wconf 78' lang='grc' dir='ltr'>τοῦ</span> <span class='ocrx_word' id='word_1_305' title='bbox 953 3949 1245 4030; x_wconf 81' lang='grc' dir='ltr'>έξακισχιλιοστοῦ</span> <span class='ocrx_word' id='word_1_306' title='bbox 1280 3955 1551 4015; x_wconf 82' lang='grc' dir='ltr'>ἑπτακοσιοστοό</span> 
     </span>
     <span class='ocr_line' id='line_1_31' title="bbox 241 4071 1551 4157; baseline 0.007 -28"><span class='ocrx_word' id='word_1_307' title='bbox 241 4072 338 4130; x_wconf 79' lang='grc' dir='ltr'>ἕκτου</span> <span class='ocrx_word' id='word_1_308' title='bbox 373 4072 387 4130; x_wconf 81' lang='grc' dir='ltr'>ἕ</span> <span class='ocrx_word' id='word_1_309' title='bbox 394 4093 467 4144; x_wconf 89' lang='grc' dir='ltr'>τους</span> <span class='ocrx_word' id='word_1_310' title='bbox 497 4071 544 4132; x_wconf 86' lang='grc' dir='ltr'>καὶ</span> <span class='ocrx_word' id='word_1_311' title='bbox 570 4075 658 4148; x_wconf 84' lang='grc' dir='ltr'>πάσης</span> <span class='ocrx_word' id='word_1_312' title='bbox 686 4073 840 4152; x_wconf 81' lang='grc' dir='ltr'>ὑπέρκειται</span> <span class='ocrx_word' id='word_1_313' title='bbox 866 4079 1023 4153; x_wconf 85' lang='grc' dir='ltr'>προσταγῆς</span> <span class='ocrx_word' id='word_1_314' title='bbox 1048 4075 1083 4133; x_wconf 84' lang='grc' dir='ltr'>τὰ</span> <span class='ocrx_word' id='word_1_315' title='bbox 1109 4076 1177 4154; x_wconf 81' lang='grc' dir='ltr'>πρός</span> <span class='ocrx_word' id='word_1_316' title='bbox 1204 4077 1359 4157; x_wconf 78' lang='grc' dir='ltr'>ἀνατροπὴν</span> <span class='ocrx_word' id='word_1_317' title='bbox 1382 4079 1465 4138; x_wconf 78' lang='grc' dir='ltr'>αὐτοῦ</span> <span class='ocrx_word' id='word_1_318' title='bbox 1491 4079 1551 4138; x_wconf 87' lang='grc' dir='ltr'>διο-</span> 
     </span>
     <span class='ocr_line' id='line_1_32' title="bbox 240 4191 1551 4281; baseline 0.006 -31"><span class='ocrx_word' id='word_1_319' title='bbox 240 4193 379 4272; x_wconf 86' lang='grc' dir='ltr'>ριζόμενα,</span> <span class='ocrx_word' id='word_1_320' title='bbox 412 4197 463 4252; x_wconf 84' lang='grc' dir='ltr'>κάν</span> <span class='ocrx_word' id='word_1_321' title='bbox 494 4195 695 4273; x_wconf 88' lang='grc' dir='ltr'>προγενέστερα</span> <span class='ocrx_word' id='word_1_322' title='bbox 721 4191 740 4273; x_wconf 82' lang='grc' dir='ltr'><strong>ᾖ</strong></span> <span class='ocrx_word' id='word_1_323' title='bbox 770 4194 822 4253; x_wconf 87' lang='grc' dir='ltr'>κάν</span> <span class='ocrx_word' id='word_1_324' title='bbox 850 4197 1079 4274; x_wconf 90' lang='grc' dir='ltr'>μεταγενέστερα,</span> <span class='ocrx_word' id='word_1_325' title='bbox 1111 4197 1140 4255; x_wconf 87' lang='grc' dir='ltr'>ἐν</span> <span class='ocrx_word' id='word_1_326' title='bbox 1169 4197 1240 4276; x_wconf 68' lang='grc' dir='ltr'>οἰστῷ</span> <span class='ocrx_word' id='word_1_327' title='bbox 1272 4197 1319 4258; x_wconf 88' lang='grc' dir='ltr'>καὶ</span> <span class='ocrx_word' id='word_1_328' title='bbox 1348 4201 1379 4258; x_wconf 84' lang='grc' dir='ltr'>τό</span> <span class='ocrx_word' id='word_1_329' title='bbox 1409 4201 1551 4281; x_wconf 84' lang='grc' dir='ltr'>ἡμέτερον</span> 
     </span>
     <span class='ocr_line' id='line_1_33' title="bbox 240 4313 1145 4404; baseline 0.004 -31"><span class='ocrx_word' id='word_1_330' title='bbox 240 4315 353 4389; x_wconf 83' lang='grc' dir='ltr'>είισεβὲς</span> <span class='ocrx_word' id='word_1_331' title='bbox 375 4313 422 4374; x_wconf 85' lang='grc' dir='ltr'>καὶ</span> <span class='ocrx_word' id='word_1_332' title='bbox 446 4317 650 4396; x_wconf 84' lang='grc' dir='ltr'>θεοπρόβλητον</span> <span class='ocrx_word' id='word_1_333' title='bbox 673 4315 866 4392; x_wconf 85' lang='grc' dir='ltr'>ὑπεσημήνατο</span> <span class='ocrx_word' id='word_1_334' title='bbox 888 4319 998 4396; x_wconf 85' lang='grc' dir='ltr'>κράτος.</span> <span class='ocrx_word' id='word_1_335' title='bbox 1021 4319 1042 4396; x_wconf 95' lang='lat'><strong>†</strong></span> <span class='ocrx_word' id='word_1_336' title='bbox 1142 4399 1145 4404; x_wconf 28' lang='grc' dir='ltr'>Ι</span> 
     </span>
    </p>

    <p class='ocr_par' dir='ltr' id='par_1_7' title="bbox 240 4433 1552 4639">
     <span class='ocr_line' id='line_1_34' title="bbox 343 4433 1552 4521; baseline 0.005 -25"><span class='ocrx_word' id='word_1_337' title='bbox 343 4439 364 4516; x_wconf 91' lang='lat'>†</span> <span class='ocrx_word' id='word_1_338' title='bbox 389 4433 555 4518; x_wconf 80' lang='grc' dir='ltr'>Ἀλέξιος,</span> <span class='ocrx_word' id='word_1_339' title='bbox 572 4437 606 4496; x_wconf 86' lang='grc' dir='ltr'>ἐν</span> <span class='ocrx_word' id='word_1_340' title='bbox 621 4437 752 4516; x_wconf 83' lang='grc' dir='ltr'>Χριστῷ</span> <span class='ocrx_word' id='word_1_341' title='bbox 773 4435 816 4514; x_wconf 84' lang='grc' dir='ltr'>τῷ</span> <span class='ocrx_word' id='word_1_342' title='bbox 832 4435 907 4515; x_wconf 80' lang='grc' dir='ltr'>Θεῷ</span> <span class='ocrx_word' id='word_1_343' title='bbox 929 4439 1045 4507; x_wconf 83' lang='grc' dir='ltr'>πιστός</span> <span class='ocrx_word' id='word_1_344' title='bbox 1068 4437 1227 4512; x_wconf 78' lang='grc' dir='ltr'>βασιλεὺς</span> <span class='ocrx_word' id='word_1_345' title='bbox 1250 4437 1305 4498; x_wconf 89' lang='grc' dir='ltr'>καί</span> <span class='ocrx_word' id='word_1_346' title='bbox 1329 4439 1552 4521; x_wconf 73' lang='grc' dir='ltr'>αὐτοκράτωρ</span> 
     </span>
     <span class='ocr_line' id='line_1_35' title="bbox 240 4557 716 4639; baseline -0.004 -19"><span class='ocrx_word' id='word_1_347' title='bbox 240 4557 425 4639; x_wconf 86' lang='grc' dir='ltr'>Ῥωμαίων,</span> <span class='ocrx_word' id='word_1_348' title='bbox 449 4560 463 4618; x_wconf 89' lang='grc' dir='ltr'>ό</span> <span class='ocrx_word' id='word_1_349' title='bbox 485 4559 671 4635; x_wconf 86' lang='grc' dir='ltr'>Κσμνηνός.</span> <span class='ocrx_word' id='word_1_350' title='bbox 695 4559 716 4638; x_wconf 89' lang='lat'>†</span> 
     </span>
    </p>
   </div>
   <div class='ocr_carea' id='block_1_7' title="bbox 343 4676 1551 4765">
    <p class='ocr_par' dir='ltr' id='par_1_8' title="bbox 343 4676 1551 4765">
     <span class='ocr_line' id='line_1_36' title="bbox 343 4676 1551 4765; baseline 0.004 -25"><span class='ocrx_word' id='word_1_351' title='bbox 343 4687 457 4763; x_wconf 78' lang='grc' dir='ltr'>Αίσπρο</span> <span class='ocrx_word' id='word_1_352' title='bbox 480 4689 509 4740; x_wconf 84' lang='lat' dir='ltr'>in</span> <span class='ocrx_word' id='word_1_353' title='bbox 531 4676 697 4759; x_wconf 75' lang='grc' dir='ltr'>οσσιιιρίοιάι</span> <span class='ocrx_word' id='word_1_354' title='bbox 725 4681 746 4760; x_wconf 91' lang='lat'>†</span> <span class='ocrx_word' id='word_1_355' title='bbox 769 4679 993 4759; x_wconf 82' lang='grc' dir='ltr'>Κατεστρώθη</span> <span class='ocrx_word' id='word_1_356' title='bbox 1018 4679 1116 4762; x_wconf 78' lang='grc' dir='ltr'>ἐντῷ</span> <span class='ocrx_word' id='word_1_357' title='bbox 1139 4683 1286 4762; x_wconf 85' lang='grc' dir='ltr'>σεκρέτῳ</span> <span class='ocrx_word' id='word_1_358' title='bbox 1308 4687 1365 4743; x_wconf 81' lang='grc' dir='ltr'>τοῦ</span> <span class='ocrx_word' id='word_1_359' title='bbox 1389 4687 1551 4765; x_wconf 78' lang='grc' dir='ltr'>μεγάλου</span> 
     </span>
    </p>
   </div>
   <div class='ocr_carea' id='block_1_8' title="bbox 0 0 1596 5288">
    <p class='ocr_par' dir='ltr' id='par_1_9' title="bbox 0 0 1596 5288">
     <span class='ocr_line' id='line_1_37' title="bbox 0 0 1596 5288; baseline 0 0"><span class='ocrx_word' id='word_1_360' title='bbox 0 0 1596 5288; x_wconf 95' lang='lat' dir='ltr'> </span> 
     </span>
    </p>
   </div>
  </div>
 </body>
</html>
