3160 5292
245 342 314 408 216

243 535 341 619 δώρου,
369 539 427 615 ἔχει
450 537 505 596 υἱον
528 539 660 618 Μιχαὴλ,
683 540 819 617 θυγατέρα
844 535 969 616 Εἰρήνην.
994 537 1109 614 Μόσχος
1130 543 1178 613 τῆς
1198 537 1342 616 Εδδοκίας,
1367 537 1425 615 ἔχει
1449 536 1548 597 ἀδελ-

243 662 294 740 φὴν
320 659 446 739 Εἰρήνην.
471 660 552 719 Λέων
575 661 590 718 δ
612 659 740 740 θυραῖος,
766 661 824 737 ἔχει
845 661 963 737 γυναῖκα
985 657 1113 740 Εἰρήνην.

348 781 406 854 Εἰς
427 783 485 858 τὴν
508 788 607 858 νῆσον
634 783 691 857 τὴν
719 783 784 843 Κῶ.
817 777 955 860 Μετάχισν
978 783 995 856 ἡ
1018 781 1153 862 ὑπεραγία
1176 780 1323 862 Θεοτὸκος,
1351 783 1368 856 ἡ
1397 783 1552 860 έγχωρίως

245 903 469 980 έπονσμαζομένη
493 909 546 964 τῶν
571 903 709 984 Σπονδῶν,
737 906 807 979 μετὰ
833 905 941 964 πάντων
971 910 1026 963 τῶν
1054 904 1164 965 δικαίων
1193 902 1241 964 καὶ
1266 901 1419 985 προνομίων
1448 905 1549 968 αὔτε-3.

243 1021 280 1087 ῶν
309 1027 417 1106 ἐκράτει
443 1047 473 1086 τε
502 1024 550 1086 καὶ
578 1026 700 1086 ἔκπαλαι
729 1028 812 1105 μέχρι
838 1031 883 1086 τοῦ
910 1030 954 1086 νῶν
981 1025 1029 1100 καί
1056 1025 1168 1101 ἐνέμετο
1198 1026 1268 1086 κατὰ
1299 1026 1348 1098 τὰς
1376 1027 1551 1106 περιλήψετς

243 1149 290 1209 καί
318 1152 408 1222 πάσας
438 1149 487 1220 τὰς
518 1146 661 1222 διαστίξεις
688 1155 741 1208 τῶν
768 1152 921 1229 προσόντων
948 1148 997 1209 καὶ
1026 1147 1069 1210 έπί
1095 1149 1179 1228 τούτῳ
1206 1147 1244 1228 τῷ
1272 1149 1350 1228 μέρει
1376 1155 1425 1224 τῆς
1453 1155 1551 1224 μονῆς

243 1273 419 1351 παλαιγενῶν
443 1271 645 1346 δικαιωμάτων.
674 1273 765 1350 ἕτερον
789 1273 918 1350 μετάχισν
940 1273 971 1331 τδ
994 1271 1183 1351 προσκυρωθέν
1210 1275 1244 1351 τῇ
1271 1272 1378 1350 ποιαί-,ῃ
1402 1269 1550 1351 σεβασμίᾳ

244 1401 313 1478 μονῇ
340 1394 415 1474 παρὰ
441 1399 491 1469 τῆς
518 1398 649 1472 κραταιᾶς
675 1391 722 1452 καί
745 1392 826 1472 ἁγίας
848 1395 928 1468 ἡμῶν
949 1397 1033 1475 νυράς
1058 1390 1105 1452 καὶ
1129 1393 1285 1470 δεσποίνης,
1313 1394 1344 1451 τδ
1367 1391 1548 1466 ἐπονομαζέ-

244 1536 325 1592 μενον
349 1517 363 1576 ὁ
386 1517 492 1596 Σωτήρ,
515 1512 562 1576 καὶ
585 1517 648 1576 αὐτδ
677 1515 747 1592 μετὰ
772 1517 880 1576 πάντων
906 1521 959 1576 τῶν
983 1515 1137 1591 ἀνηκόντων
1160 1513 1232 1594 αδτῷ
1256 1512 1367 1576 δικαίων
1394 1512 1441 1574 καί
1467 1535 1548 1596 προ-

242 1637 353 1716 νομίων,
373 1639 465 1708 καθὼς
489 1637 708 1712 διαλαμβάνεται
726 1635 773 1698 καὶ
794 1636 823 1696 ἐν
843 1637 881 1717 τῷ
902 1636 1050 1716 έκδοτηρίῳ
1073 1635 1202 1714 σιγιλλίῳ
1221 1639 1267 1696 τοῦ
1283 1656 1313 1695 τε
1336 1635 1548 1716 διενεργσῦντος

242 1760 290 1834 τὴν
312 1765 394 1836 νῆσον
417 1758 467 1838 Κῷ
492 1759 588 1839 δικαίῳ
610 1763 656 1819 τοῦ
679 1759 874 1838 θεορρουρήτου
897 1758 1048 1839 βεστιαρίου
1069 1762 1114 1819 τοῦ
1137 1761 1252 1839 κράτους
1278 1764 1327 1834 τῆς
1350 1757 1432 1836 ἁγίας
1456 1761 1548 1834 σῶτῆς

243 1881 400 1961 βασιλείας,
428 1885 474 1942 τοῦ
496 1902 526 1942 τε
555 1883 680 1962 λοετρσῦ,
707 1885 761 1940 τῶν
789 1881 910 1942 ἐλαϊκῶν
938 1880 1066 1960 δένδρων,
1093 1887 1146 1940 τῶν
1169 1879 1315 1960 χωραφίων
1342 1885 1388 1941 τοῦ
1411 1881 1546 1956 Ἀναβα-

242 2003 315 2064 σίδου
341 2003 463 2064 καὶτῶν
488 2004 516 2064 ἑν
539 2003 612 2082 αἰνιῳ
636 2003 757 2064 ἐλαῖκῶν
781 2002 898 2084 δένδρων
925 2001 971 2064 καί
994 2004 1098 2064 λοιπῶν
1122 2003 1254 2082 διαφόρων
1279 2001 1398 2082 δένδρων
1423 2001 1471 2062 καὶ
1497 2009 1546 2060 τοῦ

242 2127 332 2187 τοπίσυ
365 2129 412 2186 τοῦ
447 2125 693 2207 ....ῥαριαίτου,
723 2130 768 2186 τοῦ
796 2125 1033 2201 έπσνομαζσμένου
1060 2130 1110 2202 τῆς
1133 2125 1327 2206 Παρλαγδνου,
1353 2121 1400 2184 καί
1425 2130 1480 2184 τῶν
1514 2126 1544 2184 έν

242 2246 314 2326 αἰετῷ
344 2245 540 2326 εὑρισκομένων
571 2246 700 2328 δένδρων,
737 2249 755 2304 δ
785 2246 819 2322 δὴ
849 2244 896 2306 καὶ
927 2247 980 2308 άπδ
1008 2251 1055 2308 τοῶ
1086 2245 1234 2326 μακαρίτου
1269 2245 1372 2306 ἐκείνου
1405 2249 1545 2326 κπήτορος

243 2368 408 2448 εὑρίσκονται
436 2367 596 2447 διαφέροντα
623 2374 656 2450 τῇ
685 2374 755 2448 μονῇ
783 2369 854 2444 μετὰ
875 2373 928 2428 τῶν
953 2369 981 2427 ἐν
1008 2371 1063 2440 τοῖς
1085 2368 1213 2438 τοιούτοις
1235 2369 1354 2444 κτήμασι
1376 2370 1544 2447 προσκαθη-

243 2490 333 2563 μένων
357 2495 476 2564 μανικῶν
499 2489 610 2564 μισθίων
634 2495 683 2565 τῆς
706 2495 792 2564 μονῆς
814 2495 867 2548 τῶν
892 2493 1061 2550 ...άντων
1088 2491 1188 2562 παντὸς
1215 2489 1383 2565 δημοσυκκσῶ
1405 2490 1543 2549 καταπί-

241 2631 302 2688 χου,
327 2607 491 2670 τὰτοιαῦτα
517 2611 602 2670 τοίνυν
629 2614 756 2686 κτήματα
781 2609 828 2671 καί
855 2612 917 2684 τοὺς
944 2609 1102 2692 εἰρημένους
1130 2613 1251 2682 ἅπαντας
1275 2607 1541 2698 [προσκαθημένευς]

242 2730 345 2811 δρείλει
366 2735 494 2810 κατέχειν
517 2733 534 2806 ἡ
558 2731 695 2808 σεβασμία
722 2733 787 2811 άγία
810 2735 879 2808 μονὴ
907 2733 1099 2810 ἀνενοχλητως
1121 2735 1209 2809 πάντη
1237 2731 1284 2794 καί
1306 2733 1471 2814 ἀταράχως,
1500 2736 1541 2808 μὴ

243 2855 273 2912 τδ
308 2853 420 2914 σίινολον
450 2857 468 2928 ἢ
502 2853 674 2929 διασειομένη
702 2858 720 2929 ἢ
752 2854 940 2933 ἐνοχλουμένη
974 2858 1048 2934 παρά
1081 2875 1152 2926 τινος
1182 2851 1235 2913 τῶν
1269 2857 1394 2914 ἁπάντων
1423 2859 1441 2929 ἡ
1473 2857 1541 2934 παρ’

242 2976 320 3035 αυτοῦ
348 2975 382 3050 δὴ
408 2979 454 3036 τοῦ
482 2977 581 3056 μέρους
607 2979 653 3036 τοῦ
683 2975 822 3053 δημοσίου,
851 2978 889 3047 ὡς
913 2975 950 3051 μὴ
974 2976 1022 3050 τὴν
1046 2975 1202 3050 οἱανδήτινα
1229 2976 1398 3056 παρείσδυσιν
1423 2977 1540 3054 ἔχοντες

242 3097 270 3156 ἐν
299 3098 388 3168 αὐτοῖς
418 3096 490 3156 κατὰ
519 3097 568 3168 τὰς
597 3097 758 3175 περιλήψεις
787 3103 841 3155 τῶν
868 3098 1020 3175 προσόντων
1050 3103 1083 3178 τῇ
1115 3103 1184 3178 μονῇ
1214 3103 1404 3178 προσκυνητῶν
1433 3118 1539 3176 χρυσο-

242 3217 387 3291 βσύλλων·
418 3216 463 3278 ἐπὶ
488 3219 573 3296 τούτῳ
595 3218 648 3298 γὰρ
677 3215 724 3278 καὶ
750 3219 780 3278 τὸ
807 3221 892 3298 παρὲν
919 3219 1053 3298 ἡμέτερον
1080 3219 1258 3295 σιγιλλιῶδες
1285 3219 1538 3280 ἀποκαταστατικδν

239 3335 355 3418 γράμμα
381 3341 499 3417 γεγονδς
525 3337 572 3399 καὶ
594 3339 746 3419 ίιπογραρὲν
777 3338 824 3401 καί
851 3345 884 3420 τῇ
912 3341 1020 3414 συνήθει
1050 3339 1158 3420 βοίλλῃ
1187 3341 1318 3400 πιστωθὲν
1346 3342 1470 3416 ἀπελύθη
1497 3343 1538 3422 τῲ

240 3461 318 3538 μέρει
340 3467 390 3535 τῆς
414 3467 499 3536 μονῆς
523 3459 558 3518 δι’
582 3460 732 3539 δισράλειαν
756 3459 834 3535 μηνὶ
856 3455 952 3540 μαίῳ,
977 3459 1189 3533 ίνδικτιῶνσς
1211 3461 1253 3536 ς’.
1278 3463 1298 3542 †

344 3585 364 3664 †
388 3583 423 3640 '0
448 3581 568 3654 δοῦλος
594 3587 648 3642 τοῦ
675 3588 833 3662 κραταιοῦ
860 3582 914 3643 καὶ
943 3583 1038 3662 άγίου
1060 3583 1153 3660 ἡμῶν
1180 3586 1336 3644 αὺθέντου
1363 3583 1419 3644 καί
1442 3585 1536 3658 βασι-

237 3705 341 3784 λέως,
372 3704 582 3786 ἀπογραρεδς
612 3711 671 3782 τῆς
700 3709 799 3780 νήσου
827 3706 944 3766 Ῥόδου
977 3707 1032 3766 καί
1061 3713 1123 3766 τῶν
1153 3706 1227 3787 περὶ
1259 3709 1357 3783 αὐτὴν
1387 3707 1443 3768 καί
1473 3715 1535 3768 τῶν

239 3826 368 3886 λοιπῶν
388 3826 576 3886 Κυκλάδων
598 3829 714 3905 νήσων,
742 3829 833 3887 Λέων
856 3829 872 3888 δ
894 3829 1239 3904 Ἐσκαμματισμένος.
1262 3831 1283 3910 †

342 3953 485 4024 Archetyp.
509 3956 595 4009 chart.
620 3974 679 4009 cum
702 3957 778 4009 bulla
804 3957 931 4026 plumbea
953 3959 1085 4027 pendenti
1110 3977 1129 4012 α
1146 3957 1195 4028 filo
1218 3959 1306 4028 linteo,
1332 3975 1401 4029 ηυαε
1424 3977 1457 4012 σε
1479 3977 1534 4012 αισα

234 4065 316 4128 parte
343 4059 445 4112 οπθὶθεί
471 4061 613 4130 imaqinem
645 4060 738 4114 beatae
757 4062 875 4132 Virginis
904 4065 1001 4116 είαηιιλτ
1024 4063 1222 4132 puerulumque
1246 4063 1336 4116 Ισευιπ
1363 4064 1391 4115 in
1417 4063 1534 4118 δσασλίιζε

236 4163 381 4233 qeslantie:
406 4159 459 4216 MP
482 4158 540 4230 ΟΥ,
565 4158 604 4218 lc
629 4159 690 4236 XC,
718 4183 750 4218 ex
777 4167 866 4220 altera
893 4185 955 4220 υενο
977 4167 1059 4220 haec:
1089 4162 1110 4240 †
1134 4160 1282 4218 ΒΡΟΤΩΝ
1310 4158 1312 4223 ί
1337 4160 1437 4223 POHC
1466 4161 1532 4220 ml

238 4255 405 4346 σικεγε]
432 4274 434 4342 γ
459 4262 535 4322 τις
564 4243 729 4324 ιινιέιτιε
758 4259 905 4348 ιιννομγ
936 4261 939 4344 γ
969 4265 1074 4326 Aloe!
1104 4261 1299 4349 ιιιιινοησ]
1328 4265 1408 4328 Tuo
1432 4267 1532 4327 νοιιε

237 4359 349 4449 δ[ί]ΧΑ
376 4361 511 4446 ΚΟΡίΗῙ.
547 4373 623 4427 Flor.
649 4392 697 4426 nro
723 4377 771 4427 67.
801 4375 898 4428 Edidit
926 4377 950 4430 I.
976 4375 1119 4430 Sakkclt'on
1147 4377 1175 4428 ι’τι
1199 4377 1353 4445 periodica-¹
1381 4369 1532 4444 Ἀθήναιον,

237 4475 357 4544 Athenis,
383 4477 477 4544 ποτε,
507 4477 558 4530 σοι.
582 4477 636 4544 ιν,
661 4493 693 4545 p.
719 4479 898 4533 σεε-239.
