3184 5288
1271 361 1331 425 149

52 555 165 624 ωηρίσνι
187 572 242 608 εσσε
264 573 335 609 σασα.
354 555 425 608 XII.
450 555 526 610 Hor.
545 557 586 612 II.
611 560 726 610 nro13.
750 557 815 611 haec
841 558 937 612 habet:
965 551 1092 624 θισίταξις
1123 553 1188 628 αθτη
1220 555 1335 634 ὑπάρχει

53 651 188 730 ἐφθαρμένη
215 651 279 712 λίαν
308 651 354 712 καὶ
379 651 480 712 ἕνδεκα
506 654 599 714 τοῦτου
628 701 635 716 .
660 701 667 717 .
693 702 699 715 .
725 702 732 714 .
757 657 806 716 οῦκ
830 656 891 733 ἔχει
916 657 965 730 τήν
988 655 1146 736 ῦπογφαφήν
1167 661 1214 716 τοῦ
1235 659 1334 734 ταύτην

51 757 190 834 γράψαντος
200 757 417 836 καθηγουμένου.
437 763 631 831 Οίίνίοίοάυίασ,
647 767 693 820 συί
708 765 738 820 S.
748 759 851 820 ‘tv-abuit
870 767 1001 836 tabulam,
1018 773 1057 821 σοι
1071 785 1206 822 successor
1221 775 1335 839 quartus

51 867 177 921 ιοσάίίονίσ
198 869 364 922 monasterii.

418 1118 541 1186 XLIII.
567 1119 642 1185 Sine
665 1142 748 1186 anno
772 1131 946 1186 otmense.

50 1249 161 1318 Ρσρσιιιω
185 1249 263 1317 filius
285 1257 460 1322 μνοίυμαμασ
490 1251 614 1306 eeclesiae
646 1250 743 1306 Sancti
768 1251 921 1307 Salvatcm'a
953 1253 1095 1306 dimidium
1128 1252 1200 1306 ίισνίί
1228 1255 1275 1308 aiu·
1305 1254 1333 1307 ιἰι

136 1353 231 1407 Stellio
253 1361 278 1409 σί
300 1355 416 1410 catenam
439 1355 581 1410 dimidium
604 1355 687 1409 ιίονιαί
709 1357 870 1410 ιαοτιαοίσπίο
894 1355 923 1411 S.
949 1357 1062 1410 Ισαιιαίο
1090 1356 1224 1428 Τίισοίορί.

525 1519 622 1600 Σίγνον
699 1521 826 1581 ίίεπανοῦ

510 1643 567 1704 υίοῦ
588 1647 635 1704 τοῦ
677 1649 846 1724 πρωτοπαπᾶ

135 1765 156 1840 ή
180 1761 229 1824 Ἐν
257 1763 369 1840 όνόματι
394 1767 442 1825 τοῦ
468 1765 569 1845 πατρός
596 1761 643 1824 καί
668 1767 715 1825 τοῦ
742 1763 798 1825 υίοῦ
826 1762 874 1824 καί
900 1767 946 1824 τοῦ
974 1765 1051 1843 α’γίου
1078 1765 1240 1840 πνεύματος.
1274 1765 1331 1844 ἐγὼ

45 1887 160 1957 ίίεπανδς
182 1887 197 1946 ό
220 1886 276 1960 υίος
302 1893 348 1948 τοῦ
369 1893 549 1968 πρωτοπαπά,
574 1889 587 1946 ό
609 1887 657 1947 καί
684 1888 787 1948 άνωθεν
813 1893 860 1948 τσῦ
886 1889 966 1968 θφους
992 1890 1037 1948 τόν
1065 1889 1151 1964 τίμιον
1179 1887 1225 1948 καί
1257 1890 1330 1958 ζωο-

43 2011 109 2066 τσίον
131 2011 243 2090 οτσωρδν
265 2007 452 2090 οίκεισχείρως
480 2013 605 2090 ποιήσας,
633 2011 734 2082 ζῶντος
758 2030 809 2084 μου
838 2009 884 2070 καί
911 2013 1068 2088 φρονοῦντος
1092 2029 1142 2085 μου
1172 2009 1218 2070 καὶ
1240 2013 1330 2086 πάσης

45 2127 184 2204 αἰσθήσεως
211 2130 259 2191 καί
286 2133 348 2202 νοός
376 2132 486 2210 ἔχοντα,
515 2131 644 2204 ἑκουσίως
676 2130 723 2192 καὶ
750 2131 971 2207 άμεταμελήτως
992 2132 1084 2206 τίθημι
1106 2129 1152 2190 καὶ
1174 2136 1244 2192 ποιιῦ
1268 2130 1330 2190 διά-

43 2249 110 2322 ταξιν
139 2251 201 2332 περὶ
227 2256 274 2312 τοῦ
305 2251 464 2333 περιβολίου
487 2273 539 2328 μου
565 2255 596 2312 τέ
624 2253 796 2328 διακείμενον
825 2251 909 2332 ἐνπη
936 2250 1081 2334 τοποθεσίφι
1106 2255 1153 2311 τοῦ
1176 2252 1331 2328 λεγομένου

44 2371 166 2432 Στελλίου
194 2371 233 2445 είς
260 2375 309 2448 τὴν
333 2375 496 2453 Ἀποθήκην,
525 2373 560 2434 δι’
584 2367 614 2434 οὗ
640 2373 687 2434 καί
713 2375 763 2448 τήν
786 2371 895 2454 διόρισιν
919 2374 978 2450 ἔχει
1002 2373 1055 2434 άπό
1076 2375 1125 2451 τήν
1147 2373 1259 2434 πλσίκαν
1281 2379 1331 2449 τῆς

45 2493 193 2570 ίγριελαίας
224 2493 270 2554 καί
299 2494 502 2575 περιγυρίζοντα
528 2497 558 2554 τό
585 2497 778 2574 τεριτρόχυμα
814 2493 861 2554 καί
888 2491 1069 2568 ἀναβαίνοντα
1096 2495 1145 2568 τὴν
1173 2495 1262 2575 βρῦσιν
1284 2493 1332 2554 καὶ

44 2614 235 2694 ὕπο-γενόμενον
262 2617 312 2692 τὴν
340 2619 454 2696 στράταν
476 2617 628 2698 κατέναντι,
656 2617 722 2676 όπου
744 2614 791 2676 καί
812 2616 862 2691 τὴν
885 2616 975 2695 ἀρχήν
998 2615 1060 2676 σῦτδ
1085 2616 1264 2695 ἐποιησάμην,
1287 2615 1332 2676 ίνα

43 2737 103 2810 μετέ
124 2738 173 2812 τήν
196 2737 267 2813 ἐμὴν
289 2739 420 2812 τελευτὴν
449 2738 590 2818 μερίζηται
616 2739 647 2798 τό
668 2743 787 2798 τοιοῦτον
813 2743 906 2814 κτῆμα
934 2735 974 2809 είς
996 2737 1042 2798 δθο
1070 2737 1184 2818 μερίδας
1211 2735 1258 2796 καί
1284 2737 1334 2812 τὴν

43 2855 87 2930 μὲν
100 2853 163 2932 μίαν
184 2855 284 2938 μερίδα
305 2858 408 2938 ἐπαφίω
428 2860 457 2918 ἐν
476 2866 510 2941 τῇ
530 2861 675 2943 ἐκκλησίᾳ,
698 2863 732 2935 ήν
755 2861 926 2936 ἐποιησάμην
949 2855 1072 2930 διεξόδου
1094 2857 1140 2919 καί
1163 2861 1248 2920 κόπου
1272 2879 1332 2934 μου,

42 2983 70 3058 τη·
92 2979 272 3062 ἐπιφερομένη
295 2981 326 3040 τδ
348 2979 435 3056 όνόμα
457 2983 504 3041 τοῦ
525 2981 616 3061 κυρίου
638 2978 684 3042 καὶ
707 2983 770 3040 θεοῦ
792 2977 839 3040 καί
861 2980 989 3061 Σωτῆρος
1003 2981 1082 3056 ἡμῶν
1103 2979 1192 3056 Ἰησοῦ
1209 2981 1332 3060 Χριστοῦ,

42 3099 105 3170 ἡδὲ
128 3101 209 3181 ἑτέρα
231 3099 310 3182 μερίς
331 3103 512 3181 προσφέρηται
534 3103 601 3181 πρός
623 3092 668 3161 τόν
691 3101 872 3179 ἠγαπημένον
895 3103 1028 3180 παρθένον
1050 3101 1180 3176 Ἰωάννην
1202 3101 1233 3160 τό
1256 3097 1331 3162 θεο-

42 3220 117 3298 λόγον
138 3220 187 3282 καὶ
208 3223 254 3282 τἐν
277 3223 350 3282 όσιον
372 3224 477 3304 πατέρα
499 3224 579 3300 ἡμῶν
599 3221 800 3304 Χριστόδουλον
824 3222 852 3281 ἐν
875 3228 909 3304 τῇ
931 3223 1069 3304 σεβασμίφ
1092 3228 1162 3304 μονῇ
1177 3227 1226 3296 πής
1248 3223 1331 3296 νήσου

44 3341 156 3425 Πάτμσυ,
186 3345 267 3422 χάριν
302 3345 473 3420 μνημοσθνου
501 3365 553 3420 μου
586 3341 632 3404 καὶ
663 3349 782 3422 ψυχικῆς
809 3365 861 3419 μου
891 3343 1034 3422 σωτηρίας,
1068 3341 1114 3402 καὶ
1146 3343 1195 3403 οῦκ
1225 3343 1294 3404 ἔστιν
1317 3343 1332 3401 ό

43 3462 173 3540 ίναζητῶν
197 3469 215 3540 ή
243 3465 416 3546 ἀναγορεύων
445 3467 518 3546 αῦτό,
546 3464 606 3526 osne
633 3465 739 3526 παιδίον
763 3487 825 3545 μου,
853 3463 913 3524 οὔτε
937 3465 991 3540 μην
1014 3465 1109 3524 παιδία
1130 3463 1245 3524 παιδίων
1268 3485 1330 3544 μου,

45 3583 95 3644 οὔτε
116 3607 156 3659 τις
180 3586 214 3646 ἐκ
236 3591 283 3647 τοῦ
306 3590 405 3668 μέρους
432 3585 478 3646 καὶ
502 3587 661 3665 συγγενείας
685 3607 745 3662 μου,
774 3584 834 3646 οότε
862 3585 983 3664 ἀδελφός
1013 3585 1073 3646 οὔτε
1096 3585 1330 3666 συγκληρονόμος.

45 3703 62 3762 εί
82 3707 110 3766 δέ
132 3707 179 3768 καὶ
203 3707 353 3784 βουληθείη
375 3729 415 3779 τις
444 3709 477 3768 ἐκ
502 3715 556 3767 τῶν
585 3709 688 3768 ἄνωθεν
715 3709 969 3786 προγεγραμμένων
993 3708 1140 3798 ἀνατρέψαι
1163 3709 1261 3784 ταῦιην
1283 3710 1331 3783 τήν

44 3825 163 3904 διαθήκην
188 3851 240 3905 μου
262 3829 308 3890 καί
333 3827 372 3901 είς
395 3831 507 3916 φροῦδον
531 3832 607 3905 θήσει
629 3829 663 3888 τά
687 3828 879 3910 διαλεχθέντα,
902 3829 980 3906 λέγω
1004 3828 1038 3904 δὴ
1061 3827 1109 3888 καί
1130 3829 1164 3888 τόι
1183 3831 1330 3910 γραφέντα,

45 3947 249 4028 ἐμφανιζομένης
276 3959 326 4026 τῆς
352 3953 486 4028 διαθήκης
510 3972 560 4026 μου
586 3953 696 4030 ποιότης,
719 3955 753 4028 ἣν
777 3952 992 4032 διεπνπωσσίμην,
1016 3953 1054 4027 μὴ
1078 3951 1160 4026 μόνον
1182 3955 1229 4010 τοῦ
1252 3950 1330 4008 ἀπω-

43 4071 131 4134 θεῖσθαι
159 4075 240 4134 αὐτόν
266 4073 313 4132 καὶ
340 4075 497 4148 ζημιοῦσθαι
519 4073 595 4152 παρὰ
616 4078 662 4133 τσῦ
686 4073 860 4153 ἐνεργοῦντος
883 4073 972 4132 ἐκεῖσε
994 4071 1033 4150 τῷ
1055 4074 1115 4132 τότε
1136 4071 1233 4151 καιρῷ,
1254 4070 1331 4131 άλλά

45 4193 167 4272 ἐπιτίθημι
195 4193 269 4273 αὐτῷ
296 4193 344 4255 καὶ
370 4196 419 4270 τὴν
447 4195 514 4274 ἀρὰν
541 4201 595 4254 τῶν
622 4194 782 4274 τριακοσίων
805 4193 839 4269 ιη’
865 4193 949 4270 ἁγίων
977 4195 1111 4272 θεσφόρων
1137 4194 1261 4272 πατέρων
1284 4191 1331 4252 καί

45 4311 99 4386 ἐμοῦ
120 4321 167 4378 τσῦ
191 4316 367 4398 άμαρτωλοῦ,
391 4315 470 4392 καὶή
494 4315 572 4395 μερίς
596 4318 674 4376 αῦτσῦ
697 4317 767 4390 μετὰ
789 4319 834 4374 τοῦ
858 4315 948 4374 ’ίοῦδα
969 4313 1015 4374 καί
1039 4315 1183 4390 μετὰτῶν
1206 4335 1329 4394 σταυρω-

43 4438 133 4498 σίντιυν
155 4441 202 4499 τόν
225 4441 329 4519 κόριον·
355 4437 411 4512 ἕξει
435 4438 466 4498 δέ
489 4437 535 4498 καί
560 4438 611 4512 ἐμὲ
635 4437 814 4512 δικαζόμενον
838 4435 908 4512 μετὰ
929 4442 978 4511 τῆς
1001 4439 1091 4514 ψυχῆς
1114 4437 1194 4496 αῦτοῦ
1217 4434 1262 4496 ἐπὶ
1283 4441 1330 4496 τοῦ

43 4548 151 4640 φοβεροῦ
161 4560 285 4636 βήματος
304 4561 332 4620 ἐν
354 4565 388 4640 τῇ
411 4559 524 4642 δευτέρᾳ
546 4557 678 4639 παρουσίᾳ
700 4563 746 4618 τοῦ
770 4557 859 4639 κυρίου
882 4555 929 4617 καί
951 4559 1014 4617 θεοῦ
1036 4555 1084 4616 καί
1106 4561 1227 4637 σωτῆρος
1249 4558 1329 4634 ήμῶν

45 4681 123 4756 ’ίητιῦ
151 4685 275 4766 Χριστοῦ.
304 4687 358 4743 τσῦ
384 4683 483 4760 ῦφσυς
503 4684 712 4763 γραφέντος,
742 4687 780 4764 τῇ
803 4682 893 4756 ήμῶν
915 4684 1098 4760 προτροπή,
1128 4678 1180 4738 διὰ
1210 4681 1329 4760 χειρός
