3184 5288
261 339 321 402 108

258 533 327 612 τότε,
353 531 430 591 ἀλλὰ
453 531 499 592 καί
523 533 656 612 διαφόρως
686 533 732 592 καί
764 535 857 607 ἀλλος
886 535 1018 608 πλείστας
1048 537 1147 611 ζημίας
1177 536 1223 596 καί
1253 537 1428 610 καινοτομίας
1458 537 1545 610 ἀπέστη

257 654 329 714 κατὰ
356 655 496 734 διαφόρους
525 655 645 734 καιρούς,
667 653 714 714 καὶ
746 655 772 714 εί
793 676 816 714 τι
846 662 941 736 περιῆν
971 657 1038 738 αύτῇ
1069 657 1263 733 κατηνάλωται
1289 656 1336 718 καὶ
1362 662 1406 717 νῦν
1430 658 1479 716 ούκ
1500 658 1546 716 ἔστι

259 776 346 837 πλέον
363 776 441 857 ἐντῇ
464 781 534 858 μονῇ
550 773 722 852 νομισμάτων
743 770 816 847 εἶδος
832 781 849 851 η
873 776 939 838 ἴδιον
955 781 972 852 η
990 778 1143 857 ἀλλότριον.
1162 781 1199 850 ὡς
1221 781 1239 853 ἡ
1264 779 1318 854 ἐμὴ
1341 777 1488 852 συνείδησις
1508 779 1546 836 καί

258 899 358 971 όθεδς
389 901 518 978 μαρτυρεῖ
547 899 593 958 καί
616 919 687 970 τινες
716 899 878 976 γινώσκουσι
906 897 936 971 ἐξ
966 901 1051 978 ὑμῶν,
1079 899 1102 960 εί
1129 902 1168 976 μὴ
1191 900 1225 959 τὰ
1245 903 1329 978 χιάτα
1351 903 1435 960 ιαἀια
1457 900 1490 957 τί
1512 898 1545 974 οβ’

257 1018 304 1080 καί
326 1019 360 1078 τὰ
383 1017 414 1091 ἓξ
441 1020 568 1091 ὡσαύτως
598 1018 758 1100 τρικέφαλοι,
790 1017 876 1078 άκαί
906 1019 966 1095 ύμῖν
997 1018 1036 1091 εἰς
1066 1021 1216 1100 τούμφανὲς
1245 1027 1375 1100 παριοτῶ.
1407 1019 1455 1080 καί
1488 1023 1545 1098 πρός

257 1143 302 1201 τὀν
326 1142 430 1202 ἐκεῖθεν
452 1142 555 1216 κόσμον
580 1139 627 1201 καὶ
649 1143 694 1202 τον
720 1142 810 1201 κοινόν
840 1143 933 1222 κριτὴν
960 1142 1146 1221 παραγίνομαι
1175 1143 1392 1218 καταλιμπάνων
1422 1142 1482 1217 ύμῖν
1508 1143 1545 1200 :bv

258 1265 380 1341 μοναχθν
405 1265 535 1323 Λεόντιον
558 1262 603 1322 καί
628 1261 769 1338 οἰκονόμον
793 1261 832 1335 εἰς
854 1269 1013 1344 προεστῶτα
1036 1259 1094 1323 ἀντὶ
1114 1263 1181 1339 ἐμοῦ
1200 1262 1247 1324 καί
1269 1271 1319 1341 τῆς
1341 1269 1427 1340 μονῆς
1450 1266 1546 1338 ἁπάσης

258 1387 348 1465 κύριον
371 1383 418 1445 καὶ
442 1381 626 1464 ἐξουσιαοτην,
650 1386 744 1444 καθότι
767 1385 865 1444 καίεο
889 1386 969 1464 ἔργον
993 1387 1072 1444 αὐτοῦ
1094 1383 1141 1444 καὶ
1163 1388 1180 1460 ἠ
1205 1385 1288 1466 ἀρετὴ
1308 1393 1358 1460 τῆς
1373 1389 1487 1464 γνώμης
1507 1383 1545 1444 καὶ

258 1493 381 1584 δλόγος
403 1510 586 1586 συμμαρτυρεῖ
607 1505 654 1566 καὶ
677 1508 694 1580 ἡ
717 1506 898 1586 πολυχρόνιος
922 1507 1000 1566 αὺτοῦ
1022 1507 1129 1582 ὑπακοὴ
1145 1508 1163 1580 ἠ
1181 1507 1333 1586 άνόθευτος,
1357 1509 1391 1582 ἣν
1413 1508 1481 1586 πρός
1504 1507 1545 1580 ἐμὲ

204 1624 207 1632 ’
257 1629 303 1688 τόν
324 1627 450 1688 ταπεινόν
474 1627 519 1686 διὰ
542 1627 603 1686 θεόν
627 1624 782 1700 ἐνεδείξατο
806 1625 852 1687 καί
875 1629 892 1702 ἡ
915 1629 984 1707 πρός
1006 1630 1108 1698 πάντας
1137 1627 1231 1706 ἀγάπη
1258 1626 1305 1687 καί
1327 1627 1413 1699 πίστις
1436 1627 1482 1686 καὶ
1503 1648 1547 1686 τα-

257 1747 384 1820 πείνωσις
407 1746 482 1821 α”ξιον
504 1751 595 1808 τοῦτον
619 1753 667 1823 τῆς
690 1749 780 1829 ἀρχῆς
802 1747 849 1808 καὶ
871 1751 921 1830 πρ“ο
947 1750 1013 1824 ἐμοῦ
1036 1749 1206 1828 ἀπεφήνατο·
1235 1747 1258 1808 εἰ
1287 1750 1313 1809 δ’
1333 1749 1398 1820 ἴσως
1426 1751 1502 1818 οῶτός
1524 1751 1547 1808 σύ

257 1868 435 1949 προσδέξεται
451 1874 526 1930 τοῦτο
541 1872 605 1948 παρ’
622 1869 697 1944 ύμῶν
714 1871 887 1951 βιαζόμενος,
904 1863 941 1930 δι’
955 1874 989 1946 ἤν
1006 1871 1065 1948 ἔχει
1081 1870 1238 1950 εύλάβειαν,
1261 1873 1441 1951 προστήσεται
1466 1873 1547 1948 ἔτερος

259 1991 314 2050 ἀντ’
332 1993 420 2070 αὀτοῶ,
444 1993 474 2050 ’όν
497 1992 574 2066 ὑμεῖς
595 1995 695 2062 πάντες
720 1989 793 2064 ἄξιον
818 1992 995 2070 δοκιμάσητε,
1024 1995 1101 2063 αύτδς
1125 1990 1156 2052 δὲ
1186 1993 1255 2054 ἔστω
1284 1994 1368 2052 πάλιν
1392 1995 1431 2062 ῶς
1452 1999 1548 2072 πρῶτος

258 2114 377 2192 ἀδελφός
399 2119 448 2188 τῆς
471 2119 557 2189 μονῆς
581 2111 689 2184 ίδιάζων
712 2113 775 2174 καθ’
792 2116 885 2174 ἑαυτόν
908 2114 954 2174 καί
981 2121 1060 2190 τιμῆς
1087 2113 1133 2174 καί
1163 2113 1311 2194 θεραπείας
1334 2121 1383 2188 τῆς
1405 2113 1469 2193 παρ’
1482 2115 1548 2186 ὑμῶν

258 2232 418 2310 ἀξιούμενος
440 2233 510 2294 κατὰ
532 2235 581 2308 τὴν
606 2235 685 2294 αὺτοῦ
708 2235 820 2310 θέλησιν
844 2235 986 2314 δηλονότι,
1010 2236 1080 2310 μετὰ
1100 2235 1130 2296 δὲ
1152 2235 1249 2294 τούτων
1271 2237 1379 2294 πάντων
1401 2231 1548 2312 παρακαλῶ

257 2355 329 2434 ἀμᾶς
351 2355 397 2416 καί
419 2356 536 2416 νουθετῶ
561 2357 594 2416 ἐκ
616 2361 715 2436 ψυχῆς,
738 2357 900 2431 ποθούμενοι
923 2377 968 2432 μοι
991 2359 1073 2416 τέκνα
1097 2358 1125 2415 ἐν
1148 2357 1279 2432 πνεύματι
1301 2353 1348 2416 καὶ
1370 2355 1488 2434 πατέρες
1508 2351 1548 2412 καὶ

258 2477 383 2557 ἀδελφοί,
406 2483 456 2552 τῆς
479 2477 668 2553 έλεημοούτης
690 2475 736 2538 καί
759 2474 915 2556 φιλοξενίας
937 2476 984 2536 καί
999 2485 1048 2553 τῆς
1064 2476 1103 2550 είς
1119 2478 1264 2554 ἀλλήλους
1289 2477 1316 2536 ἐν
1339 2474 1423 2556 κυρίῳ
1447 2475 1549 2552 ἀγάπης

259 2601 298 2674 μὴ
323 2599 495 2660 ἐπιλάθεσθε.
521 2600 586 2675 αύτη
611 2619 662 2674 μου
684 2600 752 2678 προς
774 2599 844 2674 ὑμᾶς
868 2599 970 2677 ἐσχάτη
993 2599 1165 2679 παράκλησις
1193 2597 1239 2658 καὶ
1265 2599 1493 2678 παρακαταθήκη,
1520 2599 1549 2669 ἢν

257 2720 303 2780 καὶ
327 2715 384 2800 δῴη
408 2722 468 2796 ύμῖν
492 2719 566 2798 ἰσχύν
589 2724 635 2780 τοῦ
657 2717 775 2798 φυλάξαι
798 2721 813 2778 θ
834 2719 1080 2799 πανεύσπλαγγνος
1100 2721 1191 2802 κύριος
1206 2723 1285 2796 ἡμῶν
1305 2721 1411 2796 Ἰησοῦς
1434 2719 1549 2798 Χριστός,

258 2837 288 2901 ού
311 2841 351 2913 εἰς
373 2845 470 2922 χεῖρας
493 2843 531 2911 ὡς
554 2842 720 2919 ἁμαρτωλός
742 2841 789 2900 καί
812 2839 922 2912 ἀνάξιος
944 2843 992 2918 τὴν
1015 2843 1104 2919 ψιηγὴν
1127 2842 1294 2920 παρατίθημι
1317 2843 1445 2921 σήμερον.
1471 2841 1491 2917 †

361 2963 515 3043 ηΤαῡτα
542 2960 643 3020 εἰπὼν
670 2963 876 3022 ἀνεπαύσατο
908 2963 941 3022 έν
970 2961 1083 3045 εἰρήνῃ
1110 2969 1147 3044 τῇ
1177 2960 1228 3039 κγ’
1251 2965 1306 3021 τοῦ
1333 2958 1550 3039 σεπτεμβρίου

257 3075 374 3163 μηνός,
399 3085 492 3154 έτους
509 3079 633 3165 ,ςχξςζ
651 3081 858 3154 ἰνδικτιῶνος
876 3082 918 3162 ς’,
936 3082 987 3142 έπί
1009 3089 1068 3160 τῆς
1084 3083 1262 3158 βασιλείας
1279 3087 1376 3161 κυροῦ
1396 3079 1550 3152 Μανουὴλ

257 3207 311 3266 τοῦ
346 3205 662 3284 Πορφυρογεννητου
695 3203 750 3264 καί
784 3201 1029 3285 αὐτοκράτορος
1063 3203 1235 3279 Ῥωμαίων
1269 3207 1325 3262 τοῦ
1359 3203 1548 3277 Κομνηνοῦ·

259 3326 392 3398 ἐπιστῶθη
417 3325 448 3384 δὲ
471 3327 488 3399 ἡ
512 3326 619 3400 τοιαύτη
644 3323 765 3398 διάταξις
792 3327 896 3386 ἀνωθεν
926 3323 976 3401 μὲν
1001 3325 1045 3384 διὰ
1071 3331 1120 3400 τῆς
1149 3323 1253 3384 ἐκείνου
1280 3321 1459 3402 οίκειοχείρου
1485 3342 1548 3400 προ-

258 3455 356 3527 ταγῆς,
379 3447 503 3506 κάτωθεν
527 3445 558 3505 δὲ
582 3446 626 3506 διὰ
648 3453 697 3524 τῆς
721 3447 878 3527 ἀπογραφῆς
904 3444 951 3505 καί
978 3445 1171 3524 οιγνογραφίας
1199 3447 1255 3520 ἅμα
1278 3452 1332 3504 τῶν
1355 3449 1485 3521 μοναγῶν
1506 3447 1550 3514 τῆς

259 3575 346 3647 μονῆς
368 3571 603 3647 παρουσιάζοντος,
628 3570 666 3638 ὡς
691 3569 792 3647 έφημεν
815 3568 929 3648 ἀνωθεν,
945 3564 1052 3628 καὶτοῦ
1068 3570 1267 3646 πανιερωτάτου
1292 3567 1436 3626 ἐπισκόπου
1456 3565 1549 3644 Λέρου,

257 3695 339 3772 κυρού
362 3690 576 3769 Κωνσταντίνου,
601 3689 647 3750 καί
672 3691 751 3750 αύτού
776 3691 803 3748 ἐν
826 3691 909 3769 ταύτῃ
931 3691 1192 3769 καθυπογράψαντος
1214 3690 1244 3768 †.

362 3814 575 3893 γΛεόντιος,
603 3813 755 3890 μοναχύς
791 3811 848 3870 καί
885 3810 1223 3891 πρωτοπρεσβύτερος
1267 3815 1325 3885 τῆς
1371 3801 1550 3882 οεβασμίας

259 3941 364 4010 μονῆς
383 3938 438 3994 τοῦ
452 3935 671 4012 ἠγαπημένον
688 3931 864 4010 θεολόγον
881 3938 939 4008 τῆς
954 3933 1094 4010 Πάτμου,
1107 3929 1216 4014 οἰκείᾳ
1231 3928 1320 4012 χειρὶ
1336 3933 1509 4010 ὑπέγραψα
1523 3929 1549 4006 γ,

361 4057 382 4135 γ
406 4055 665 4134 Χριστόδουλος,
690 4056 838 4133 μοναχδς
864 4053 919 4114 καί
944 4053 1052 4134 ἱερεύς
1073 4059 1132 4129 τῆς
1159 4052 1347 4128 αεβασμίας
1375 4056 1480 4127 μονῆς
1501 4057 1550 4108 τοῦ

257 4179 476 4256 ἠγαπημένου
499 4175 674 4254 θεολόγου
697 4183 756 4252 τῆς
781 4177 916 4252 Πάτμου
939 4174 1050 4257 οἰκείᾳ
1071 4173 1161 4254 χειρὶ
1186 4176 1361 4254 ἀπέγραψα
1383 4174 1416 4250 †.

362 4301 383 4378 †
407 4299 573 4374 Εύθύμιος
596 4299 755 4378 μοναχός,
778 4299 1003 4377 πρεσβύτερος
1025 4302 1082 4372 τῆς
1105 4299 1204 4370 αύτῆς
1228 4302 1331 4371 μονῆς
1354 4294 1410 4356 καὶ
1435 4295 1550 4368 ἐκκλη-

259 4424 410 4500 σιοίρχης,
433 4419 543 4502 οἰκείᾳ
564 4419 653 4500 χειρὶ
678 4413 852 4499 ἀπέγραψα
874 4419 903 4496 †.

361 4543 382 4620 †
405 4541 586 4622 Γερμανὸς,
611 4543 758 4619 μοναχος
781 4538 836 4599 καί
858 4539 967 4620 ίερεύς
990 4545 1047 4614 τῆς
1075 4539 1174 4614 αὐτῆς
1197 4545 1311 4617 μονῆς,
1335 4537 1446 4622 οἰκείᾳ
1467 4535 1552 4616 χειρὶ

258 4665 433 4742 1ἀπέγραψα
455 4663 485 4740 †.
