3184 5288
1268 357 1328 420 107

46 555 82 611 τάν
109 551 313 632 χρυσόβουλλον
340 552 427 628 λόγον
453 552 500 610 τόν
530 551 789 631 παρακελευόμενον
816 549 938 610 δίδοσθαι
963 551 1028 627 ἡμῖν
1059 549 1174 626 ἐτησίως
1200 547 1254 608 ἀπό
1280 555 1330 626 τῆς

47 677 116 748 νήσου
137 675 249 752 Κρήτης
278 674 393 750 ψυχικόν
416 674 497 733 αὺτοῦ
528 671 599 732 σίτου
631 671 740 745 μοδίους
769 671 951 752 τριακοσίους·
983 671 1053 746 μετὰ
1076 670 1107 730 δέ
1129 671 1178 746 τἠν
1200 670 1330 746 τελευτήν

47 800 85 855 τοῦ
104 799 223 872 μοναχοῦ
245 799 327 874 πυροῦ
343 795 451 874 Ἰωσήφ,
475 795 714 874 παραιτησαμένου
739 791 827 853 ἑκοντὶ
848 793 897 868 τὴν
918 799 968 868 τῆς
991 799 1078 869 μονῆς
1099 793 1263 871 προστασίαν
1284 797 1330 853 τοῦ

47 921 154 994 μενοχοῦ
179 921 262 997 πυροῦ
284 917 374 998 Σάβα,
403 917 455 991 ἐμὲ
477 915 500 975 οί
528 915 643 996 ἀδελφοὶ
664 921 742 997 κοινῇ
765 918 845 994 ψήφῳ
873 915 943 974 πατά
965 916 1013 989 τήν
1037 911 1157 986 διάταξιν
1183 918 1230 974 τοῦ
1253 914 1330 992 ἁγίου

45 1037 111 1112 ἡμῶν
131 1039 242 1119 πατρός,
265 1042 387 1115 μοναχοῦ
409 1041 490 1115 πυροῦ
513 1035 723 1116 Χριστοδούλου,
751 1035 790 1106 είς
811 1037 858 1095 τδν
879 1041 928 1112 τής
956 1033 1137 1114 ήγουμενείας
1164 1037 1269 1115 θρόνον,
1292 1037 1330 1106 ὡς

46 1161 86 1218 ἀπ
108 1159 198 1238 ἐχρῆν,
222 1157 399 1238 ἀνεβίβασαν,
423 1163 468 1218 τοῦ
492 1159 524 1218 δὲ
551 1159 689 1234 βασιλέως
719 1163 800 1238 πυροῦ
831 1156 955 1231 Ἀλεξίου
983 1159 1029 1217 τόν
1061 1158 1119 1234 βίον
1150 1157 1331 1230 ἀπολιπόντος

45 1283 145 1340 καὶτοῦ
166 1279 222 1339 υίσῦ
245 1279 325 1340 αύιοῦ
353 1285 433 1358 πυροῦ
457 1281 586 1340 Ἰωάννου
615 1284 660 1340 τοῦ
684 1280 829 1355 Κομνηνοῦ
852 1279 1073 1360 βασιλεύσαντος,
1102 1278 1232 1356 εἰσῆλθον
1256 1277 1330 1350 αὖθις

46 1403 176 1474 μετὰτῶν
198 1401 312 1476 ὑπ’έμὲ
336 1401 464 1480 ἀδελφῶν
489 1402 517 1460 ἐν
542 1406 576 1483 τῇ
604 1400 786 1484 βασιλευούσῃ
813 1399 860 1462 καὶ
888 1401 1073 1480 ἐπορισάμεθα
1098 1401 1162 1482 παρ’
1179 1403 1259 1461 αῦτοῦ
1284 1405 1331 1461 τοῦ

45 1523 169 1596 βασιλέως
191 1527 273 1602 πυροῦ
297 1525 425 1582 Ἰωάννου
447 1523 606 1602 προσθήκην
630 1521 701 1582 σίτου
724 1521 835 1598 μοδίους
858 1521 1010 1592 διακοσίους
1033 1522 1068 1582 δι’
1086 1523 1222 1602 ἐγγράφου
1244 1542 1329 1602 προσ-

44 1642 137 1716 τάξεως
151 1645 235 1722 ήγουν
250 1644 398 1723 σιγιλλίου,
414 1643 622 1724 χρυσοβούλλου
637 1645 724 1723 λόγου
742 1639 845 1728 [τόπον]
863 1643 1020 1724 ἐπέχοντος,
1038 1642 1271 1724 ἐπιβραβευσάσης
1290 1663 1324 1718 μο

44 1773 85 1840 τῆς
99 1767 175 1826 αὐτοῦ
190 1766 334 1841 βασιλείας
348 1765 395 1826 καί
411 1767 564 1841 νομίσματα
579 1767 730 1846 τριπέφαλα
751 1767 933 1846 προτιμηταϊα
949 1765 991 1825 κδ’
1008 1761 1073 1845 άχρι
1093 1763 1139 1824 καί
1161 1765 1260 1838 τέλους
1281 1771 1330 1842 τῆς

47 1887 124 1964 ἐντῷ
145 1891 256 1966 παρόντι
280 1909 331 1964 μου
354 1887 405 1967 βίῳ
428 1890 511 1964 ζωῆς.
535 1887 721 1966 παρελθόντος
744 1887 775 1947 δὲ
802 1886 849 1947 καί
871 1889 964 1948 τούτου
986 1890 1032 1946 τοῦ
1055 1885 1194 1959 βασιλέως
1216 1883 1262 1946 καὶ
1285 1891 1330 1946 τοῦ

44 2013 114 2088 πυροῦ
136 2009 273 2083 Μανουὴλ
302 2013 345 2068 τοῦ
368 2013 412 2068 νῦν
437 2007 629 2082 βασιλεύσασα
651 2014 701 2084 τῆς
724 2007 867 2082 βασιλείας
889 2009 1074 2086 κρατήσαντος
1098 2006 1224 2082 εἰσῆλθον
1246 2009 1329 2067 πάλιν

45 2131 104 2203 μετὰ
116 2135 159 2190 τοῦ
175 2134 298 2209 μοναχοῦ
312 2134 394 2210 πυροῦ
407 2129 583 2190 Ἀναστασίου
599 2130 628 2189 ἐν
643 2136 676 2212 τῇ
693 2131 874 2212 βασιλευούσῃ
889 2127 999 2189 καὶτῶν
1012 2128 1056 2190 ὑπ’
1067 2129 1118 2206 ἐμὲ
1130 2133 1330 2206 μοναχῦνήσίσ)

44 2250 83 2310 καί
99 2253 159 2331 παρ’
175 2254 255 2312 σιύτοῦ
276 2253 404 2324 ὡσαύτως
424 2252 609 2331 ἐπορισάμεθα
628 2249 764 2328 σιγίλλιον
784 2253 887 2332 ἕτερον,
902 2250 1109 2332 χρυσοβσύλλου
1124 2251 1210 2329 λόγου
1227 2243 1330 2334 [τόπον]

45 2373 144 2454 ἐπέχον,
161 2372 200 2448 είς
211 2375 368 2454 προσθήκην
382 2375 474 2454 ἐτέρου
490 2373 561 2433 σίτου
578 2373 687 2449 μοδίους
704 2372 858 2445 διακοσίους
873 2373 919 2434 καὶ
936 2375 1035 2454 ἐτέρων
1050 2376 1223 2449 νομισμάτων
1238 2391 1330 2452 τρικέ-

44 2497 124 2573 ρ-ἀλων
145 2495 347 2576 προτιμηταίων
363 2494 418 2576 κδ’,
442 2498 460 2554 ά
481 2494 528 2555 καὶ
551 2495 705 2572 λαμβάνειν
727 2499 746 2571 ή
769 2497 839 2571 μονη
860 2497 913 2556 ἀπδ
935 2500 985 2573 της
1009 2498 1091 2574 αῦτής
1114 2499 1195 2572 νήσου
1218 2497 1331 2576 Κρήτης

46 2615 77 2688 εἰς
96 2620 122 2676 :b
144 2618 279 2696 διηνεκές,
305 2619 403 2697 μέχρις
425 2618 458 2677 ἀν
483 2617 529 2678 καὶ
552 2617 711 2698 συνίσταται,
735 2619 753 2693 ή
777 2620 856 2678 αὐτοῦ
872 2619 1078 2699 θεαπρόβλητος
1101 2618 1253 2694 ἐβράβευσε
1275 2618 1329 2694 βα-

45 2739 133 2798 mia·
156 2740 202 2798 σύν
225 2739 329 2812 τούτοις
351 2739 382 2800 δέ
404 2734 451 2799 καί
474 2742 553 2812 όσους
575 2741 676 2812 κόπους
699 2739 745 2800 καὶ
769 2739 877 2818 θλίψεις
900 2740 947 2800 καί
969 2741 1137 2822 πειρασμούς
1159 2740 1330 2816 καθυπέστην

45 2861 153 2943 ἐνταῦθα,
176 2867 227 2937 τῆς
251 2867 338 2938 μονῆς
361 2860 401 2933 είς
429 2863 500 2921 ἅπαν
523 2862 754 2940 ἀντιποιούμενος,
778 2863 855 2937 ὑμεῖς
881 2865 982 2934 πάντες
1006 2863 1162 2924 ἐπίστασθαι
1189 2861 1236 2921 καί
1264 2862 1330 2936 αῦτη

44 2983 58 3056 ή
78 2981 104 3054 ἐξ
125 2985 213 3064 ἔργων
237 2980 378 3057 ἀπόδειξις
402 2983 523 3058 βεβαιοῖ·
547 2983 595 3044 καὶ
616 2989 693 3046 τοῦτο
717 2985 748 3046 δὲ
772 2985 913 3061 δηλοπσιῶ
939 2986 1007 3065 πρδς
1034 2985 1104 3060 ὑμᾶς
1131 2987 1176 3044 τοῦ
1198 2985 1261 3044 θεοῦ
1284 3003 1330 3058 μοι

46 3104 134 3164 ἀνωθεν
158 3106 319 3186 ἐφορῶντος,
343 3107 381 3178 ὡς
405 3107 488 3185 ἐγγύς
510 3127 561 3167 που
585 3107 643 3186 άρτι
665 3111 718 3166 τῶν
740 3108 884 3188 τριάκοντα
912 3109 1019 3188 χρόνων
1043 3107 1211 3186 ῦπάρχοντος
1227 3124 1278 3178 μου
1302 3103 1330 3162 ἐν

45 3226 168 3309 τήιίρχῇ,
194 3229 224 3287 ού
248 3227 392 3302 μέμνημαί
413 3248 436 3286 τι
459 3233 512 3286 τῶν
535 3234 585 3304 τῆς
608 3235 695 3305 μονῆς
721 3230 917 3307 νοσφισάμενσς
946 3227 1087 3307 λαθραίως
1118 3232 1170 3286 τῶν
1201 3225 1330 3304 ἀδελφῶν

48 3340 101 3424 ἄχρι
123 3346 168 3407 καὶ
194 3352 242 3408 τοῦ
267 3351 397 3426 τυχόντος
419 3351 437 3423 ἡ
459 3351 527 3430 πρδς
557 3348 640 3422 ἰδίους
661 3371 685 3409 τι
714 3355 768 3410 τῶν
798 3351 897 3426 ταύτης
926 3351 1098 3426 νομισμάτων
1121 3352 1139 3424 ή
1160 3349 1330 3428 πραγμάτων

48 3467 156 3529 ἐπέδωκα
179 3473 198 3545 ἢ
223 3469 321 3542 άλλως
342 3491 402 3542 πως
429 3469 468 3543 είς
499 3468 568 3530 ἰδίαν
593 3471 696 3550 άλογον
719 3471 866 3552 θεραπείαν
889 3472 998 3532 ἐκτῶν
1022 3473 1104 3546 αῦτής
1133 3469 1330 3549 κατηνάλωσα,

48 3587 103 3647 ἀλλ’
117 3591 285 3666 ἐπελθούσης
306 3596 357 3668 τῆς
378 3591 432 3651 τῶν
464 3591 632 3673 Σαραπηνῶν
663 3593 759 3672 ἐφόδου
789 3599 842 3652 τῶν
873 3590 904 3666 ἐξ
936 3593 1075 3666 Ἱσπανίας
1103 3595 1134 3653 τό
1164 3593 1225 3652 κατ’
1242 3593 1331 3672 ἀρχὰς

48 3710 106 3768 κατὰ
125 3714 185 3772 θεοῦ
208 3716 404 3793 παραχώρησιν
426 3711 475 3772 καὶ
496 3714 545 3788 τήν
569 3714 656 3790 μονήν
685 3711 877 3794 ἐναρξαμένων
906 3714 1064 3794 πολιορκεῖν
1097 3715 1230 3791 ἐδόθησαν
1252 3719 1330 3795 κοινῇ

49 3835 131 3914 γνωμῃ
152 3841 206 3894 τῶν
229 3837 338 3894 πάντων
360 3835 429 3914 πρδς
450 3836 569 3916 τούτους,
594 3837 665 3916 άπερ
689 3835 722 3912 δὴ
746 3835 793 3896 καὶ
816 3835 973 3916 γινώσκετε.
998 3839 1068 3913 μετὰ
1084 3835 1214 3896 δὲταῦτα
1228 3856 1330 3896 κατεπ-

52 3953 210 4030 εμβαίνσντες
247 3959 313 4032 ήμῑν
351 3957 377 4019 οἱ
412 3960 566 4039 πουρσάριοι
599 3957 729 4030 ποικίλας
762 3957 809 4018 καί
841 3957 958 4034 ματαίας
989 3953 1103 4038 ἀγωγὰς
1132 3957 1330 4038 ἐπεγείροντες,

52 4073 105 4134 Ξτε
125 4078 223 4158 ’ίεφραὶ
255 4079 382 4153 δηλονότι
412 4079 459 4139 καὶ
482 4079 507 4139 οἱ
528 4078 621 4140 λοιποί
651 4077 698 4138 καὶ
720 4077 795 4140 αὐτοὶ
817 4079 851 4139 τὰ
872 4082 999 4160 περιόντα
1021 4085 1054 4162 τῇ
1078 4085 1146 4161 μονῇ
1170 4080 1329 4160 προσαρήρ-

51 4197 130 4280 τυζον,
145 4197 183 4272 είς
198 4199 231 4260 δὲ
245 4199 295 4276 τἠν
310 4201 472 4281 παραθήκην
495 4203 540 4260 τοῦ
556 4201 793 4282 Στραβορωμανοῦ
815 4201 864 4273 τὰς
887 4200 1078 4276 ἐβδομήκοντα
1100 4199 1196 4280 λίτρας
1220 4200 1329 4276 δηλαδὴ

52 4321 87 4374 τοῦ
99 4321 200 4398 χρυσίου
222 4319 270 4380 καὶ
293 4322 343 4394 τὰς
365 4321 436 4380 όκτὼ
460 4321 563 4397 ὁμοίως
585 4328 639 4382 τῶν
660 4324 808 4404 ἀνθρώπων
831 4323 910 4382 αὑτοῦ
933 4327 985 4381 τῶν
1008 4323 1171 4399 λεγομένων
1193 4322 1330 4381 Βοτανίων

53 4433 183 4518 διεγνώτθη
205 4445 260 4514 τοῖς
282 4449 371 4524 πᾶσιν,
395 4445 435 4503 ότι
457 4444 654 4524 όΠηγονίτης,
678 4445 692 4503 ό
716 4445 745 4503 ἐν
768 4451 801 4527 τῇ
824 4445 910 4524 Σάμῳ
932 4446 1067 4526 πράττων,
1089 4445 1253 4524 πρόσταγμα
1275 4445 1330 4520 βα-

53 4558 142 4623 νιλιιδν
166 4566 346 4644 πορισάμενος
361 4563 418 4624 καὶ
446 4565 536 4624 ἐλθὼν
565 4566 593 4624 ἐν
620 4572 653 4648 τῇ
682 4571 752 4648 μονῇ
780 4565 933 4641 ἀνελάβετο
959 4569 1056 4646 πάντα,
1080 4565 1118 4641 μὴ
1147 4565 1231 4637 ἐάσας
1253 4587 1277 4626 τι
1302 4566 1330 4624 ἐν

55 4680 116 4762 ἀυτῇ,
141 4680 212 4744 ἀλλὰ
235 4687 346 4762 μᾶλλον
377 4685 423 4746 καὶ
446 4687 494 4764 τήν
518 4689 604 4764 μονὴν
635 4690 686 4766 οἰνχ
715 4681 794 4764 ἧττον
824 4687 871 4748 καὶ
901 4691 980 4760 αῦτδς
1011 4689 1170 4766 ἐζημίωσεν,
1196 4689 1226 4748 ού
1249 4691 1330 4763 μόνον
