3162 5278
259 325 324 390 274

259 516 306 579 καί
329 516 563 596 ἀνεξομολόγητοι
583 515 609 577 οἱ
630 515 675 576 ἀπ’
693 515 814 576 ἐντεύθεν
838 515 1067 593 ἀποδημήσαντες
1089 513 1129 588 εἰς
1150 517 1196 576 τδν
1218 515 1341 596 φοβερόν
1355 514 1449 594 κριτήν
1471 512 1539 573 δεδε-
1564 471 1565 474 ί

260 641 336 716 μένοι
364 641 465 720 σειραῖς
492 639 704 718 ἁμαρτημάτων,
732 640 798 699 ὅπου
826 638 884 698 ἐκεῖ
911 637 1035 717 ἀσίγητοι
1061 637 1219 718 στεναγμοί,
1250 637 1460 716 ἀπαραμύθητον
1485 638 1539 696 πίν-

259 762 320 840 θος,
349 760 408 820 έκεῖ
435 759 517 832 τέλος
543 763 593 820 ούκ
620 761 700 838 ἔστιν,
727 760 805 820 ἀλλὰ
831 761 938 840 θρῆνος,
965 761 1032 820 όπαυ
1059 761 1109 820 ούκ
1136 760 1206 819 ἔστιν
1232 761 1325 840 τρυφή,
1355 757 1434 818 ἀλλὰ
1459 756 1539 840 κρίσις,

260 884 349 960 μέγας
375 882 459 962 φόβος
487 884 559 962 τότε,
582 877 707 962 ἀδελφοί,
735 884 825 960 μέγας
846 883 960 962 τρόμος,
989 881 1101 961 μεγάλη
1124 883 1142 957 ή
1166 881 1301 960 γενομένη
1328 880 1454 960 ἀνάγκη
1476 857 1539 956 ήγῖ,

258 1009 333 1066 παῖσα
362 1000 523 1087 σαλεύεταί,
554 1003 588 1062 τό
618 1005 747 1079 μνήματα
777 1003 939 1084 ἀνοίγονται,
969 1002 1003 1064 τὰ
1033 1006 1157 1084 κριτήρια
1187 1002 1396 1084 εύτρεπίζονται,
1425 1001 1540 1072 πολύςό

258 1127 355 1208 φόβος,
383 1125 532 1205 ἀδιήγητος
554 1127 569 1184 6
591 1126 701 1205 τρόμος.
735 1123 782 1186 καί
807 1125 851 1185 ἵνα
878 1125 916 1201 μὴ
944 1126 983 1198 ῶς
1009 1125 1107 1196 ἁπλῶς
1129 1126 1240 1204 ήγεῖσθε
1266 1124 1301 1184 τὰ
1323 1125 1444 1204 ῥήματα,
1470 1123 1540 1181 ἀκού-

259 1269 360 1330 σωμεν,
389 1247 534 1329 ἀγαπητοί,
561 1252 608 1308 τού
630 1248 736 1324 Δανιὴλ
758 1249 905 1327 λέγοντος·
932 1221 1088 1328 «Ιέθεώρουν
1112 1248 1141 1308 έν
1164 1249 1280 1328 ὁράματι
1301 1253 1351 1323 τῆς
1373 1248 1477 1324 νυκτός,
1499 1247 1542 1317 ἕως

258 1365 289 1429 ού
316 1371 404 1450 θρόνοι
428 1371 559 1446 ἐτέθησαν
581 1369 629 1430 καί
649 1370 771 1443 παλαιδς
792 1372 903 1452 ἡμερῶν
927 1370 1063 1432 ἐκάθισεν.
1090 1371 1105 1428 6
1128 1370 1224 1451 θρόνος
1246 1371 1326 1430 αύτοῖι
1348 1369 1442 1448 φλόγα
1462 1370 1539 1448 πυρός,

258 1491 284 1552 οἱ
312 1491 409 1572 τροχοί
438 1493 516 1552 αύτού
545 1496 596 1572 πύρ
619 1492 732 1573 φλέγεν,
760 1493 885 1567 ποταμός
913 1493 996 1572 πυρδς
1024 1492 1137 1573 ἔτρεχεν
1165 1493 1316 1572 ἔμπροσθεν
1347 1493 1437 1571 οιύτού,
1466 1491 1541 1568 χίιιαι

239 1611 385 1706 ,χιλιάδες
414 1615 624 1694 παρεστήκησαν
651 1612 724 1692 αύτῷ
750 1612 797 1674 καὶ
825 1615 915 1693 μύριαι
942 1613 1072 1694 μυριάδες
1096 1614 1285 1692 ἐλειτούργουν
1308 1612 1391 1692 αύτῷ,
1419 1615 1542 1692 κριτήριον

258 1734 368 1794 ἐκάθισε
391 1735 438 1796 καί
462 1733 555 1810 βίβλοι
577 1729 771 1814 ήνεῴχθησαν·
801 1731 908 1816 ἔφριξεν
930 1735 960 1796 τδ
983 1739 1088 1811 πυεύμα
1112 1755 1172 1816 μου,
1202 1735 1259 1814 ἐγὼ
1281 1735 1388 1810 Δανιὴλ
1416 1733 1480 1796 ἰδὼν
1505 1733 1541 1794 καί

258 1856 287 1917 αί
312 1858 421 1938 ὁράσεις
447 1863 496 1934 τῆς
523 1857 649 1936 κεφαλῆς
672 1879 723 1933 μου
750 1855 933 1938 συνετάραξάν
956 1879 1002 1938 με,
1034 1859 1153 1934 βαβαί»,
1192 1859 1207 1916 6
1232 1861 1372 1939 προφήτης
1401 1859 1433 1918 τδ
1463 1858 1543 1936 όραμι

257 1985 306 2055 τῆς
337 1979 495 2054 μελλούσης
524 1978 640 2058 κρίσεως
662 1977 732 2062 ιἰδὼν
762 1977 878 2060 ἔφριξεν.
909 1979 956 2040 καί
985 1977 1011 2040 τί
1038 1981 1090 2060 ἀρα
1116 1981 1198 2056 ἡμεῖς
1229 1980 1373 2056 μέλλομεν
1401 1980 1542 2054 ὑπομένειν,

258 2103 322 2162 όταν
359 2100 405 2162 καί
443 2101 511 2161 αύτά
543 2101 577 2160 τὰ
609 2104 757 2181 πράγματα
795 2100 975 2183 εἰσέλθωμεν,
1010 2102 1072 2162 όταν
1106 2102 1153 2162 ἀπ’
1181 2099 1324 2162 ἀνατολῶν
1357 2101 1438 2176 ἡλίου
1472 2101 1544 2178 μέγρι

258 2225 366 2298 δυσμῶν
388 2224 579 2302 παριστάμεθα
600 2223 697 2300 γυμνοί
724 2222 771 2284 καὶ
793 2226 823 2284 τδ
846 2224 950 2306 φορτίον
972 2229 1026 2284 τῶν
1049 2225 1253 2304 ἁμαρτημάτων
1278 2221 1321 2284 ἐπὶ
1343 2227 1389 2284 τοῦ
1411 2222 1544 2302 τραχήλου

256 2349 321 2404 πᾶσι
344 2344 511 2424 δείχνοντεςς
534 2347 596 2404 τότε
617 2350 667 2420 της
690 2345 866 2424 βλασφημίας
889 2345 916 2406 αἱ
936 2346 1061 2426 γλῶσσαι
1083 2344 1257 2426 φλογίζσνται
1280 2345 1417 2421 διηνεκεῖς
1438 2343 1484 2404 καὶ
1505 2345 1565 2404 οὔτ’

258 2586 388 2664 ἀγγέλων
412 2587 601 2670 συντρίβονται,
624 2592 685 2648 τότε
707 2593 761 2648 τῶν
784 2589 956 2668 φιλαργύρων
984 2589 1012 2650 αἱ
1034 2591 1128 2670 χεῖρες
1150 2591 1323 2670 κρεμάμεναι
1343 2590 1485 2670 τρέμουσιν
1506 2584 1546 2646 καί

256 2706 457 2784 καταξεόμεναι
487 2709 642 2790 όδυνῶνται,
672 2711 733 2769 τότε
764 2708 787 2768 οἱ
819 2709 955 2789 ὀφθαλμοὶ
984 2716 1038 2770 τῶν
1070 2711 1245 2772 διανευόντων
1279 2711 1410 2786 ἐμπαθῶς
1441 2705 1545 2786 ἐξορύτ-

256 2851 356 2892 σονται.
387 2834 438 2890 πού
464 2833 526 2891 τότε
548 2835 653 2912 γονεῖς,
679 2835 730 2890 πού
753 2831 877 2911 ἀδελφοί,
904 2836 955 2892 πού
977 2835 1077 2913 πατήρ,
1104 2837 1156 2892 πού
1182 2835 1282 2914 μήτηρ,
1310 2837 1360 2892 ποῦ
1382 2831 1475 2910 φιλας,
1501 2834 1546 2889 πού

256 2951 391 3032 γείτονες,
420 2955 472 3012 πού
494 2953 511 3026 ή
535 2958 588 3011 τῶν
616 2953 755 3032 ἀρχόντων
783 2950 900 3035 ἐξουσία,
930 2958 981 3014 πού
1003 2955 1018 3012 6
1040 2954 1242 3028 καλλωπισμὸς
1268 2960 1323 3014 τῶν
1349 2952 1473 3033 ἱματίων,
1501 2954 1545 3011 ποῖ

255 3071 290 3132 τά
315 3072 432 3152 λαμπρά
455 3072 628 3152 ὑποδήματα,
655 3079 705 3135 ποῦ
728 3076 743 3133 6
765 3075 965 3151 καλλωπισμδς
991 3081 1045 3136 τῶν
1073 3075 1236 3155 δακτυλίων,
1263 3079 1315 3136 πού
1341 3075 1375 3134 τά
1396 3077 1476 3154 κρέα,
1502 3077 1546 3132 πού

256 3195 271 3252 ό
293 3194 393 3272 χρυσός
419 3192 466 3254 καί
488 3197 504 3254 ό
527 3196 654 3276 άργυρος,
680 3199 732 3256 πού
754 3198 772 3270 ή
795 3197 877 3276 τρυφὴ
905 3195 952 3257 καί
974 3201 1025 3257 πού
1048 3199 1062 3256 6
1085 3192 1160 3270 οίνος
1181 3197 1197 3256 6
1219 3197 1317 3270 πολύς,
1343 3200 1395 3257 πού
1416 3197 1452 3256 τὰ
1473 3217 1545 3274 περι-

257 3315 338 3388 βόλια
365 3315 398 3374 τὰ
429 3313 548 3395 εύμορφα
578 3315 624 3375 καί
650 3319 668 3391 ή
696 3313 882 3396 ξειράντωσις,
912 3322 963 3378 πού
990 3318 1016 3378 οῖ
1041 3318 1103 3391 τούς
1130 3319 1277 3398 θησαυρούς
1300 3318 1481 3396 φυλάττοντες
1506 3315 1545 3376 καί

254 3440 427 3516 παρορῶντες
453 3437 515 3508 τούς
541 3437 682 3516 ἑπτωχούς
707 3437 753 3498 καί
777 3441 816 3510 ὡς
838 3439 967 3500 ἀθάνατοι
990 3439 1165 3521 διακείμενοι,
1192 3445 1243 3501 πού
1266 3439 1291 3500 οῖ
1314 3440 1385 3516 μετὰ
1406 3444 1544 3515 τυμπάνων

255 3556 302 3617 καί
328 3563 419 3637 χορῶν
442 3559 650 3638 οπαταλῶντες,
673 3563 724 3620 πού
746 3557 811 3619 είοίν
835 3560 864 3618 ἐν
885 3567 919 3641 τῇ
942 3562 1001 3644 ῶρᾳ
1023 3562 1115 3644 ἐκείνῃ
1138 3561 1163 3622 οῖ
1185 3561 1357 3634 ἀπιστοῦντες
1379 3561 1426 3622 καί
1448 3563 1545 3640 λε’γον-

254 3697 313 3748 τες·
341 3681 473 3758 φάγωμεν
500 3678 546 3740 καί
572 3681 687 3762 πίωμεν,
716 3679 804 3762 αύριον
831 3681 885 3762 γάρ
912 3681 1131 3763 ἀποθνήσκομεν,
1158 3687 1209 3744 πού
1232 3682 1283 3744 εἰσί
1308 3685 1370 3745 τότε
1401 3683 1427 3744 οἱ
1448 3685 1544 3761 λέγον-

253 3821 313 3875 τες,
347 3802 387 3860 ότι
416 3803 606 3883 φιλάνθρωπός
636 3803 705 3863 ἐστιν
739 3805 754 3862 6
784 3804 847 3874 θεός
879 3803 927 3864 καὶ
956 3807 986 3864 ού
1016 3805 1132 3876 κολάζει
1160 3806 1222 3877 τούς
1252 3806 1446 3886 ἀμαρτωλσύςς
1482 3809 1545 3866 πότε

255 3924 463 3996 μετανοήσουσιν
485 3921 512 3982 οἱ
533 3927 617 3983 ταῦτα
639 3924 780 4004 λέγοντες,
803 3927 875 3984 πόσα
893 3926 1053 4004 θρηνήσουσι
1071 3925 1118 3988 καὶ
1138 3927 1188 3988 ούκ
1208 3927 1282 3988 ἔσται
1301 3928 1316 3988 ό
1336 3927 1426 3988 ἐλεῶν
1446 3927 1544 3996 αύτούς.

255 4042 306 4120 διό,
330 4042 475 4124 ἀγαπητοί,
499 4042 657 4126 δράμωμεν,
681 4046 719 4116 ῶς
738 4047 832 4126 καιρόν
850 4047 963 4127 ἔχομεν,
987 4045 1170 4130 στενάξωμεν,
1194 4052 1420 4131 μετανοήσωμεν,
1443 4047 1544 4122 ἐξυπνι-

254 4163 372 4245 σθῶμεν,
399 4165 565 4245 παρακαλῶ,
593 4166 625 4224 ἐκ
651 4169 697 4226 τού
724 4167 805 4228 ύπνου
831 4173 879 4244 τῆς
907 4169 1039 4253 ῥᾳθυμίας
1067 4170 1147 4246 ήμῶν
1176 4169 1223 4230 καί
1251 4170 1284 4230 ἐκ
1309 4175 1356 4231 τού
1380 4172 1481 4246 βάθους
1502 4177 1544 4245 τῆς

254 4280 402 4364 ἀμελείας,
432 4285 470 4360 μὴ
498 4288 672 4363 χασμῶμεθα
701 4287 728 4348 ἐν
756 4293 789 4370 τη
818 4288 952 4370 ἐκκλησίᾳ
978 4289 1016 4370 τῷ
1043 4291 1116 4369 ύπνῳ
1146 4288 1193 4350 καὶ
1224 4291 1415 4368 βαπτιζόμενοι
1441 4290 1491 4353 καὶ
1519 4292 1544 4351 οῖ

253 4406 425 4486 προσέχομεν
441 4413 473 4489 τῇ
490 4407 642 4487 ἀναγνώσει
656 4415 710 4467 τῶν
726 4409 805 4470 θείων
821 4411 935 4493 λογίων,
959 4411 1027 4472 ἀλλ’
1043 4411 1072 4472 ἐν
1095 4412 1170 4492 φόβῳ
1193 4413 1256 4472 θεοῦ
1279 4409 1432 4492 ύψώσωμεν
1454 4420 1544 4492 χεῖρας
1564 4397 1565 4408 ¹

251 4528 320 4607 πρδς
346 4529 392 4587 τόν
420 4525 569 4604 δυνάμενον
597 4533 681 4590 σῶσαι
710 4529 757 4590 καί
785 4529 922 4607 εἴπωμεν·
949 4533 1040 4612 «κύριε
1068 4533 1158 4608 Ἰησού
1184 4535 1294 4613 Χριστέ,
1326 4535 1342 4592 6
1371 4536 1434 4606 θεδς
1462 4537 1543 4612 ήμῶν.

254 4646 339 4707 σῶσον
359 4649 434 4724 ήμᾶς
456 4647 501 4708 διὰ
520 4651 551 4710 τδ
571 4649 679 4727 πλῆθος
701 4658 753 4711 τῶν
774 4651 918 4732 οἰκτιρμῶν
935 4675 1013 4716 σου».
1035 4657 1117 4730 μόνον
1134 4655 1341 4734 σπουδάσωμεν,
1362 4656 1422 4736 πρὶν
1442 4657 1544 4732 θήλεος
