3186 5286
1293 349 1355 414 427

63 555 81 609 l'
96 553 256 611 occasione.
281 555 316 612 Iu
340 553 423 611 cuius
445 553 487 610 rei
513 552 715 611 testimouium
737 553 816 610 bulla
835 555 934 609 nostra
952 549 1130 624 magistralis
1146 549 1176 606 in
1193 567 1260 606 cera
1274 546 1359 622 nigra

62 657 250 733 presentibus
272 663 318 715 est
341 657 491 734 impressa.
528 659 604 715 Dat.
629 656 778 714 Melitae
801 657 837 713 in
860 661 1038 714 conventu
1060 659 1191 724 nostro,
1216 652 1273 710 die
1295 651 1357 710 tri-

62 760 197 836 gesima
226 761 356 820 mensis
387 761 595 832 decembris,
631 760 821 818 millesimo
852 758 1171 836 septingentesimo
1205 761 1307 814 sexto
1340 776 1358 814 a

63 865 272 924 nativitate.

168 967 273 1046 negt*
296 969 329 1028 in
354 971 517 1028 cancell‘.

331 1078 382 1133 Fr.
408 1077 444 1133 D.
470 1077 713 1134 Ferdiuandus
735 1076 934 1144 Contreras,
958 1063 1313 1154 vicecancell[arius].
1350 1141 1359 1162 ι

170 1177 275 1226 Arcbet.
296 1177 378 1228 chart.
398 1193 457 1228 cum
477 1177 565 1242 sigillo
589 1193 623 1228 m.
642 1177 761 1242 magistri
781 1177 808 1226 in
828 1190 889 1226 cera
906 1175 983 1240 nigra
1007 1179 1035 1224 et
1057 1173 1164 1224 litteris:
1183 1172 1214 1222 F.
1235 1172 1266 1221 D.
1286 1171 1358 1222 BA!-

62 1263 213 1314 sivuuvs
228 1263 232 1328 ι
249 1263 298 1314 Du
316 1263 502 1314 Pusuuuos
521 1263 568 1314 ar
587 1261 779 1314 accarvun
794 1262 799 1327 ι
814 1263 850 1312 M.
863 1263 900 1316 u.
913 1261 947 1312 Η,
960 1260 1007 1311 ΕΤ
1025 1259 1068 1310 ss.
1082 1260 1116 1310 Η.
1137 1260 1230 1324 anyer,
1249 1274 1297 1308 nro
1316 1260 1358 1320 aa,

62 1367 86 1416 p.
109 1353 253 1402 rsa-rec.

278 1489 400 1554 XLIII.
426 1487 651 1572 7235-172‘1,
675 1487 704 1553 8.
729 1491 846 1554 mensis
869 1489 975 1553 martii
998 1487 1073 1572 [ind.
1090 1485 1141 1573 V].

61 1603 212 1668 Imperator
230 1603 342 1653 Carolus
361 1603 406 1653 VI.
425 1603 537 1670 suscipit
561 1603 674 1653 tutelam
698 1605 851 1654 monasterii
871 1603 964 1652 Sancti
982 1603 1091 1652 loannis
1109 1599 1242 1666 'theologi
1265 1605 1358 1650 contra

657 1693 765 1758 piratas.

168 1801 229 1857 Nos
248 1801 369 1858 Carolus
389 1805 499 1870 sextus,
524 1800 626 1860 divina
648 1801 767 1860 favente
791 1799 948 1859 clementia
967 1801 1077 1857 electus
1093 1801 1177 1856 Rom.
1194 1799 1358 1874 Imperator

61 1923 179 1981 semper
194 1909 334 1979 augustus
349 1925 382 1962 ac
405 1905 472 1962 Rex
492 1903 678 1974 Germaniae,
703 1904 924 1982 Hispaniarum,
948 1903 1102 1980 utriusque
1117 1893 1250 1974 Siciliae,¹
1272 1901 1357 1960 Hun-

61 2008 172 2083 gariae‚
203 2007 373 2078 Bohemiae,
405 2009 581 2080 Dalmatiae,
613 2009 749 2068 Oroatiae
778 2014 809 2066 et
831 2009 996 2078 Slavcniae,
1028 2005 1184 2065 Archidux
1207 2005 1356 2074 Austriaa

62 2114 133 2170 Dux
149 2113 348 2188 Burgundiae,
372 2113 558 2183 Brabantiae,
583 2113 754 2184 Mediolani,
776 2115 925 2184 Mantuae,
947 2111 1073 2191 Styriae,
1091 2109 1272 2179 Oarinthiae,
1288 2109 1357 2168 Gar·

61 2217 182 2288 nioliae,
206 2217 371 2292 Limburgi,
394 2217 601 2292 Luocmburgi‚
633 2218 781 2288 Geldriao,
806 2219 1046 2294 Viirtembergae,
1078 2215 1237 2293 superioris
1259 2219 1290 2271 et
1312 2213 1357 2270 in-

62 2321 180 2380 ferioris
211 2322 334 2381 Silesiae
364 2327 395 2380 et
426 2322 587 2392 Calabriae,
619 2323 759 2400 Princeps
790 2322 926 2394 Sueviaa,
961 2321 1094 2380 Marchio
1125 2320 1199 2379 sacri
1232 2317 1356 2378 Romani

61 2427 197 2503 Imperii,
219 2427 407 2502 Bergovisa,
442 2427 608 2499 Moraviae,
639 2408 799 2506 superioris
829 2433 860 2486 ot
890 2427 1041 2486 inferioris
1071 2425 1219 2496 Lusatiae,
1254 2423 1357 2482 Comes

62 2532 249 2608 Habspurgi,
281 2531 447 2602 Flandriae,
480 2531 604 2610 Tyn-olis,
634 2533 775 2603 Ferretis,
806 2532 952 2611 Kyburgi,
983 2530 1118 2590 Goritiae
1148 2533 1179 2588 et
1205 2526 1356 2598 Namurci,

60 2635 266 2710 Landgravins
282 2636 423 2707 Alsatiae,
441 2636 585 2694 Dominus
602 2638 751 2696 Marohiae
767 2637 949 2708 Slavonieae,
973 2638 1080 2694 Portus
1095 2633 1206 2692 Naeuia
1229 2637 1260 2692 et
1282 2631 1357 2690 Sali-

61 2760 168 2798 narum
190 2745 246 2800 etc.
271 2745 327 2799 etc.
350 2741 544 2816 Agnoscimus
567 2747 598 2800 et
619 2747 722 2800 notum
744 2741 868 2800 tacimus
891 2747 994 2800 tenore
1017 2738 1216 2817 praesentium
1239 2737 1358 2796 nniver-

61 2845 112 2910 sis,
133 2845 218 2922 quod
242 2864 309 2904 cnm
331 2847 520 2915 reverendus,
552 2846 716 2921 religiosus,
746 2845 829 2903 nobis
852 2845 977 2904 dilectus
999 2845 1187 2914 Nicodamus,
1212 2839 1357 2916 archiepi-

60 2969 166 3026 scopus
188 2950 363 3008 Dimizanae
385 2955 416 3008 et
430 2950 639 3026 Argirocastri,
659 2971 712 3028 pro
732 2954 815 3028 parte
834 2949 947 3008 abbatis
962 2953 993 3006 et
1008 2954 1170 3007 conventus
1185 2943 1357 3004 monasterii

61 3053 164 3112 Sancti
188 3055 306 3114 Ioannis
328 3055 535 3130 Evangelistae
558 3055 590 3112 in
613 3055 708 3113 insula
730 3057 870 3114 Pathmos
892 3053 952 3124 siti,
976 3053 1108 3128 regulam
1131 3049 1231 3109 Sancti
1253 3045 1356 3106 Basilii

60 3159 260 3236 sequentium,
284 3159 452 3217 humillime
474 3159 558 3217 nobis
581 3160 802 3236 supplicaverit,
832 3165 977 3237 quatenus
1000 3158 1112 3216 dictum
1136 3151 1355 3222 monasterium,

60 3264 127 3322 eius
150 3265 283 3322 abbatem
306 3269 337 3320 et
359 3269 537 3322 conventum
560 3264 681 3341 speciali
703 3269 803 3322 nostra
824 3264 1007 3340 protectione
1029 3267 1060 3322 et
1082 3261 1176 3320 tutela
1197 3259 1358 3317 clementer

61 3367 180 3426 munire
202 3368 392 3442 dignaremur
414 3369 553 3427 adversus
577 3389 635 3445 eos,
667 3369 718 3446 qui
748 3369 903 3444 piraticam
933 3368 997 3428 sive
1028 3366 1119 3425 etiam
1145 3363 1277 3422 nauticas
1305 3381 1356 3418 ex·

60 3471 213 3530 cursiones
235 3474 288 3530 sub
310 3472 430 3532 vexillis
453 3472 624 3530 christiania
644 3477 745 3532 contra
766 3472 901 3532 infideles
920 3472 1011 3532 variis
1031 3491 1070 3529 ex
1090 3470 1157 3540 oria,
1182 3467 1358 3527 nominatim

61 3597 135 3636 vero
157 3597 197 3635 ex
219 3576 315 3635 insula
336 3576 486 3634 Melitensi
510 3581 659 3650 exercent,
684 3597 777 3656 eaque
800 3577 951 3636 occasione
973 3579 1057 3646 bona,
1082 3575 1235 3634 facultates
1258 3577 1289 3630 et
1310 3591 1358 3630 res

60 3683 98 3739 ad
123 3680 237 3738 dictum
260 3683 405 3752 abbatem,
430 3687 608 3742 conventum
630 3688 661 3740 ct
684 3682 892 3740 monasterium
915 3681 1098 3758 pertinentes
1124 3680 1155 3740 in
1178 3678 1262 3748 mari,
1295 3697 1357 3736 sae-

60 3785 129 3862 pius
160 3785 249 3842 etiam
281 3784 312 3842 in
343 3785 468 3862 ipsamet
496 3786 594 3844 insula
615 3787 754 3845 Pathmcs
784 3785 939 3862 diripiunt,
970 3805 1061 3844 naves
1084 3785 1254 3853 eorundem,
1285 3801 1357 3859 quas

61 3891 186 3958 vehunt,
215 3889 361 3948 mercibus
384 3895 416 3948 et
437 3910 554 3948 annona
576 3891 711 3967 spoliant,
739 3910 778 3948 ex
800 3891 838 3948 iis
860 3891 935 3960 vela,
960 3889 1095 3960 timones,
1123 3889 1214 3946 malos
1240 3886 1357 3964 aliaque

60 3996 98 4052 ad
123 3993 344 4068 navigationem
367 3995 531 4052 necessaria
553 3995 751 4054 instrumenta
774 4015 827 4071 per
848 3995 911 4054 vim
934 3995 1119 4064 subtrahunt,
1151 4011 1236 4068 saepe
1266 3989 1356 4048 etiarn

61 4099 216 4156 naucleros
243 4103 274 4155 et
296 4103 400 4156 nautas
423 4104 514 4158 exuta
536 4100 615 4158 omni
639 4100 824 4159 humanitate
847 4099 1018 4158 immaniter
1040 4096 1225 4158 interficiunt
1247 4095 1356 4171 ipsum-

60 4223 119 4280 que
142 4204 217 4262 adeo
241 4203 462 4274 monasterium,
486 4205 621 4262 abbatem
645 4211 675 4262 et
698 4209 879 4262 conventum
901 4205 932 4262 in
956 4208 1121 4262 extremam
1147 4200 1308 4278 penuriam·
1327 4205 1359 4258 et

60 4307 214 4382 angustias
237 4309 372 4366 redactos
395 4307 508 4367 cunctis
530 4309 611 4368 vitae
634 4310 781 4367 humanae
805 4307 954 4378 subsidiis,
978 4327 1036 4385 quc
1059 4327 1097 4365 cx
1119 4326 1178 4364 uua
1197 4305 1253 4362 sibi
1273 4302 1357 4362 navi·

61 4411 183 4487 gatione
205 4411 236 4468 in
259 4413 311 4470 illo
334 4411 428 4471 sterili
452 4413 511 4470 solo
534 4431 702 4489 comparare
724 4417 854 4489 possunt,
883 4412 1011 4489 privant.
1045 4412 1104 4468 Nos
1126 4412 1181 4468 hac
1203 4413 1286 4468 tauta
1308 4426 1357 4466 eo-

60 4535 129 4574 rum
156 4517 323 4574 calamitate
354 4516 503 4587 commoti,
532 4535 565 4575 ao
589 4517 724 4593 inprimis
748 4535 765 4574 a
787 4516 978 4575 sanctimonia
999 4515 1056 4574 loci
1084 4517 1120 4574 ab
1142 4513 1234 4574 exilio
1257 4513 1356 4572 Sancti

60 4619 183 4678 Ioannis
198 4621 404 4696 Evangelistae
420 4623 526 4680 sacrati
548 4621 672 4693 inducti,
697 4641 751 4680 nec
773 4641 831 4679 uon
853 4620 956 4700 quieti,
981 4619 1180 4691 indemnitati,
1205 4617 1356 4677 securitati

62 4730 94 4783 et
117 4725 329 4803 tranquillitati
352 4725 438 4784 istius
466 4726 638 4786 monasterii
669 4730 769 4785 contra
798 4725 969 4784 huiusmodi
998 4724 1176 4783 facinorosos
1206 4724 1357 4782 consulere
