3162 5278
1262 371 1323 434 297

45 566 127 637 σχῆμα
157 559 310 632 ἐπενδυθεὶς
339 559 386 621 καί
412 565 527 642 χρόνους
557 561 666 634 ἱκανοὺς
694 562 836 642 διατρίψας
863 563 892 622 ἔν
919 565 985 644 αὐτῇ
1013 569 1046 645 τῆ
1074 563 1193 645 ἐπαρχίᾳ
1215 565 1325 645 Ντζίας,

44 685 105 760 νήσῳ
125 681 199 762 αὕτη,
225 677 301 762 εὗρεν
325 683 401 744 ἔνδον
424 691 474 758 τῆς
495 685 576 758 αθτῆς
598 687 679 758 νήσου
702 685 773 743 κατὰ
795 687 825 743 τό
849 685 911 764 όρος
932 689 979 744 τοῦ
1000 685 1174 760 καλουμένου
1190 686 1325 760 Ἐλληνι-

43 809 82 862 rx]
102 807 165 862 ναόν
186 806 329 864 κτισθέντα
356 806 430 883 παρὰ
452 811 498 866 τοῦ
520 804 609 866 πάλαι
637 805 837 884 μητροπολίτου
863 806 987 886 Εῖιρίπου,
1010 811 1091 886 κυροῦ
1113 808 1259 886 Τιμοθέου,
1283 808 1325 867 ἐπ’

43 927 139 998 ἑνόμαιι
168 929 322 1000 τιμώμενον
350 931 396 986 τοῦ
424 925 501 1006 ἁγίου
532 925 643 999 ἐνδόξου
674 926 720 987 καί
753 927 895 1004 ίαματικοῦ
927 929 1158 1003 Παντελεῆμονος
1188 931 1325 1009 σεσαθρω-

43 1049 111 1121 μένον
137 1048 182 1107 καί
209 1046 473 1134 [πε]παλαιωμένον,
501 1053 531 1108 δν
558 1050 622 1128 θείῳ
646 1051 724 1130 ζήλῳ
750 1049 797 1110 καί
825 1052 904 1130 ἔρωτι
930 1049 1043 1130 τρωθείς
1065 1049 1142 1122 ἰδίοις
1166 1049 1327 1128 ἀναλώμασι

41 1171 157 1242 βούλεται
184 1171 326 1232 ἀνακτίσαι
359 1169 407 1230 καί
439 1171 649 1246 ἀνοικοδομῆσαι
684 1171 731 1231 καὶ
763 1171 908 1250 μονῆδριον
939 1173 1163 1250 ἀποκαταστῆσαι
1192 1175 1328 1246 παντοίοις

43 1287 183 1366 ἀναθήμασι
210 1289 256 1350 καὶ
283 1291 367 1372 ἱεροῖς
394 1293 499 1352 σκεύεσι
526 1292 573 1352 καί
599 1293 708 1364 λοιποῖς
734 1296 851 1368 κτήμασι
880 1293 924 1352 ἐπί
952 1295 1115 1370 μνημοσθνῳ
1138 1300 1183 1354 τοῦ
1205 1315 1235 1354 τε
1258 1297 1326 1370 κτῆ-

40 1433 107 1491 τορος
130 1413 245 1494 ἐκείνου,
268 1411 314 1472 καί
336 1415 427 1474 τούτου
451 1411 563 1498 [χάρινῆ
587 1413 633 1474 καὶ
659 1416 835 1495 προσέδραμε
857 1421 890 1496 τῆ
913 1417 992 1490 ἡμῶν
1016 1418 1166 1494 μετριότητι
1190 1417 1260 1491 μετὰ
1282 1415 1328 1474 καὶ

42 1535 213 1614 ἐνυπογράρου
237 1537 374 1615 ἀναφοραῖς
396 1541 450 1596 τῶν
472 1537 544 1595 κατὰ
566 1540 648 1596 τόπον
675 1543 849 1616 χριστιανῶν,
877 1537 973 1617 ἱερέων
1001 1537 1111 1613 δηλαδὴ
1139 1535 1185 1598 καί
1212 1538 1328 1618 λα’ίκῶν,

41 1657 168 1729 δεομένων
197 1658 324 1731 ἐμπόνως
350 1657 397 1718 καί
424 1658 598 1718 ἱκετευόντων
625 1661 732 1718 πάντων
759 1660 950 1736 χορηγηθῆναι
979 1658 1050 1737 αθτῷ
1076 1658 1115 1737 τῷ
1143 1658 1258 1737 μοναχῴ
1280 1663 1329 1738 κῦρ

40 1779 162 1857 Φιλοθέῳ
184 1783 302 1857 γράμμα
328 1784 374 1839 τοῦ
402 1775 469 1840 εἶναι
496 1783 526 1840 τό
554 1781 675 1840 ἐντεῦθεν
702 1783 747 1840 τόν
774 1783 838 1840 νοιδν
868 1782 945 1840 αὐτδν
972 1783 1179 1860 πατριαρχικόν,
1205 1783 1243 1853 ὡς
1266 1782 1329 1854 ἔθος

39 1907 65 1980 w]
90 1902 151 1959 καθ’
170 1903 246 1976 ῆμαῖς
268 1906 313 1960 τοῦ
338 1903 452 1981 Χριστοῦ
480 1903 593 1982 μεγάλη
618 1901 754 1980 ἐκκλησίᾳ
782 1901 829 1960 καί
856 1907 889 1982 τῇ
917 1907 1100 1982 πατριαρχικῆ
1128 1909 1252 1984 περιωπῇ
1282 1901 1329 1962 καί

40 2023 233 2101 μεγαλειότητι,
256 2026 287 2082 τδ
309 2024 347 2099 μὴ
371 2026 453 2098 μόνον
470 2021 510 2108 [rb
527 2021 649 2108 σύνηθες]
666 2024 819 2098 λαμβάνειν
836 2025 868 2082 έκ
883 2029 977 2082 πασῶν
993 2031 1046 2082 τῶν
1067 2025 1110 2082 ὑπ’
1128 2024 1208 2096 αυτ-ἠν
1228 2025 1328 2082 τελου-

40 2150 84 2202 σῶν
99 2145 298 2224 μητροπόλεων
310 2143 357 2204 καὶ
370 2145 532 2226 ἐπισκοπῶν,
549 2144 688 2206 ἀλλὰκαὶ
705 2141 907 2230 [ἀνακαινίζειν]
925 2145 1100 2224 μοναστῆρια,
1116 2143 1162 2204 καί
1179 2144 1330 2220 ἐκκλησίας

39 2267 158 2337 ῶσαότως
178 2264 224 2326 καί
239 2269 352 2342 κοσμεῖν
368 2267 434 2327 αὺτά
457 2267 503 2326 καὶ
519 2268 657 2340 σεμνύνειν
680 2264 718 2345 τῷ
733 2265 922 2346 πατριαρχικῷ
938 2267 1049 2342 δνόματι
1072 2265 1118 2326 καί
1133 2270 1222 2325 πεῖσαν
1246 2267 1330 2326 ἐλευ-

39 2385 121 2465 θερίαν
145 2389 235 2460 αίιτοῖς
259 2387 365 2448 διδόναι
385 2391 560 2469 τηρουμένων
583 2391 664 2464 μόνον
688 2389 867 2448 ἀκαταλῦτων
890 2395 944 2448 τῶν
970 2394 1119 2448 κανονικῶν
1148 2387 1258 2448 δικαίων
1285 2393 1331 2448 τοῦ

38 2503 100 2566 κατὰ
126 2511 208 2568 τόπον
236 2510 403 2592 ἀρχιερέως,
427 2510 473 2569 καί
495 2516 572 2570 τοῦτο
596 2509 728 2585 διηνεκῶς
751 2511 813 2592 ᾔδει
828 2532 868 2583 τις
892 2510 1088 2590 ἔνεργοῦμενον
1109 2513 1261 2590 πανταχοῦ,
1284 2507 1331 2570 καὶ

40 2631 123 2702 μένειν
147 2632 227 2690 αθτδν
250 2631 437 2708 ἀνενόχλητον
464 2631 512 2691 καί
534 2633 743 2708 ἀκαταποίτητον
767 2631 806 2704 εἰς
827 2633 858 2692 τδ
882 2629 948 2708 ἑξῆς
974 2631 1021 2692 καί
1043 2633 1144 2702 παντός
1170 2632 1332 2712 πράγματος

41 2751 234 2834 ἀνεπηρέαστον
258 2752 404 2829 μετὰτῶν
428 2754 457 2813 ἐν
481 2753 553 2834 αυτῷ
578 2755 773 2834 ἀριερωμάτων
793 2757 810 2828 ῆ
830 2753 877 2813 καὶ
901 2755 1162 2832 ἀφιερωθησομένων
1184 2755 1332 2828 κτημάτων

39 2873 127 2933 τεκαὶ
148 2877 328 2954 πραγμάτων.
352 2874 445 2935 τούτου
467 2877 548 2954 χάριν
571 2877 588 2949 ῆ
613 2877 754 2955 μετριότης
776 2877 856 2949 ἡμῶν
880 2875 929 2948 τῆν
953 2874 1055 2950 αἴτησιν
1080 2876 1166 2933 αὑτῶν
1190 2871 1332 2945 ἀποδεξα-

40 2997 100 3071 μένη
125 2997 167 3056 θέτ’
191 2995 307 3075 εὔλογον
335 2995 382 3056 καί
405 2997 486 3076 ριλην
509 2997 564 3075 θεῷ
591 2995 638 3057 καί
661 2997 848 3075 όρειλομένως
872 2997 973 3075 ἔχουσα
999 2996 1061 3068 τοὺς
1083 2999 1167 3054 ταῦτα
1193 2992 1333 3067 ἀξιοῦντας

41 3119 77 3174 σ’σν
109 3120 206 3202 πολλῇ
245 3126 278 3202 τῇ
310 3119 486 3198 παρακλήσει
521 3119 650 3178 ἀπολύειν
684 3121 731 3194 τῆν
764 3119 857 3178 τοῦτου
892 3092 1049 3198 ἐλευθερίαν
1082 3114 1130 3176 καί
1164 3116 1333 3196 δερένδευσιν

40 3245 129 3318 γράρει
156 3240 206 3301 καί
233 3241 408 3321 ἀποφαίνεται
437 3242 465 3301 ἐν
489 3243 559 3322 ἁγίῳ
580 3242 722 3321 πνεύματι,
746 3237 844 3324 γνώμῃ
871 3246 949 3322 κοινῆ
972 3239 1097 3322 ασνοδικῇ
1124 3243 1170 3298 τοῦ
1192 3259 1222 3298 τε
1245 3239 1332 3317 ἀγιω-
1355 3271 1359 3280 =

42 3337 111 3422 τάτου
138 3361 188 3423 καὶ
216 3365 424 3444 μακαριυντάτου
450 3366 529 3422 πάπα
557 3361 606 3422 καί
632 3365 799 3444 πατριάρχου
829 3367 879 3440 τῆς
908 3359 1037 3440 μεγάλης
1066 3361 1178 3432 πόλεως
1200 3357 1334 3432 Ἀλεξαν-

43 3483 124 3562 δρείας
144 3483 194 3546 καί
213 3489 303 3564 κριτοῦ
322 3491 372 3560 τῆς
389 3483 559 3564 οἰκουμένης,
583 3489 663 3564 κυρσῦ
679 3485 699 3542 Γ
701 3483 839 3563 ερασίμου,
862 3482 909 3544 καί
931 3489 984 3543 τῶν
1007 3483 1161 3563 ῖερωτοίτων
1184 3482 1334 3562 ἀρχιερέων

43 3606 82 3662 ναί
107 3607 272 3688 Ι’σιτερτίμωη
302 3613 356 3666 τῶν
385 3607 413 3666 ἐν
442 3607 511 3686 ἁγίῳ
538 3607 669 3681 πνεύματι
699 3607 848 3685 ἀγαπητῶν
875 3607 954 3681 ἡμῶν
985 3604 1113 3684 ἀδελφῶν
1142 3603 1190 3664 καί
1220 3604 1334 3664 συλλει-

44 3735 164 3808 τουργῶν,
190 3728 236 3786 ἵνα
259 3728 312 3787 ἀπδ
334 3731 380 3786 τοῦ
403 3731 447 3786 νῦν
471 3729 485 3785 ό
509 3728 560 3803 μὲν
584 3727 727 3807 εἰρημένος
751 3729 822 3796 θεῖος
845 3725 891 3785 καί
918 3726 1067 3800 σεβάσμιος
1093 3727 1159 3796 ναδς
1186 3729 1232 3784 τοῦ
1259 3725 1336 3803 ἁγίου

46 3847 146 3920 ἐνδόξου
175 3850 224 3908 καί
248 3847 391 3924 ίαματικοῦ
415 3847 645 3924 ίίσιντελεῆμσνος
672 3849 716 3907 σὺν
742 3847 782 3925 τῷ
810 3846 940 3927 μετοχίω,
971 3850 1027 3918 τοῖς
1057 3846 1140 3925 ὁρίοις
1167 3848 1256 3924 αὑτοῦ,
1282 3841 1335 3929 [τῆ]

46 3968 172 4054 ἐκκλησίᾳ
201 3974 248 4029 τοῦ
279 3971 356 4048 ἁγίου
387 3969 633 4050 μεγαλομσίρτυρσς
663 3968 709 4028 καί
738 3971 932 4049 τροπαιοφόρου
959 3968 1096 4047 Γεωργίου
1125 3975 1158 4047 τῇ
1189 3967 1259 4026 κατὰ
1288 3968 1336 4041 τὴν

45 4093 107 4150 θέσιν
133 4099 186 4169 τῆς
209 4093 316 4170 Βίγλας
344 4096 389 4152 τοῦ
413 4090 552 4170 Ιίηγαδίου
580 4090 626 4150 καί
649 4098 701 4150 τῶν
724 4093 829 4150 λοιπῶν
853 4092 1048 4170 ἀριερωμσίτων
1074 4087 1122 4149 καί
1149 4088 1336 4170 ἀφιερωθησο-

46 4215 125 4285 μένων
146 4213 191 4292 εἴη
212 4213 260 4272 καί
281 4215 439 4288 όνομάζοιτο
460 4215 665 4294 πατριαρχικός,
690 4213 844 4291 ἐλεῦθερσς,
868 4213 1087 4290 ἀκαταπάτητος,
1112 4211 1268 4278 ἀδούλωτος
1290 4207 1338 4269 καὶ

47 4336 111 4408 όλως
139 4337 345 4416 ἀνεπηρέαστος
372 4335 447 4414 παρὰ
475 4339 574 4408 παντδς
603 4338 756 4415 προσώπου,
788 4331 886 4408 μηδενί
914 4331 1000 4408 μηδὲν
1028 4332 1144 4409 δρείλων
1173 4331 1285 4412 διδόναι,
1314 4329 1337 4390 εἰ

46 4458 78 4530 μὴ
104 4459 189 4532 μόνον
216 4456 255 4536 τῷ
286 4459 336 4533 μὲν
363 4459 435 4516 κατὰ
463 4459 545 4517 τόπον
576 4457 699 4536 ἀρχιερεῖ
727 4456 757 4514 τδ
785 4455 899 4528 σύνηθες
925 4453 1066 4512 κανονικδν
1095 4455 1274 4532 μνημόσυνον,
1305 4459 1337 4534 τῇ

46 4581 99 4637 καθ’
122 4583 199 4658 ἡμᾶς
228 4579 259 4640 δὲ
282 4584 327 4640 τοῦ
350 4581 465 4660 Χριστοῦ
488 4577 603 4660 μεγάλη
628 4577 762 4659 ἐκκλησίᾳ
789 4577 927 4653 ὑποταγῆς
951 4577 1032 4634 ἔνεκα
1060 4573 1124 4649 μέλι
1151 4573 1247 4654 λίτρας
1271 4572 1339 4632 δέκα

46 4703 127 4783 πέντε,
159 4703 200 4779 μῆ
231 4702 389 4778 τολμῶντος
420 4701 494 4772 ὅλως
523 4699 583 4760 οὔτε
613 4703 659 4759 τοῦ
689 4703 733 4758 νῦν
761 4697 969 4778 θεοφιλεστάτου
999 4697 1211 4777 ἀρχιεπισκόπου
1238 4695 1339 4768 Ντζίας
