3162 5278
262 373 326 436 290

260 570 305 626 τοῦ
332 569 376 624 νῦν
408 566 499 639 μένειν
530 565 698 645 ἀκράδαντον
728 562 775 624 καὶ
803 561 1026 644 ἀπαρασοίλευτον
1057 563 1104 623 καί
1130 563 1335 622 ἀναπίνοπαστον
1361 569 1394 644 τῇ
1423 561 1551 644 σεβασμίρ

260 687 342 768 ταύτῃ
366 693 435 768 μονῇ
458 685 504 745 καὶ
527 689 582 755 τοῖς
602 688 673 746 κατὰ
687 687 782 764 καιρδν
805 687 853 760 τὴν
868 685 1034 765 ἡγουμενίαν
1057 689 1155 759 ταύτης
1176 685 1472 760 ἐμπιστευθησομένους
1491 685 1549 758 βου-

260 809 368 882 λόμεθα
396 809 476 888 ἄχρις
504 805 616 878 αἰῶνος·
645 805 689 868 ἐπὶ
711 807 765 887 γὰρ
792 807 876 886 τούτῳ
902 805 949 866 καί
976 807 1005 866 τδ
1032 808 1118 886 παρδν
1146 807 1317 886 εῦεργετικδτ
1346 805 1481 885 σιγιλλιον
1506 803 1550 863 ὡδί

260 929 456 1010 σφραγίσαντες
479 925 677 1009 έξεπράξαμεν.
701 927 727 988 κ’
753 927 880 988 ίουλίου
903 926 993 1011 ,ζρςῖ
1018 929 1039 1007 †

364 1052 385 1130 †
408 1051 591 1129 Μελέτιος,
615 1050 702 1128 ἐλέῳ
718 1051 792 1108 θεοῦ
812 1048 924 1121 πάπας
943 1047 998 1108 καὶ
1018 1052 1230 1128 πατριάρχης
1250 1049 1407 1126 μεγάλης
1426 1052 1549 1119 πόλεως

261 1171 531 1251 Ἀλεξανδρείας.
556 1172 576 1250 †

365 1300 471 1354 Archet.
496 1317 553 1352 συιιι
578 1299 654 1354 bulla
674 1300 810 1369 plumbea.
836 1299 910 1353 Flor.
929 1301 970 1353 II.
994 1317 1043 1352 ιινο
1068 1301 1118 1353 42,

479 1655 664 1722 oxxvm.
690 1655 915 1740 7114-1606,
939 1676 1049 1720 mense
1072 1657 1167 1738 mai0‚
1190 1655 1255 1719 ind.
1279 1655 1337 1720 IV.

260 1805 426 1859 Ραύτίατσθα
441 1803 571 1874 Βαρθαέἀ
585 1803 627 1858 Π.
652 1804 782 1873 declarat,
807 1803 944 1857 ecclesiam
965 1801 1062 1858 Sancti
1075 1803 1187 1857 Nicolai
1206 1803 1235 1855 ιἰι
1258 1803 1316 1856 vico
1337 1802 1457 1870 Τναιιαὶα,
1482 1802 1546 1854 dioe-

319 1911 385 1964 υεεῦι
409 1909 520 1980 Ephesi,
544 1925 599 1962 σοιι
617 1908 836 1978 patriarchalem
859 1914 883 1960 et
905 1907 1051 1962 νιιῦάιαιαιιι
1073 1907 1234 1961 monasterio
1259 1905 1355 1962 Sancti
1377 1907 1496 1960 Ioannis.

361 2091 573 2174 ’γ“Ραραηλ,
613 2092 699 2171 ἐλέῳ
737 2093 813 2151 θεοῦ
847 2091 1113 2172 ἀρχιεπίσκοπος
1150 2091 1546 2164 Κωνοταντινουπύλεως,

258 2215 348 2288 Νέας
372 2215 518 2291 Ῥώμης,
541 2212 596 2272 καί
620 2211 855 2287 οίκουμενικδς
877 2216 1095 2294 πατριάρχης.
1120 2215 1141 2292 †

362 2389 383 2467 †
407 2387 521 2462 Ἐπειδὴ
552 2388 567 2445 θ
595 2386 647 2445 ἀπδ
673 2393 722 2461 τῆς
750 2383 826 2457 θείας
855 2385 902 2446 καὶ
930 2385 1004 2466 ἱεράς
1034 2385 1080 2444 καί
1108 2386 1254 2462 βασιλικῆς
1281 2392 1368 2462 μονῆς
1395 2392 1442 2447 τοῦ
1468 2385 1546 2465 ἁγίου.

260 2506 368 2580 ἐνδόξου
390 2506 437 2567 καὶ
456 2510 632 2586 πανευρήμου
649 2504 801 2568 ἀποστόλου
823 2507 869 2567 καί
892 2509 1099 2587 εὐαγγελιστοῦ,
1124 2507 1276 2584 έπιστηθίου
1299 2507 1387 2588 ηιλου,
1411 2509 1546 2587 παρθένου.

257 2630 438 2708 ἠγαπημένον
461 2631 589 2689 Ἰωάννου
619 2633 666 2689 τοῦ
689 2627 833 2708 Θεολύγου
862 2634 908 2689 τοῦ
937 2629 966 2688 ἐν
995 2635 1029 2709 τῇ
1055 2631 1131 2708 νήσῳ
1159 2629 1273 2708 Πάτμῳ,
1305 2630 1320 2688 δ
1350 2630 1494 2701 ὁσιώτατος
1522 2629 1546 2686 ἐν

258 2749 449 2831 ἱερομονάχοις
478 2749 525 2811 καὶ
554 2753 744 2824 πνευματικοῖς
766 2753 891 2830 πατράσι,
922 2754 970 2828 κῦρ
994 2751 1144 2829 Νεέρυτος,
1175 2751 1285 2830 ἀφίκετο
1311 2753 1380 2832 πρδς
1406 2751 1455 2826 τὴν
1476 2752 1546 2825 ἡμῶν

1567 2831 1568 2851 ι

257 2875 419 2954 μετριότητα
441 2873 505 2952 θείῳ
529 2873 607 2951 ζήλῳ
629 2871 748 2948 κινηθεὶς
771 2870 818 2931 καί
841 2873 955 2947 ἐζήτησε
978 2872 1122 2951 προθύμως
1144 2879 1177 2954 τῇ
1200 2873 1262 2931 καθ’
1278 2873 1353 2948 ἡμᾶς
1376 2877 1422 2932 τοῦ
1442 2873 1545 2952 Χριστοῦ
1566 2929 1567 2961 ,

257 2996 394 3078 ἁγιωτάτῃ
419 2995 531 3077 μεγάλῃ
555 2994 692 3075 ἐκκλησίᾳ
717 2997 764 3054 τοῦ
787 2988 855 3053 εἶναι
878 2993 931 3052 ἀπδ
953 2998 999 3054 τοῦ
1021 2997 1066 3052 νῦν
1089 2994 1306 3073 προσηλωμένον
1331 2995 1397 3075 αῦτῇ
1421 2993 1467 3054 καί
1490 2995 1566 3071 διο-γ

257 3119 389 3192 μάζεσθαι
412 3115 455 3176 ἀεὶ
477 3119 671 3197 πατριαρχικδν
700 3117 782 3192 αὐτῆς
805 3119 1001 3195 οταυροπηγιον
1025 3115 1066 3198 [τίν
1090 3112 1256 3201 μονήδριον],
1280 3119 1346 3198 ὅπερ
1370 3117 1451 3189 οιῦπδς
1471 3115 1565 3181 πλεῖ-ί

256 3261 327 3312 στοις
354 3241 469 3318 μόχθοις
498 3237 545 3298 καί
572 3241 621 3298 οῦκ
647 3238 755 3318 ὀλίγαις
784 3237 917 3310 δαπάναις
944 3237 1024 3318 ἀδείᾳ
1050 3240 1172 3320 ἡμετέρᾳ
1198 3245 1380 3322 πατριαρχικῇ
1411 3227 1564 3317 ἀνηγειρενί

256 3361 290 3419 ἐκ
318 3359 456 3436 θεμελίων
488 3362 574 3419 αύτῶν
604 3358 650 3418 καί
681 3359 805 3419 ἀνέκτισε
834 3358 881 3418 καὶ
911 3359 1087 3440 ἀνεκαίνισεν,
1118 3361 1183 3440 ὅπερ
1214 3358 1285 3420 ἐστίν
1316 3360 1392 3421 ἔνδον
1422 3366 1472 3436 τῆς
1500 3323 1563 3418 ἐπί

256 3480 357 3562 αρχίας
384 3481 499 3558 Ἐρέσου
533 3481 562 3540 ἐν
591 3483 671 3563 χώρᾳ
700 3481 843 3562 λεγομένη
866 3481 1013 3562 Τζαγκλῇ,
1049 3482 1092 3540 ἐπ’
1116 3482 1228 3557 ὀνόματι
1260 3484 1415 3558 τιμώμενον
1448 3487 1492 3542 τοῦ
1518 3479 1540 3537 έν

257 3601 345 3680 άγίοις
371 3604 473 3683 πατρδς
499 3604 577 3678 ἡμῶν
605 3603 817 3680 ἀρχιεπισκύπου
841 3603 942 3681 Μύρων
966 3602 1079 3681 Λυκίας,
1108 3606 1154 3662 τοῦ
1175 3604 1379 3683 θαυματουργοῦ
1402 3603 1560 3727 Νικολάοι.γ

256 3722 303 3784 καί
332 3724 454 3804 πληροῦν
483 3725 544 3784 κατ’
568 3723 629 3796 ἔτος
658 3729 691 3805 τῇ
721 3717 785 3783 καθ’
812 3725 888 3798 ἡμᾶς
915 3723 1028 3806 μεγάλῃ
1058 3732 1103 3783 τοῦ
1130 3726 1245 3804 Χριστοῦ
1275 3725 1410 3806 ἐκκλησίᾳ
1440 3730 1539 3804 χρυσοῦν

256 3841 375 3924 ρλωρίσν
405 3847 443 3925 έν,
478 3846 570 3905 τούτου
598 3847 678 3925 χάριν
705 3845 723 3919 ἡ
754 3845 897 3923 μετριότης
923 3843 1003 3918 ἡμῶν
1035 3847 1085 3920 πἠν
1119 3844 1221 3921 σίτησιν
1256 3847 1336 3906 αὐτοῦ
1370 3848 1408 3917 ὡς
1438 3845 1538 3920 εὔλογον

256 3963 448 4042 ἀποδεξαμένη
475 3963 572 4046 γράφει
599 3965 645 4026 καὶ
672 3967 847 4044 ἀποφαίνεται
875 3967 904 4025 ἐν
931 3965 1001 4046 άγίῳ
1028 3967 1158 4041 πνεύματι
1185 3966 1231 4026 καὶ
1255 3966 1408 4047 διορίζεται,
1435 3968 1479 4026 ἵνα
1498 3967 1536 4024 ἀεὶ

255 4093 301 4148 τοῦ
323 4093 368 4148 νῦν
390 4085 437 4147 καί
460 4085 499 4160 εἰς
521 4089 551 4146 τδ
575 4085 639 4163 ἑξῆς
663 4086 704 4162 εἴη
732 4085 779 4148 καί
802 4085 968 4164 ὀνομάζηται
989 4089 1183 4167 πατριαρχικδν
1206 4090 1403 4167 αταυροπηγιον
1425 4089 1441 4148 ὁ
1464 4085 1537 4168 ῥηθεὶς

256 4211 328 4281 θεῖος
351 4211 416 4282 ναδς
438 4212 484 4269 τοῦ
508 4209 537 4268 ἐν
560 4207 648 4288 άγίοις
670 4211 772 4288 πατρδς
793 4210 873 4286 ἡμῶν
896 4209 1038 4269 Νικολάου
1060 4214 1106 4269 τοῦ
1129 4211 1334 4290 θαυματουργοῦ
1360 4209 1407 4270 καὶ
1430 4211 1459 4270 ἐν
1481 4207 1536 4282 αύτῷ

256 4333 285 4390 τ“ο
300 4331 445 4411 ἡμέτερον,
469 4331 507 4402 ὡς
523 4329 605 4410 εἰκάς,
630 4332 846 4407 μνημονεύεσθαι
869 4333 1064 4412 πατριαρχικδν
1086 4331 1174 4407 ὄνομα
1195 4333 1330 4416 παρρησίᾳ
1352 4331 1399 4392 καί
1422 4333 1535 4406 διοικῆται

256 4450 301 4512 καί
317 4453 479 4533 κυβερνᾶται
494 4453 543 4512 ῦπδ
558 4459 612 4512 τῶν
637 4453 842 4528 ἑνασκουμένων
869 4459 902 4534 τῇ
925 4450 986 4536 θείᾳ
1007 4451 1053 4512 καί
1078 4453 1206 4536 βασιλικῇ
1228 4459 1298 4536 μονῇ
1320 4458 1366 4514 τοῦ
1389 4455 1466 4532 άγίαυ
1487 4454 1534 4510 Ἰω-

257 4576 337 4634 άννου
351 4577 398 4634 τοῦ
414 4573 558 4651 Θεολόγου
573 4572 620 4634 καὶ
634 4577 698 4654 παρ’
715 4576 801 4634 αῦτῶν
817 4574 1022 4649 ἀποστέλληται
1039 4574 1184 4655 ἐρημίριος
1200 4575 1318 4653 ψάλλειν
1334 4573 1381 4636 καί
1404 4575 1534 4656 ἱερουργεῖν

257 4694 286 4756 έν
310 4694 381 4774 αύτῷ
406 4693 452 4754 καὶ
475 4697 641 4774 καρποῦσθαι
663 4695 697 4755 τὰ
721 4692 750 4767 ἐξ
774 4695 853 4756 αύτοῦ
876 4694 1044 4771 εἰσοδήμαια
1070 4695 1117 4756 καί
1140 4695 1321 4772 δικαιώματα.
1343 4699 1374 4769 δς
1397 4696 1422 4756 δ’
1446 4701 1475 4757 ἂν
1494 4699 1532 4752 οῦν
