3162 5278
1253 374 1316 440 323

34 565 153 648 εέημερίᾳ
180 565 227 626 καί
256 565 366 648 εύπορίρ
393 566 508 646 ὑπῆρχε,
538 565 572 625 τὰ
598 569 644 626 νῦν
672 564 703 624 δέ
730 563 780 623 ύπδ
807 571 856 642 τῆς
883 563 1045 640 ἀνωμαλίας
1071 565 1119 626 καὶ
1145 569 1317 648 περιπετείας

33 694 69 748 τοῦ
95 691 194 768 χρόνου
221 687 267 748 καί
298 695 349 765 τῆς
378 691 424 748 τοῦ
450 689 586 768 ἡμετέρου
611 688 709 766 γένους
740 685 884 764 δυστυχίας
912 684 1096 764 αύξηνθέντων
1124 689 1243 764 μα’λιοτα
1270 690 1317 750 καί

32 811 74 868 νῦν
101 809 162 870 κατ’
192 811 253 883 ἔτος
284 811 446 870 αῦθεντικῶν
477 808 630 884 δοσιμάτων
662 805 701 880 είς
733 808 837 868 ἔνδειαν
870 807 917 868 καὶ
948 809 1060 890 ἀπορίαν
1091 813 1244 890 κατήντησε
1278 813 1317 890 μὴ

32 932 168 1007 ἐνιέμενον
196 933 271 1010 ἔχειν
298 933 348 1006 τὴν
373 933 508 1012 προτέραν
535 931 706 1010 κυβέρνησιν,
738 925 767 989 ού
795 931 878 990 ἕνεκα
905 929 929 990 οῖ
958 933 1167 1008 συναοκούμενοι
1194 934 1222 992 ἐν
1246 935 1317 994 αίιτιῖν

31 1055 135 1134 πατέρες
162 1052 354 1134 προσέδραμον
381 1059 414 1136 τῇ
437 1053 516 1130 ἡμῶν
544 1053 700 1132 μητριότητι
727 1051 773 1111 καί
800 1057 834 1134 τῇ
861 1051 923 1132 περὶ
950 1053 1031 1128 σίντην
1058 1053 1120 1138 ἱερᾷ
1142 1060 1196 1116 τῶν
1219 1051 1317 1136 ἀρχιε-

32 1177 89 1253 ρι’ων
111 1175 215 1256 συνόδῳ
238 1175 405 1248 ἱκετεύοντες
426 1173 474 1235 καί
497 1174 623 1250 δεόμενοι
647 1173 690 1233 διὰ
713 1175 821 1254 θερμῶν
843 1173 1049 1254 παρακλήσεων
1072 1175 1206 1254 βοηθῆσαι
1230 1179 1318 1250 αύτοῖς

30 1300 66 1356 τόν
88 1297 185 1358 ἐνόντα
206 1299 304 1378 τρόπον
327 1295 374 1358 καί
396 1297 479 1378 πόρον
501 1297 561 1356 τινὰ
585 1297 775 1377 διαρκέστερον
797 1302 830 1378 τῇ
854 1301 927 1375 σφῶν
949 1303 1106 1378 χορηγῆσαι
1129 1298 1248 1382 ἀνάγκῃ.
1271 1299 1317 1362 καί

31 1417 56 1492 δὴ
77 1414 199 1492 ἠξίωσαν
221 1421 304 1498 ἡμεῖς,
330 1421 403 1490 ότως
425 1420 640 1494 καταστήσωμεν
665 1420 753 1490 αυτοῖς
775 1417 880 1478 κουτίον
905 1418 1094 1496 ἐλεημοσύνης
1115 1421 1187 1480 κατὰ
1205 1422 1235 1481 τό
1257 1421 1318 1493 ἔθος

29 1541 73 1597 νῦν
93 1540 199 1600 λοιπῶν
221 1539 301 1621 ίιρῶν
323 1543 414 1602 τόπων
437 1539 483 1601 καί
507 1537 693 1619 μοναστηρίων
718 1540 746 1600 ἐν
768 1539 807 1619 τῷ
829 1541 1020 1620 περιέρχεσθαι
1044 1541 1073 1602 ἐν
1095 1545 1155 1614 ταῖς
1176 1543 1248 1602 κατά
1269 1543 1318 1618 τὴν

31 1663 104 1724 Πόλιν
135 1662 183 1724 καί
211 1663 338 1724 Γαλατοῖν
369 1661 415 1724 καί
442 1664 473 1722 τό
500 1661 673 1722 Κατόστενον
704 1663 770 1722 όλσν
798 1662 890 1742 ἁγίαις
916 1666 962 1722 τοῦ
990 1663 1053 1723 θεοῦ
1080 1663 1242 1739 ἐκκλησίαις
1271 1663 1317 1726 καί

29 1783 141 1863 πνίγειν
171 1786 248 1865 παρὰ
280 1791 334 1845 τῶν
367 1789 527 1866 χριστιανῶν
563 1783 750 1861 ἐλεημοσύνην
785 1783 827 1844 ἐπ’
859 1782 970 1859 όνόματι
1003 1788 1049 1846 τοῦ
1082 1785 1211 1866 ῥηθέντος
1245 1785 1318 1868 ῖεροῦ

28 1907 104 1966 τέτῦν
132 1907 314 1986 μσναστηρίσυ
340 1905 388 1966 καί
414 1905 453 1986 τῷ
479 1909 570 1987 τρόπῳ
597 1905 682 1986 τούτῳ
710 1904 857 1982 δυνηθῆναι
883 1905 970 1988 εὑρεῖν
999 1906 1093 1978 αύτούς
1120 1907 1219 1988 μικρὰν
1246 1908 1318 1984 βοή-

27 2028 91 2088 θειαν
118 2028 167 2090 καί
194 2027 368 2110 περίθαλψιν,
398 2025 486 2089 ἀνεσίν
509 2049 539 2088 τε
565 2025 613 2088 καί
642 2027 794 2110 ἐλᾶρρωσιν
819 2033 869 2104 τῆς
897 2028 1072 2105 ἐπικειμένης
1099 2029 1188 2102 αυτοῖς
1212 2028 1318 2101 ἐνδείας

27 2149 65 2209 καὶ
91 2148 228 2231 ἀνάγῑης.
259 2151 353 2212 τούτου
379 2153 460 2231 χάριν
487 2149 535 2225 τὴν
564 2149 655 2224 δέησιν
683 2147 730 2210 καί
757 2147 868 2222 ἀξίωσιν
897 2151 983 2210 αύτῶν
1010 2151 1108 2226 ταύτην
1136 2152 1175 2224 ῶς
1202 2149 1317 2232 εύλογον

26 2273 64 2331 καὶ
91 2271 236 2352 ἀποδοχῆς
264 2270 342 2346 ἀξίαν
370 2274 490 2348 εῦμενῶς
517 2269 729 2350 ἀποδεξάμενοι,
757 2271 855 2342 ἄλλως
877 2291 907 2332 τε
934 2269 979 2332 διὰ
1005 2271 1144 2354 ρροντίδος
1172 2274 1212 2334 ότι
1234 2272 1317 2334 πλεί-

27 2415 83 2472 στης
116 2393 164 2454 καὶ
198 2395 320 2470 σπουδῆς
353 2395 507 2469 ποιούμενοι
540 2397 595 2464 τοῖς
628 2391 711 2466 θείοις
745 2390 903 2468 σκηνώμασι
940 2392 987 2452 καὶ
1019 2393 1103 2475 ἱεροῖς
1135 2395 1320 2475 καταγωγίοις

27 2519 97 2595 χεῖρα
126 2517 256 2592 βοηθείας
285 2517 392 2596 όρέγειν
422 2514 469 2576 καί
496 2517 634 2595 συνεργεῖν
662 2517 713 2592 όση
741 2515 853 2592 δύναμις
881 2513 926 2575 ἐπὶ
952 2513 991 2594 τῷ
1019 2515 1244 2597 διακυβερνᾶσθαι
1272 2516 1319 2578 καί

27 2635 158 2712 διαμένειν
185 2641 270 2698 ταῦτα
296 2637 430 2714 διηνεκῶς
452 2637 499 2698 καί
521 2643 554 2720 τῇ
576 2638 726 2717 παραπέσοι
748 2641 795 2697 τοῦ
816 2639 916 2716 χρόνου
939 2637 1225 2718 συμπαρεκτείνεσθαι,
1249 2642 1318 2714 μήτε

27 2765 194 2840 συγχωρῆσαι
229 2763 312 2820 ταῦτα
344 2761 474 2835 ἁλώσιμα
503 2757 624 2840 γίνεσθαι
653 2758 692 2837 τῷ
722 2757 912 2840 πανδαμάτορι
941 2762 1033 2839 χρόνῳ
1063 2759 1110 2819 καί
1140 2761 1184 2821 ὑπ’
1212 2760 1319 2831 ἐνδείας

26 2881 65 2939 καὶ
91 2883 216 2961 ἀνοίῃης
246 2883 317 2942 κατὰ
344 2885 440 2962 μικρόν
469 2883 629 2964 ίατορρεῦσαι
658 2879 704 2942 καί
734 2879 774 2953 είς
803 2881 833 2940 τό
864 2882 902 2956 μὴ
928 2885 959 2940 δν
986 2882 1141 2960 περιελθεῖν
1166 2885 1317 2964 γράφοντες

28 3001 65 3061 διό
86 3009 132 3065 τοῦ
154 3005 289 3084 παρόντος
311 3005 409 3087 γνώμῃ
436 3003 483 3064 καὶ
507 3005 655 3064 συναινέσαι
676 3006 723 3064 τοῦ
746 3005 953 3084 μακαριωτάτου
976 3001 1023 3062 καί
1046 3005 1197 3083 α’γιωτάτου
1218 3025 1315 3086 πατρι-

28 3127 105 3204 ῖρχου
132 3125 344 3204 Ἰεροσολύμων,
378 3124 469 3206 κυρίου
498 3125 662 3204 Χρυσάνθου,
696 3126 742 3184 τοῦ
776 3123 805 3182 ἐν
835 3123 905 3202 ἁγίῳ
934 3124 1066 3200 πνεύματι
1096 3125 1237 3204 ἀγαπητοῦ
1269 3125 1316 3186 καί

26 3249 199 3326 περιποθήτου
232 3247 352 3328 ἀδελφοῦ
385 3245 433 3307 καὶ
466 3247 677 3328 συλλειτουργού
706 3248 796 3326 ἡμῶν,
830 3246 1035 3325 ἀποφαινόμεθα
1068 3245 1214 3318 συναδικεῖς
1247 3249 1317 3323 μετὰ

27 3377 72 3428 τῶν
96 3369 160 3451 περί
184 3371 259 3444 ἡμᾶς
286 3368 440 3450 ίερωτάτων
468 3369 642 3448 συναδελρῶν
664 3369 744 3445 ἡμῶν
768 3368 919 3448 ἀρχιερέων
941 3367 987 3427 καὶ
1010 3367 1171 3450 ύπερτίμων,
1198 3368 1243 3428 ῖνα
1265 3369 1317 3430 ἀπό

27 3499 66 3549 τοῦ
85 3498 131 3553 νῦν
155 3492 204 3554 καί
228 3491 267 3565 είς
289 3495 319 3553 τό
344 3490 409 3570 ἑξῆς
431 3495 608 3575 περιέρχηται
633 3493 782 3564 ἀκωλύτως
807 3491 855 3552 καὶ
878 3491 1082 3566 ἀνεμποδίστως
1103 3490 1208 3552 κουτίσν
1231 3492 1318 3568 ἐλεη-

29 3615 138 3690 μοσύνης
166 3615 210 3675 ἐπ’
235 3614 345 3691 διόματι
372 3617 418 3675 τοῦ
445 3613 593 3690 σεβασμίου
620 3612 667 3674 καί
695 3613 839 3688 βασιλικοῦ
867 3613 1046 3692 μονασιηρίου
1068 3618 1115 3674 τοῦ
1139 3613 1168 3673 ἐν
1190 3619 1223 3697 τῇ
1246 3617 1320 3695 νήσῳ

30 3735 135 3816 Πότμῳ,
159 3743 208 3798 τοῦ
229 3739 384 3813 τιμωμένου
407 3737 449 3798 ἐπ’
471 3738 582 3812 ἐνόματι
604 3741 651 3797 τοῦ
674 3735 761 3818 όγίου,
786 3732 896 3807 ἐνδόξου
919 3735 1072 3796 ἀποστόλου
1098 3734 1144 3796 καίΙ
1168 3737 1319 3814 εῖναγγελι-

30 3865 81 3917 ποῦ
103 3861 234 3920 ’Ῑωοίννου
256 3863 302 3920 τοῦ
323 3858 477 3940 Θεολόγου,
502 3859 530 3918 ἐν
552 3861 653 3930 πάσαις
675 3861 734 3930 ταῖς
757 3853 848 3936 ἀγίαις
870 3861 916 3918 τοῦ
939 3859 1001 3918 θεοῦ
1024 3857 1183 3931 ἐκκλησίαις
1204 3859 1320 3930 Πόλεως

28 3999 52 4037 τε
77 3981 122 4040 καί
147 3979 264 4040 Γαλατοῖ
290 3978 337 4040 καί
361 3979 427 4040 ἐλου
449 3983 495 4040 τοῦ
520 3981 691 4040 Παταστένου
720 3977 762 4039 ἐπί
784 3977 823 4056 τῷ
846 3980 1006 4058 συνάγεσθαι
1028 3979 1102 4058 παρὰ
1124 3983 1177 4038 τῶν
1201 3979 1320 4055 εύσεβῶν
1382 4017 1385 4024 ·

29 4108 183 4180 χριστιανῶν
206 4103 256 4176 τὴν
279 4103 512 4182 αύτσπροαιρέτως
534 4101 743 4181 χορηγουμένην
766 4097 809 4160 ἐπ’
831 4101 918 4159 αύτῶν
941 4099 1128 4177 ἐλεημοσύνην
1150 4102 1217 4180 πρός
1240 4121 1321 4182 μερι-

28 4225 73 4298 κὴν
98 4223 275 4306 περίθαλψιν,
303 4223 431 4298 βοήθειάν
454 4243 484 4283 τε
511 4222 558 4282 καί
580 4223 740 4302 κυβέρνησιν
766 4227 820 4280 τῶν
843 4222 1066 4296 συνασκουμὲνων
1090 4221 1181 4283 ἐκεῖσε
1204 4220 1321 4282 ὁσιωτά-

31 4365 74 4404 των
103 4347 231 4428 πατέρων
260 4345 308 4404 καί
339 4351 482 4424 μοναχῶν,
513 4345 690 4420 νουθετοῦμεν
721 4343 752 4402 δέ
782 4339 831 4408 καί
859 4341 1080 4418 συμβουλεύομεν
1108 4349 1246 4422 πατρικῶς
1275 4341 1323 4403 καί

29 4477 226 4546 πνευματικῶς,
257 4469 330 4538 όπως
362 4469 477 4540 ἕκαστος
512 4473 565 4527 τῶν
597 4466 716 4540 εύσεβῶν
746 4471 917 4546 χριστιανῶν,
950 4463 1106 4544 ἱερωμένων
1140 4463 1186 4524 καί
1216 4465 1322 4525 λαῖκῶν

29 4587 109 4666 πόσης
140 4589 189 4651 καὶ
221 4589 351 4662 παντοίας
377 4587 483 4663 τόξεῶς
505 4611 535 4650 τε
565 4587 612 4649 καί
633 4593 842 4666 καταστάσεως,
867 4587 1046 4665 εὐγνωμόνως
1072 4585 1119 4646 καὶ
1146 4587 1323 4668 ἀγογγύστως

29 4711 68 4769 καί
91 4714 153 4788 μετ’
179 4713 286 4792 ἀγαθῆς
312 4707 360 4772 καί
382 4713 537 4788 συμπαθοῦς
558 4714 744 4791 προαιρέσεως
766 4711 877 4790 παρέχη
903 4707 950 4768 καὶ
974 4706 1041 4787 διδῷ
1070 4708 1256 4784 ἐλεημοσύνην
1285 4707 1324 4780 είς

1068 4808 1117 4860 21*
