<?xml version="1.0" encoding="UTF-8"?>
<!DOCTYPE html PUBLIC "-//W3C//DTD XHTML 1.0 Transitional//EN"
    "http://www.w3.org/TR/xhtml1/DTD/xhtml1-transitional.dtd">
<html xmlns="http://www.w3.org/1999/xhtml" xml:lang="en" lang="en">
 <head>
  <title>
</title>
<meta http-equiv="Content-Type" content="text/html;charset=utf-8" />
  <meta name='ocr-system' content='tesseract 3.04.00' />
  <meta name='ocr-capabilities' content='ocr_page ocr_carea ocr_par ocr_line ocrx_word'/>
</head>
<body>
  <div class='ocr_page' id='page_1' title='image "./actaetdiplomata02miklgoog_0323.png"; bbox 0 0 3162 5278; ppageno 0'>
   <div class='ocr_carea' id='block_1_1' title="bbox 243 342 307 408">
    <p class='ocr_par' dir='ltr' id='par_1_1' title="bbox 243 342 307 408">
     <span class='ocr_line' id='line_1_1' title="bbox 243 342 307 408; baseline -0.031 0"><span class='ocrx_word' id='word_1_1' title='bbox 243 342 307 408; x_wconf 88' lang='lat'>308</span> 
     </span>
    </p>
   </div>
   <div class='ocr_carea' id='block_1_2' title="bbox 241 534 1534 2439">
    <p class='ocr_par' dir='ltr' id='par_1_2' title="bbox 241 534 1534 2439">
     <span class='ocr_line' id='line_1_2' title="bbox 243 534 1533 619; baseline -0.003 -23"><span class='ocrx_word' id='word_1_2' title='bbox 243 535 389 619; x_wconf 75' lang='grc' dir='ltr'>ἀσφαλείᾳ,</span> <span class='ocrx_word' id='word_1_3' title='bbox 413 537 506 596; x_wconf 84' lang='grc' dir='ltr'>τούτου</span> <span class='ocrx_word' id='word_1_4' title='bbox 528 538 607 614; x_wconf 82' lang='grc' dir='ltr'>χάριν</span> <span class='ocrx_word' id='word_1_5' title='bbox 630 536 647 608; x_wconf 75' lang='grc' dir='ltr'><strong>ἡ</strong></span> <span class='ocrx_word' id='word_1_6' title='bbox 672 537 814 615; x_wconf 76' lang='grc' dir='ltr'>μετριότης</span> <span class='ocrx_word' id='word_1_7' title='bbox 837 538 915 610; x_wconf 76' lang='grc' dir='ltr'>ἡμῶν</span> <span class='ocrx_word' id='word_1_8' title='bbox 939 537 986 610; x_wconf 78' lang='grc' dir='ltr'>τὴν</span> <span class='ocrx_word' id='word_1_9' title='bbox 1011 535 1113 612; x_wconf 81' lang='grc' dir='ltr'>αἴτησιν</span> <span class='ocrx_word' id='word_1_10' title='bbox 1137 539 1223 596; x_wconf 88' lang='grc' dir='ltr'>αῦτῶν</span> <span class='ocrx_word' id='word_1_11' title='bbox 1247 535 1285 610; x_wconf 82' lang='grc' dir='ltr'>μὴ</span> <span class='ocrx_word' id='word_1_12' title='bbox 1308 534 1467 616; x_wconf 86' lang='grc' dir='ltr'>παριδοῦσα,</span> <span class='ocrx_word' id='word_1_13' title='bbox 1491 537 1533 593; x_wconf 80' lang='grc' dir='ltr'>ότε</span> 
     </span>
     <span class='ocr_line' id='line_1_3' title="bbox 244 655 1534 736; baseline -0.002 -19"><span class='ocrx_word' id='word_1_14' title='bbox 244 657 351 718; x_wconf 88' lang='grc' dir='ltr'>δικαίαν</span> <span class='ocrx_word' id='word_1_15' title='bbox 382 655 462 716; x_wconf 81' lang='grc' dir='ltr'>οὖσαν</span> <span class='ocrx_word' id='word_1_16' title='bbox 492 655 539 715; x_wconf 85' lang='grc' dir='ltr'>καὶ</span> <span class='ocrx_word' id='word_1_17' title='bbox 569 655 695 736; x_wconf 77' lang='grc' dir='ltr'>εὔλογον,</span> <span class='ocrx_word' id='word_1_18' title='bbox 727 656 793 716; x_wconf 85' lang='grc' dir='ltr'>ἀλλ’</span> <span class='ocrx_word' id='word_1_19' title='bbox 822 659 861 729; x_wconf 84' lang='grc' dir='ltr'>ὡς</span> <span class='ocrx_word' id='word_1_20' title='bbox 892 657 1039 728; x_wconf 87' lang='grc' dir='ltr'>ἐπικλινείς</span> <span class='ocrx_word' id='word_1_21' title='bbox 1069 656 1183 734; x_wconf 81' lang='grc' dir='ltr'>ἴσχουσα</span> <span class='ocrx_word' id='word_1_22' title='bbox 1212 657 1260 727; x_wconf 82' lang='grc' dir='ltr'>τὰς</span> <span class='ocrx_word' id='word_1_23' title='bbox 1289 657 1376 728; x_wconf 80' lang='grc' dir='ltr'>ἀκοὰς</span> <span class='ocrx_word' id='word_1_24' title='bbox 1410 655 1455 715; x_wconf 86' lang='grc' dir='ltr'>ἀεὶ</span> <span class='ocrx_word' id='word_1_25' title='bbox 1483 659 1534 726; x_wconf 80' lang='grc' dir='ltr'>τοῖς</span> 
     </span>
     <span class='ocr_line' id='line_1_4' title="bbox 242 775 1533 858; baseline -0.005 -19"><span class='ocrx_word' id='word_1_26' title='bbox 242 779 398 858; x_wconf 79' lang='grc' dir='ltr'>φιλαρέτοις</span> <span class='ocrx_word' id='word_1_27' title='bbox 421 778 511 857; x_wconf 77' lang='grc' dir='ltr'>ἔργοις</span> <span class='ocrx_word' id='word_1_28' title='bbox 534 776 579 836; x_wconf 89' lang='grc' dir='ltr'>καὶ</span> <span class='ocrx_word' id='word_1_29' title='bbox 603 777 756 855; x_wconf 83' lang='grc' dir='ltr'>θεοριλέσιν</span> <span class='ocrx_word' id='word_1_30' title='bbox 781 778 972 856; x_wconf 79' lang='grc' dir='ltr'>ἐπιχειρήμασι</span> <span class='ocrx_word' id='word_1_31' title='bbox 997 777 1043 838; x_wconf 84' lang='grc' dir='ltr'>καὶ</span> <span class='ocrx_word' id='word_1_32' title='bbox 1066 783 1099 858; x_wconf 80' lang='grc' dir='ltr'>τῇ</span> <span class='ocrx_word' id='word_1_33' title='bbox 1122 781 1247 838; x_wconf 76' lang='grc' dir='ltr'>συστάσει</span> <span class='ocrx_word' id='word_1_34' title='bbox 1273 775 1321 836; x_wconf 80' lang='grc' dir='ltr'>καὶ</span> <span class='ocrx_word' id='word_1_35' title='bbox 1344 778 1463 838; x_wconf 80' lang='grc' dir='ltr'>ἐπιδόσει</span> <span class='ocrx_word' id='word_1_36' title='bbox 1485 783 1533 835; x_wconf 85' lang='grc' dir='ltr'>τῶν</span> 
     </span>
     <span class='ocr_line' id='line_1_5' title="bbox 243 896 1532 980; baseline -0.003 -20"><span class='ocrx_word' id='word_1_37' title='bbox 243 899 322 980; x_wconf 78' lang='grc' dir='ltr'>ἰερῶν</span> <span class='ocrx_word' id='word_1_38' title='bbox 346 902 531 974; x_wconf 75' lang='grc' dir='ltr'>σκηνωμάτων</span> <span class='ocrx_word' id='word_1_39' title='bbox 554 899 633 969; x_wconf 81' lang='grc' dir='ltr'>ὅλαις</span> <span class='ocrx_word' id='word_1_40' title='bbox 655 901 838 978; x_wconf 88' lang='grc' dir='ltr'>προσκειμένη</span> <span class='ocrx_word' id='word_1_41' title='bbox 863 901 1020 979; x_wconf 80' lang='grc' dir='ltr'>προθέσεσιν</span> <span class='ocrx_word' id='word_1_42' title='bbox 1044 899 1170 972; x_wconf 87' lang='grc' dir='ltr'>ἀσμένως</span> <span class='ocrx_word' id='word_1_43' title='bbox 1197 896 1391 974; x_wconf 79' lang='grc' dir='ltr'>ἀποδεξαμένη</span> <span class='ocrx_word' id='word_1_44' title='bbox 1415 899 1485 957; x_wconf 80' lang='grc' dir='ltr'>κατά</span> <span class='ocrx_word' id='word_1_45' title='bbox 1506 901 1532 957; x_wconf 77' lang='grc' dir='ltr'>τό</span> 
     </span>
     <span class='ocr_line' id='line_1_6' title="bbox 244 1018 1532 1101; baseline -0.005 -19"><span class='ocrx_word' id='word_1_46' title='bbox 244 1022 402 1101; x_wconf 75' lang='grc' dir='ltr'>ἐπικρατοῦν</span> <span class='ocrx_word' id='word_1_47' title='bbox 432 1022 494 1092; x_wconf 85' lang='grc' dir='ltr'>ἔθος</span> <span class='ocrx_word' id='word_1_48' title='bbox 523 1019 561 1100; x_wconf 80' lang='grc' dir='ltr'>τῷ</span> <span class='ocrx_word' id='word_1_49' title='bbox 591 1021 652 1080; x_wconf 87' lang='grc' dir='ltr'>καθ’</span> <span class='ocrx_word' id='word_1_50' title='bbox 680 1023 754 1096; x_wconf 80' lang='grc' dir='ltr'>ἡμᾶς</span> <span class='ocrx_word' id='word_1_51' title='bbox 785 1019 968 1098; x_wconf 81' lang='grc' dir='ltr'>ἀπσστσλικῷ,</span> <span class='ocrx_word' id='word_1_52' title='bbox 998 1019 1188 1100; x_wconf 80' lang='grc' dir='ltr'>πατριαρχικῷ</span> <span class='ocrx_word' id='word_1_53' title='bbox 1217 1041 1247 1080; x_wconf 91' lang='grc' dir='ltr'>τε</span> <span class='ocrx_word' id='word_1_54' title='bbox 1280 1019 1327 1080; x_wconf 85' lang='grc' dir='ltr'>καὶ</span> <span class='ocrx_word' id='word_1_55' title='bbox 1359 1018 1532 1096; x_wconf 65' lang='grc' dir='ltr'>σίκσυμενικιξι</span> 
     </span>
     <span class='ocr_line' id='line_1_7' title="bbox 242 1139 1531 1222; baseline -0.002 -20"><span class='ocrx_word' id='word_1_56' title='bbox 242 1144 329 1222; x_wconf 81' lang='grc' dir='ltr'>θρόνῳ</span> <span class='ocrx_word' id='word_1_57' title='bbox 351 1145 448 1222; x_wconf 82' lang='grc' dir='ltr'>γράρει</span> <span class='ocrx_word' id='word_1_58' title='bbox 474 1139 521 1201; x_wconf 86' lang='grc' dir='ltr'>καὶ</span> <span class='ocrx_word' id='word_1_59' title='bbox 543 1141 690 1212; x_wconf 88' lang='grc' dir='ltr'>συνοδικῶς</span> <span class='ocrx_word' id='word_1_60' title='bbox 712 1141 887 1219; x_wconf 75' lang='grc' dir='ltr'>ἀποφαίνεται</span> <span class='ocrx_word' id='word_1_61' title='bbox 918 1143 987 1216; x_wconf 84' lang='grc' dir='ltr'>μετά</span> <span class='ocrx_word' id='word_1_62' title='bbox 1009 1147 1062 1200; x_wconf 92' lang='grc' dir='ltr'>τῶν</span> <span class='ocrx_word' id='word_1_63' title='bbox 1081 1140 1142 1221; x_wconf 78' lang='grc' dir='ltr'>περὶ</span> <span class='ocrx_word' id='word_1_64' title='bbox 1165 1142 1246 1215; x_wconf 72' lang='grc' dir='ltr'>αὐτὴν</span> <span class='ocrx_word' id='word_1_65' title='bbox 1267 1139 1419 1222; x_wconf 86' lang='grc' dir='ltr'>ίερωτάτων</span> <span class='ocrx_word' id='word_1_66' title='bbox 1441 1142 1531 1218; x_wconf 87' lang='grc' dir='ltr'>ἀρχιε-</span> 
     </span>
     <span class='ocr_line' id='line_1_8' title="bbox 243 1261 1531 1344; baseline -0.002 -20"><span class='ocrx_word' id='word_1_67' title='bbox 243 1266 312 1344; x_wconf 92' lang='grc' dir='ltr'>ρέων</span> <span class='ocrx_word' id='word_1_68' title='bbox 338 1261 385 1324; x_wconf 85' lang='grc' dir='ltr'>καὶ</span> <span class='ocrx_word' id='word_1_69' title='bbox 412 1263 572 1342; x_wconf 87' lang='grc' dir='ltr'>ῦπερτίμων,</span> <span class='ocrx_word' id='word_1_70' title='bbox 595 1269 648 1322; x_wconf 93' lang='grc' dir='ltr'>τῶν</span> <span class='ocrx_word' id='word_1_71' title='bbox 673 1263 701 1322; x_wconf 87' lang='grc' dir='ltr'>ἐν</span> <span class='ocrx_word' id='word_1_72' title='bbox 725 1263 795 1342; x_wconf 85' lang='grc' dir='ltr'>άγίῳ</span> <span class='ocrx_word' id='word_1_73' title='bbox 818 1264 949 1338; x_wconf 84' lang='grc' dir='ltr'>πνεόματι</span> <span class='ocrx_word' id='word_1_74' title='bbox 973 1264 1120 1342; x_wconf 82' lang='grc' dir='ltr'>ἀγαπητῶν</span> <span class='ocrx_word' id='word_1_75' title='bbox 1145 1265 1227 1338; x_wconf 72' lang='grc' dir='ltr'>αὐτῆς</span> <span class='ocrx_word' id='word_1_76' title='bbox 1250 1262 1378 1340; x_wconf 79' lang='grc' dir='ltr'>ἀδελρῶν</span> <span class='ocrx_word' id='word_1_77' title='bbox 1401 1261 1448 1322; x_wconf 84' lang='grc' dir='ltr'>καὶ</span> <span class='ocrx_word' id='word_1_78' title='bbox 1470 1265 1531 1322; x_wconf 77' lang='grc' dir='ltr'>συλ-</span> 
     </span>
     <span class='ocr_line' id='line_1_9' title="bbox 242 1381 1532 1466; baseline -0.003 -20"><span class='ocrx_word' id='word_1_79' title='bbox 242 1387 419 1466; x_wconf 87' lang='grc' dir='ltr'>λειτουργῶν,</span> <span class='ocrx_word' id='word_1_80' title='bbox 454 1385 498 1444; x_wconf 84' lang='grc' dir='ltr'>ἵνα</span> <span class='ocrx_word' id='word_1_81' title='bbox 527 1381 615 1444; x_wconf 83' lang='grc' dir='ltr'>πάντα</span> <span class='ocrx_word' id='word_1_82' title='bbox 645 1385 695 1459; x_wconf 86' lang='grc' dir='ltr'>μὲν</span> <span class='ocrx_word' id='word_1_83' title='bbox 729 1383 763 1444; x_wconf 87' lang='grc' dir='ltr'>τά</span> <span class='ocrx_word' id='word_1_84' title='bbox 793 1385 853 1465; x_wconf 85' lang='grc' dir='ltr'>ἱερὰ</span> <span class='ocrx_word' id='word_1_85' title='bbox 888 1387 1012 1465; x_wconf 80' lang='grc' dir='ltr'>ἔγγραρα</span> <span class='ocrx_word' id='word_1_86' title='bbox 1046 1387 1227 1460; x_wconf 74' lang='grc' dir='ltr'>ὑπομνήματα</span> <span class='ocrx_word' id='word_1_87' title='bbox 1260 1391 1309 1462; x_wconf 80' lang='grc' dir='ltr'>τῆς</span> <span class='ocrx_word' id='word_1_88' title='bbox 1344 1383 1532 1464; x_wconf 76' lang='grc' dir='ltr'>διαληφθείσης</span> 
     </span>
     <span class='ocr_line' id='line_1_10' title="bbox 242 1503 1532 1588; baseline -0.003 -20"><span class='ocrx_word' id='word_1_89' title='bbox 242 1503 394 1584; x_wconf 85' lang='grc' dir='ltr'>σεβασμίας</span> <span class='ocrx_word' id='word_1_90' title='bbox 417 1513 517 1584; x_wconf 85' lang='grc' dir='ltr'>μονῆς,</span> <span class='ocrx_word' id='word_1_91' title='bbox 546 1508 598 1565; x_wconf 89' lang='grc' dir='ltr'>όσα</span> <span class='ocrx_word' id='word_1_92' title='bbox 621 1506 730 1582; x_wconf 87' lang='grc' dir='ltr'>δηλαδὴ</span> <span class='ocrx_word' id='word_1_93' title='bbox 760 1507 793 1566; x_wconf 89' lang='grc' dir='ltr'>ἐκ</span> <span class='ocrx_word' id='word_1_94' title='bbox 819 1511 864 1566; x_wconf 89' lang='grc' dir='ltr'>τοῦ</span> <span class='ocrx_word' id='word_1_95' title='bbox 890 1509 978 1567; x_wconf 91' lang='grc' dir='ltr'>πάλαι</span> <span class='ocrx_word' id='word_1_96' title='bbox 1006 1507 1119 1586; x_wconf 86' lang='grc' dir='ltr'>ἀρχαίου</span> <span class='ocrx_word' id='word_1_97' title='bbox 1146 1510 1328 1586; x_wconf 76' lang='grc' dir='ltr'>προσεγένετο</span> <span class='ocrx_word' id='word_1_98' title='bbox 1355 1509 1438 1588; x_wconf 79' lang='grc' dir='ltr'>ταότη</span> <span class='ocrx_word' id='word_1_99' title='bbox 1465 1507 1532 1584; x_wconf 65' lang='grc' dir='ltr'>παρὰ</span> 
     </span>
     <span class='ocr_line' id='line_1_11' title="bbox 241 1627 1531 1709; baseline -0.003 -20"><span class='ocrx_word' id='word_1_100' title='bbox 241 1636 294 1690; x_wconf 89' lang='grc' dir='ltr'>τῶν</span> <span class='ocrx_word' id='word_1_101' title='bbox 318 1629 437 1704; x_wconf 88' lang='grc' dir='ltr'>εῦσεβῶν</span> <span class='ocrx_word' id='word_1_102' title='bbox 461 1628 598 1702; x_wconf 86' lang='grc' dir='ltr'>βασιλέων</span> <span class='ocrx_word' id='word_1_103' title='bbox 621 1629 738 1708; x_wconf 82' lang='grc' dir='ltr'>λαμπρὰ</span> <span class='ocrx_word' id='word_1_104' title='bbox 760 1629 954 1709; x_wconf 88' lang='grc' dir='ltr'>χρυσόβουλλα</span> <span class='ocrx_word' id='word_1_105' title='bbox 976 1627 1024 1690; x_wconf 83' lang='grc' dir='ltr'>καὶ</span> <span class='ocrx_word' id='word_1_106' title='bbox 1045 1629 1119 1708; x_wconf 76' lang='grc' dir='ltr'>παρὰ</span> <span class='ocrx_word' id='word_1_107' title='bbox 1138 1635 1191 1688; x_wconf 90' lang='grc' dir='ltr'>τῶν</span> <span class='ocrx_word' id='word_1_108' title='bbox 1212 1628 1343 1704; x_wconf 74' lang='grc' dir='ltr'>ἀοιδίμων</span> <span class='ocrx_word' id='word_1_109' title='bbox 1362 1635 1531 1708; x_wconf 84' lang='grc' dir='ltr'>πατριαρχῶν</span> 
     </span>
     <span class='ocr_line' id='line_1_12' title="bbox 242 1747 1531 1831; baseline -0.002 -20"><span class='ocrx_word' id='word_1_110' title='bbox 242 1751 327 1812; x_wconf 89' lang='grc' dir='ltr'>σεπτά</span> <span class='ocrx_word' id='word_1_111' title='bbox 356 1749 480 1828; x_wconf 82' lang='grc' dir='ltr'>σιγιλλια</span> <span class='ocrx_word' id='word_1_112' title='bbox 508 1751 543 1810; x_wconf 84' lang='grc' dir='ltr'>τὰ</span> <span class='ocrx_word' id='word_1_113' title='bbox 572 1752 633 1810; x_wconf 83' lang='grc' dir='ltr'>κατ’</span> <span class='ocrx_word' id='word_1_114' title='bbox 661 1751 743 1824; x_wconf 71' lang='grc' dir='ltr'>αὐτὴν</span> <span class='ocrx_word' id='word_1_115' title='bbox 773 1751 945 1831; x_wconf 78' lang='grc' dir='ltr'>δισριζόμενα</span> <span class='ocrx_word' id='word_1_116' title='bbox 975 1751 1109 1830; x_wconf 87' lang='grc' dir='ltr'>προνόμια</span> <span class='ocrx_word' id='word_1_117' title='bbox 1138 1751 1221 1828; x_wconf 84' lang='grc' dir='ltr'>ἔχωσι</span> <span class='ocrx_word' id='word_1_118' title='bbox 1250 1751 1281 1809; x_wconf 83' lang='grc' dir='ltr'>τό</span> <span class='ocrx_word' id='word_1_119' title='bbox 1308 1753 1390 1830; x_wconf 89' lang='grc' dir='ltr'>κῦρος</span> <span class='ocrx_word' id='word_1_120' title='bbox 1417 1747 1463 1809; x_wconf 80' lang='grc' dir='ltr'>καί</span> <span class='ocrx_word' id='word_1_121' title='bbox 1488 1750 1531 1822; x_wconf 70' lang='grc' dir='ltr'>τἠν</span> 
     </span>
     <span class='ocr_line' id='line_1_13' title="bbox 241 1869 1531 1952; baseline -0.005 -20"><span class='ocrx_word' id='word_1_122' title='bbox 241 1871 317 1951; x_wconf 80' lang='grc' dir='ltr'>ίσχῦν</span> <span class='ocrx_word' id='word_1_123' title='bbox 341 1871 503 1947; x_wconf 81' lang='grc' dir='ltr'>διαμένοντα</span> <span class='ocrx_word' id='word_1_124' title='bbox 525 1873 712 1952; x_wconf 90' lang='grc' dir='ltr'>κρατυνόμενα</span> <span class='ocrx_word' id='word_1_125' title='bbox 738 1870 785 1931; x_wconf 83' lang='grc' dir='ltr'>καί</span> <span class='ocrx_word' id='word_1_126' title='bbox 813 1873 992 1952; x_wconf 76' lang='grc' dir='ltr'>στηριζόμενα</span> <span class='ocrx_word' id='word_1_127' title='bbox 1020 1872 1064 1932; x_wconf 88' lang='grc' dir='ltr'>διά</span> <span class='ocrx_word' id='word_1_128' title='bbox 1087 1873 1201 1949; x_wconf 90' lang='grc' dir='ltr'>παντός,</span> <span class='ocrx_word' id='word_1_129' title='bbox 1229 1871 1417 1947; x_wconf 88' lang='grc' dir='ltr'>ἀμετακίνητά</span> <span class='ocrx_word' id='word_1_130' title='bbox 1439 1891 1468 1930; x_wconf 89' lang='grc' dir='ltr'>τε</span> <span class='ocrx_word' id='word_1_131' title='bbox 1489 1869 1531 1928; x_wconf 80' lang='grc' dir='ltr'>καὶ</span> 
     </span>
     <span class='ocr_line' id='line_1_14' title="bbox 241 1988 1531 2074; baseline -0.002 -22"><span class='ocrx_word' id='word_1_132' title='bbox 241 1993 454 2073; x_wconf 88' lang='grc' dir='ltr'>ἀπαρασάλευτα</span> <span class='ocrx_word' id='word_1_133' title='bbox 476 1993 523 2053; x_wconf 89' lang='grc' dir='ltr'>καὶ</span> <span class='ocrx_word' id='word_1_134' title='bbox 546 1993 711 2068; x_wconf 79' lang='grc' dir='ltr'>ἀμετάθετα,</span> <span class='ocrx_word' id='word_1_135' title='bbox 735 1996 789 2065; x_wconf 82' lang='grc' dir='ltr'>ἕως</span> <span class='ocrx_word' id='word_1_136' title='bbox 810 1988 840 2052; x_wconf 77' lang='grc' dir='ltr'>οὗ</span> <span class='ocrx_word' id='word_1_137' title='bbox 860 1995 875 2052; x_wconf 88' lang='grc' dir='ltr'>ό</span> <span class='ocrx_word' id='word_1_138' title='bbox 897 1994 977 2069; x_wconf 79' lang='grc' dir='ltr'>ἥλιος</span> <span class='ocrx_word' id='word_1_139' title='bbox 999 1991 1043 2052; x_wconf 83' lang='grc' dir='ltr'>ἐπὶ</span> <span class='ocrx_word' id='word_1_140' title='bbox 1065 1998 1118 2072; x_wconf 83' lang='grc' dir='ltr'>γῆς</span> <span class='ocrx_word' id='word_1_141' title='bbox 1142 1993 1236 2074; x_wconf 84' lang='grc' dir='ltr'>έρορᾷ,</span> <span class='ocrx_word' id='word_1_142' title='bbox 1259 1994 1277 2066; x_wconf 84' lang='grc' dir='ltr'>ἡ</span> <span class='ocrx_word' id='word_1_143' title='bbox 1302 1993 1333 2052; x_wconf 88' lang='grc' dir='ltr'>δέ</span> <span class='ocrx_word' id='word_1_144' title='bbox 1357 1991 1531 2071; x_wconf 81' lang='grc' dir='ltr'>διαληρθεῖοα</span> 
     </span>
     <span class='ocr_line' id='line_1_15' title="bbox 242 2113 1529 2197; baseline -0.002 -23"><span class='ocrx_word' id='word_1_145' title='bbox 242 2115 302 2197; x_wconf 88' lang='grc' dir='ltr'>ίερά</span> <span class='ocrx_word' id='word_1_146' title='bbox 328 2114 375 2175; x_wconf 91' lang='grc' dir='ltr'>καὶ</span> <span class='ocrx_word' id='word_1_147' title='bbox 398 2116 534 2191; x_wconf 86' lang='grc' dir='ltr'>σεβασμία</span> <span class='ocrx_word' id='word_1_148' title='bbox 556 2117 625 2190; x_wconf 82' lang='grc' dir='ltr'>μονὴ</span> <span class='ocrx_word' id='word_1_149' title='bbox 650 2120 696 2175; x_wconf 92' lang='grc' dir='ltr'>τοῦ</span> <span class='ocrx_word' id='word_1_150' title='bbox 719 2115 807 2194; x_wconf 89' lang='grc' dir='ltr'>ἀγίσυ,</span> <span class='ocrx_word' id='word_1_151' title='bbox 837 2113 949 2188; x_wconf 76' lang='grc' dir='ltr'>ἐνδόξου</span> <span class='ocrx_word' id='word_1_152' title='bbox 971 2115 1017 2174; x_wconf 81' lang='grc' dir='ltr'>καί</span> <span class='ocrx_word' id='word_1_153' title='bbox 1040 2119 1216 2194; x_wconf 78' lang='grc' dir='ltr'>πανευρήμου</span> <span class='ocrx_word' id='word_1_154' title='bbox 1245 2115 1398 2175; x_wconf 81' lang='grc' dir='ltr'>ἀποστόλου</span> <span class='ocrx_word' id='word_1_155' title='bbox 1421 2113 1465 2174; x_wconf 80' lang='grc' dir='ltr'>καί</span> <span class='ocrx_word' id='word_1_156' title='bbox 1488 2115 1529 2172; x_wconf 79' lang='grc' dir='ltr'>εῦ-</span> 
     </span>
     <span class='ocr_line' id='line_1_16' title="bbox 242 2234 1530 2316; baseline -0.003 -19"><span class='ocrx_word' id='word_1_157' title='bbox 242 2239 406 2316; x_wconf 74' lang='grc' dir='ltr'>στγγελιστοῦ</span> <span class='ocrx_word' id='word_1_158' title='bbox 434 2238 561 2296; x_wconf 83' lang='grc' dir='ltr'>Ἰωάννου</span> <span class='ocrx_word' id='word_1_159' title='bbox 590 2241 636 2296; x_wconf 87' lang='grc' dir='ltr'>τοῦ</span> <span class='ocrx_word' id='word_1_160' title='bbox 664 2237 808 2316; x_wconf 86' lang='grc' dir='ltr'>Θεολόγου</span> <span class='ocrx_word' id='word_1_161' title='bbox 838 2234 909 2298; x_wconf 86' lang='grc' dir='ltr'>κατὰ</span> <span class='ocrx_word' id='word_1_162' title='bbox 935 2237 983 2312; x_wconf 76' lang='grc' dir='ltr'>τὴν</span> <span class='ocrx_word' id='word_1_163' title='bbox 1011 2243 1093 2314; x_wconf 82' lang='grc' dir='ltr'>νῆσον</span> <span class='ocrx_word' id='word_1_164' title='bbox 1117 2238 1229 2312; x_wconf 86' lang='grc' dir='ltr'>Ιίάτμον</span> <span class='ocrx_word' id='word_1_165' title='bbox 1253 2237 1323 2311; x_wconf 87' lang='grc' dir='ltr'>μετὰ</span> <span class='ocrx_word' id='word_1_166' title='bbox 1350 2239 1456 2296; x_wconf 89' lang='grc' dir='ltr'>πάντων</span> <span class='ocrx_word' id='word_1_167' title='bbox 1481 2241 1530 2294; x_wconf 88' lang='grc' dir='ltr'>τῶν</span> 
     </span>
     <span class='ocr_line' id='line_1_17' title="bbox 241 2356 1530 2439; baseline -0.006 -19"><span class='ocrx_word' id='word_1_168' title='bbox 241 2362 387 2436; x_wconf 79' lang='grc' dir='ltr'>κτημάτων</span> <span class='ocrx_word' id='word_1_169' title='bbox 410 2359 457 2418; x_wconf 83' lang='grc' dir='ltr'>καὶ</span> <span class='ocrx_word' id='word_1_170' title='bbox 480 2359 674 2437; x_wconf 79' lang='grc' dir='ltr'>ἀριερωμάτων</span> <span class='ocrx_word' id='word_1_171' title='bbox 698 2361 794 2438; x_wconf 73' lang='grc' dir='ltr'>αὐτῆς,</span> <span class='ocrx_word' id='word_1_172' title='bbox 817 2365 933 2433; x_wconf 80' lang='grc' dir='ltr'>κινητῶν</span> <span class='ocrx_word' id='word_1_173' title='bbox 949 2379 979 2418; x_wconf 93' lang='grc' dir='ltr'>τε</span> <span class='ocrx_word' id='word_1_174' title='bbox 1001 2359 1047 2419; x_wconf 85' lang='grc' dir='ltr'>καὶ</span> <span class='ocrx_word' id='word_1_175' title='bbox 1072 2356 1216 2436; x_wconf 77' lang='grc' dir='ltr'>ἀκινήτων,</span> <span class='ocrx_word' id='word_1_176' title='bbox 1239 2364 1293 2418; x_wconf 92' lang='grc' dir='ltr'>τῶν</span> <span class='ocrx_word' id='word_1_177' title='bbox 1315 2362 1362 2417; x_wconf 92' lang='grc' dir='ltr'>νῦν</span> <span class='ocrx_word' id='word_1_178' title='bbox 1385 2359 1530 2439; x_wconf 85' lang='grc' dir='ltr'>προσόντων</span> 
     </span>
    </p>
   </div>
   <div class='ocr_carea' id='block_1_3' title="bbox 240 2478 1530 2558">
    <p class='ocr_par' dir='ltr' id='par_1_3' title="bbox 240 2478 1530 2558">
     <span class='ocr_line' id='line_1_18' title="bbox 240 2478 1530 2558; baseline -0.002 -18"><span class='ocrx_word' id='word_1_179' title='bbox 240 2480 287 2540; x_wconf 85' lang='grc' dir='ltr'>καὶ</span> <span class='ocrx_word' id='word_1_180' title='bbox 317 2487 371 2540; x_wconf 88' lang='grc' dir='ltr'>τῶν</span> <span class='ocrx_word' id='word_1_181' title='bbox 398 2481 544 2555; x_wconf 89' lang='grc' dir='ltr'>μετέπειτα</span> <span class='ocrx_word' id='word_1_182' title='bbox 572 2480 616 2537; x_wconf 84' lang='grc' dir='ltr'>σῦν</span> <span class='ocrx_word' id='word_1_183' title='bbox 643 2479 698 2557; x_wconf 79' lang='grc' dir='ltr'>θεῷ</span> <span class='ocrx_word' id='word_1_184' title='bbox 725 2480 972 2558; x_wconf 85' lang='grc' dir='ltr'>ἑπιγενησσμένων,</span> <span class='ocrx_word' id='word_1_185' title='bbox 1002 2478 1048 2538; x_wconf 90' lang='grc' dir='ltr'>καὶ</span> <span class='ocrx_word' id='word_1_186' title='bbox 1074 2485 1181 2540; x_wconf 87' lang='grc' dir='ltr'>πάντων</span> <span class='ocrx_word' id='word_1_187' title='bbox 1207 2487 1261 2539; x_wconf 91' lang='grc' dir='ltr'>τῶν</span> <span class='ocrx_word' id='word_1_188' title='bbox 1290 2479 1427 2558; x_wconf 90' lang='grc' dir='ltr'>μετοχίων</span> <span class='ocrx_word' id='word_1_189' title='bbox 1455 2480 1530 2554; x_wconf 76' lang='grc' dir='ltr'>αὐτῆς</span> 
     </span>
    </p>
   </div>
   <div class='ocr_carea' id='block_1_4' title="bbox 241 2597 1530 2684">
    <p class='ocr_par' dir='ltr' id='par_1_4' title="bbox 241 2597 1530 2684">
     <span class='ocr_line' id='line_1_19' title="bbox 241 2597 1530 2684; baseline -0.002 -24"><span class='ocrx_word' id='word_1_190' title='bbox 241 2601 350 2684; x_wconf 83' lang='grc' dir='ltr'>ὑπάρχῃ</span> <span class='ocrx_word' id='word_1_191' title='bbox 380 2601 418 2672; x_wconf 81' lang='grc' dir='ltr'>ὡς</span> <span class='ocrx_word' id='word_1_192' title='bbox 449 2601 580 2660; x_wconf 90' lang='grc' dir='ltr'>ἀνέκαθεν</span> <span class='ocrx_word' id='word_1_193' title='bbox 611 2597 658 2660; x_wconf 86' lang='grc' dir='ltr'>καὶ</span> <span class='ocrx_word' id='word_1_194' title='bbox 684 2599 798 2678; x_wconf 91' lang='grc' dir='ltr'>λέγεται</span> <span class='ocrx_word' id='word_1_195' title='bbox 828 2598 875 2659; x_wconf 90' lang='grc' dir='ltr'>καὶ</span> <span class='ocrx_word' id='word_1_196' title='bbox 901 2601 976 2679; x_wconf 86' lang='grc' dir='ltr'>παρὰ</span> <span class='ocrx_word' id='word_1_197' title='bbox 1005 2603 1113 2660; x_wconf 91' lang='grc' dir='ltr'>πάντων</span> <span class='ocrx_word' id='word_1_198' title='bbox 1139 2604 1303 2678; x_wconf 83' lang='grc' dir='ltr'>γινώσκεται</span> <span class='ocrx_word' id='word_1_199' title='bbox 1330 2601 1459 2676; x_wconf 85' lang='grc' dir='ltr'>βασιλικὴ</span> <span class='ocrx_word' id='word_1_200' title='bbox 1488 2600 1530 2658; x_wconf 81' lang='grc' dir='ltr'>καί</span> 
     </span>
    </p>
   </div>
   <div class='ocr_carea' id='block_1_5' title="bbox 239 2719 1568 4626">
    <p class='ocr_par' dir='ltr' id='par_1_5' title="bbox 239 2719 1568 4626">
     <span class='ocr_line' id='line_1_20' title="bbox 239 2719 1528 2803; baseline 0.001 -21"><span class='ocrx_word' id='word_1_201' title='bbox 239 2723 421 2803; x_wconf 82' lang='grc' dir='ltr'>πατριαρχικὴ</span> <span class='ocrx_word' id='word_1_202' title='bbox 444 2719 490 2782; x_wconf 85' lang='grc' dir='ltr'>καὶ</span> <span class='ocrx_word' id='word_1_203' title='bbox 513 2722 732 2800; x_wconf 86' lang='grc' dir='ltr'>σταυροπηγιακὴ</span> <span class='ocrx_word' id='word_1_204' title='bbox 755 2723 841 2797; x_wconf 89' lang='grc' dir='ltr'>πάντη</span> <span class='ocrx_word' id='word_1_205' title='bbox 866 2721 1011 2800; x_wconf 83' lang='grc' dir='ltr'>ἐλευθέρα,</span> <span class='ocrx_word' id='word_1_206' title='bbox 1035 2723 1184 2796; x_wconf 86' lang='grc' dir='ltr'>αῦτόνομός</span> <span class='ocrx_word' id='word_1_207' title='bbox 1204 2743 1234 2781; x_wconf 91' lang='grc' dir='ltr'>τε</span> <span class='ocrx_word' id='word_1_208' title='bbox 1260 2720 1308 2782; x_wconf 87' lang='grc' dir='ltr'>καὶ</span> <span class='ocrx_word' id='word_1_209' title='bbox 1331 2722 1528 2791; x_wconf 74' lang='grc' dir='ltr'>οιῦτοδέσπστος.</span> 
     </span>
     <span class='ocr_line' id='line_1_21' title="bbox 240 2841 1528 2922; baseline -0.003 -18"><span class='ocrx_word' id='word_1_210' title='bbox 240 2845 398 2916; x_wconf 85' lang='grc' dir='ltr'>ἀδοῦλωτός</span> <span class='ocrx_word' id='word_1_211' title='bbox 416 2863 446 2905; x_wconf 93' lang='grc' dir='ltr'>τε</span> <span class='ocrx_word' id='word_1_212' title='bbox 469 2841 515 2904; x_wconf 81' lang='grc' dir='ltr'>καὶ</span> <span class='ocrx_word' id='word_1_213' title='bbox 538 2844 746 2919; x_wconf 83' lang='grc' dir='ltr'>ἀκαταπάτητος</span> <span class='ocrx_word' id='word_1_214' title='bbox 768 2842 815 2902; x_wconf 89' lang='grc' dir='ltr'>καὶ</span> <span class='ocrx_word' id='word_1_215' title='bbox 839 2843 976 2922; x_wconf 84' lang='grc' dir='ltr'>ἀσῦδοτος,</span> <span class='ocrx_word' id='word_1_216' title='bbox 1001 2843 1187 2921; x_wconf 87' lang='grc' dir='ltr'>ἀνενόχλητός</span> <span class='ocrx_word' id='word_1_217' title='bbox 1208 2865 1239 2903; x_wconf 93' lang='grc' dir='ltr'>τε</span> <span class='ocrx_word' id='word_1_218' title='bbox 1262 2842 1309 2903; x_wconf 83' lang='grc' dir='ltr'>καὶ</span> <span class='ocrx_word' id='word_1_219' title='bbox 1332 2845 1408 2916; x_wconf 87' lang='grc' dir='ltr'>όλως</span> <span class='ocrx_word' id='word_1_220' title='bbox 1431 2844 1528 2902; x_wconf 80' lang='grc' dir='ltr'>ἀκατα-</span> 
     </span>
     <span class='ocr_line' id='line_1_22' title="bbox 240 2965 1526 3046; baseline -0.004 -19"><span class='ocrx_word' id='word_1_221' title='bbox 240 2969 355 3044; x_wconf 83' lang='grc' dir='ltr'>ζὴτητσς</span> <span class='ocrx_word' id='word_1_222' title='bbox 381 2965 455 3046; x_wconf 78' lang='grc' dir='ltr'>παρὰ</span> <span class='ocrx_word' id='word_1_223' title='bbox 481 2967 582 3037; x_wconf 81' lang='grc' dir='ltr'>παντός</span> <span class='ocrx_word' id='word_1_224' title='bbox 604 2967 748 3045; x_wconf 77' lang='grc' dir='ltr'>προσάνπου</span> <span class='ocrx_word' id='word_1_225' title='bbox 771 2965 999 3040; x_wconf 88' lang='grc' dir='ltr'>έκκλησιαστικοῦ</span> <span class='ocrx_word' id='word_1_226' title='bbox 1022 2965 1068 3024; x_wconf 85' lang='grc' dir='ltr'>καὶ</span> <span class='ocrx_word' id='word_1_227' title='bbox 1091 2966 1188 3026; x_wconf 88' lang='grc' dir='ltr'>λαϊκοῦ</span> <span class='ocrx_word' id='word_1_228' title='bbox 1212 2966 1299 3042; x_wconf 86' lang='grc' dir='ltr'>μηδὲν</span> <span class='ocrx_word' id='word_1_229' title='bbox 1323 2965 1422 3043; x_wconf 83' lang='grc' dir='ltr'>μηδενὶ</span> <span class='ocrx_word' id='word_1_230' title='bbox 1442 2987 1526 3043; x_wconf 80' lang='grc' dir='ltr'>χρειο-</span> 
     </span>
     <span class='ocr_line' id='line_1_23' title="bbox 241 3085 1527 3168; baseline -0.004 -20"><span class='ocrx_word' id='word_1_231' title='bbox 241 3091 338 3148; x_wconf 87' lang='grc' dir='ltr'>στοῦσα</span> <span class='ocrx_word' id='word_1_232' title='bbox 372 3089 513 3166; x_wconf 88' lang='grc' dir='ltr'>παρέχειν,</span> <span class='ocrx_word' id='word_1_233' title='bbox 549 3085 572 3146; x_wconf 87' lang='grc' dir='ltr'>εἰ</span> <span class='ocrx_word' id='word_1_234' title='bbox 607 3087 645 3162; x_wconf 84' lang='grc' dir='ltr'>μὴ</span> <span class='ocrx_word' id='word_1_235' title='bbox 681 3089 763 3162; x_wconf 89' lang='grc' dir='ltr'>μόνον</span> <span class='ocrx_word' id='word_1_236' title='bbox 796 3089 827 3146; x_wconf 82' lang='grc' dir='ltr'>τό</span> <span class='ocrx_word' id='word_1_237' title='bbox 858 3088 1040 3167; x_wconf 74' lang='grc' dir='ltr'>ἐπικρατῆσαν</span> <span class='ocrx_word' id='word_1_238' title='bbox 1076 3087 1188 3161; x_wconf 88' lang='grc' dir='ltr'>έτησίως</span> <span class='ocrx_word' id='word_1_239' title='bbox 1223 3097 1257 3168; x_wconf 73' lang='grc' dir='ltr'>τῇ</span> <span class='ocrx_word' id='word_1_240' title='bbox 1290 3088 1354 3148; x_wconf 85' lang='grc' dir='ltr'>καθ’</span> <span class='ocrx_word' id='word_1_241' title='bbox 1384 3091 1458 3162; x_wconf 72' lang='grc' dir='ltr'>ἡμᾶς</span> <span class='ocrx_word' id='word_1_242' title='bbox 1489 3093 1527 3145; x_wconf 77' lang='grc' dir='ltr'>τεῦ</span> 
     </span>
     <span class='ocr_line' id='line_1_24' title="bbox 240 3207 1527 3291; baseline -0.002 -23"><span class='ocrx_word' id='word_1_243' title='bbox 240 3211 355 3290; x_wconf 88' lang='grc' dir='ltr'>Χριστοῦ</span> <span class='ocrx_word' id='word_1_244' title='bbox 381 3209 495 3290; x_wconf 86' lang='grc' dir='ltr'>μεγάλῃ</span> <span class='ocrx_word' id='word_1_245' title='bbox 524 3208 668 3288; x_wconf 85' lang='grc' dir='ltr'>ἐκκλησίᾳ,</span> <span class='ocrx_word' id='word_1_246' title='bbox 701 3207 725 3266; x_wconf 91' lang='grc' dir='ltr'>οί</span> <span class='ocrx_word' id='word_1_247' title='bbox 756 3208 787 3268; x_wconf 84' lang='grc' dir='ltr'>δέ</span> <span class='ocrx_word' id='word_1_248' title='bbox 814 3211 1023 3284; x_wconf 84' lang='grc' dir='ltr'>συνασκοίιμενοι</span> <span class='ocrx_word' id='word_1_249' title='bbox 1051 3209 1080 3267; x_wconf 88' lang='grc' dir='ltr'>ἐν</span> <span class='ocrx_word' id='word_1_250' title='bbox 1107 3209 1174 3291; x_wconf 79' lang='grc' dir='ltr'>αῦτῇ</span> <span class='ocrx_word' id='word_1_251' title='bbox 1201 3211 1319 3291; x_wconf 90' lang='grc' dir='ltr'>πατέρες</span> <span class='ocrx_word' id='word_1_252' title='bbox 1347 3211 1527 3285; x_wconf 79' lang='grc' dir='ltr'>μνημονεῦωσι</span> 
     </span>
     <span class='ocr_line' id='line_1_25' title="bbox 239 3329 1525 3411; baseline -0.002 -20"><span class='ocrx_word' id='word_1_253' title='bbox 239 3336 285 3391; x_wconf 88' lang='grc' dir='ltr'>τοῦ</span> <span class='ocrx_word' id='word_1_254' title='bbox 307 3334 503 3409; x_wconf 90' lang='grc' dir='ltr'>πατριαρχικοῦ</span> <span class='ocrx_word' id='word_1_255' title='bbox 526 3329 659 3404; x_wconf 81' lang='grc' dir='ltr'>ὀνόματος</span> <span class='ocrx_word' id='word_1_256' title='bbox 683 3331 711 3388; x_wconf 84' lang='grc' dir='ltr'>ἐν</span> <span class='ocrx_word' id='word_1_257' title='bbox 733 3333 832 3400; x_wconf 86' lang='grc' dir='ltr'>πάσαις</span> <span class='ocrx_word' id='word_1_258' title='bbox 855 3335 914 3402; x_wconf 88' lang='grc' dir='ltr'>ταῖς</span> <span class='ocrx_word' id='word_1_259' title='bbox 936 3331 1023 3411; x_wconf 85' lang='grc' dir='ltr'>ἱεραῖς</span> <span class='ocrx_word' id='word_1_260' title='bbox 1049 3329 1176 3402; x_wconf 84' lang='grc' dir='ltr'>τελεταῖς</span> <span class='ocrx_word' id='word_1_261' title='bbox 1202 3330 1248 3390; x_wconf 86' lang='grc' dir='ltr'>καὶ</span> <span class='ocrx_word' id='word_1_262' title='bbox 1276 3329 1408 3408; x_wconf 83' lang='grc' dir='ltr'>διάγωσιν</span> <span class='ocrx_word' id='word_1_263' title='bbox 1436 3329 1525 3408; x_wconf 82' lang='grc' dir='ltr'>εἰρηνι-</span> 
     </span>
     <span class='ocr_line' id='line_1_26' title="bbox 239 3449 1526 3532; baseline -0.004 -21"><span class='ocrx_word' id='word_1_264' title='bbox 239 3457 310 3528; x_wconf 85' lang='grc' dir='ltr'>κῶς,</span> <span class='ocrx_word' id='word_1_265' title='bbox 337 3456 446 3528; x_wconf 88' lang='grc' dir='ltr'>σεμνῶς</span> <span class='ocrx_word' id='word_1_266' title='bbox 472 3471 503 3510; x_wconf 90' lang='grc' dir='ltr'>τε</span> <span class='ocrx_word' id='word_1_267' title='bbox 529 3449 576 3510; x_wconf 84' lang='grc' dir='ltr'>καὶ</span> <span class='ocrx_word' id='word_1_268' title='bbox 602 3451 733 3530; x_wconf 89' lang='grc' dir='ltr'>κοσμίως,</span> <span class='ocrx_word' id='word_1_269' title='bbox 766 3451 944 3530; x_wconf 72' lang='grc' dir='ltr'>φυλάττοντες</span> <span class='ocrx_word' id='word_1_270' title='bbox 969 3454 1037 3532; x_wconf 83' lang='grc' dir='ltr'>πρός</span> <span class='ocrx_word' id='word_1_271' title='bbox 1063 3453 1109 3512; x_wconf 84' lang='grc' dir='ltr'>τόν</span> <span class='ocrx_word' id='word_1_272' title='bbox 1136 3451 1344 3529; x_wconf 77' lang='grc' dir='ltr'>καθηγούμενον</span> <span class='ocrx_word' id='word_1_273' title='bbox 1372 3455 1459 3512; x_wconf 72' lang='grc' dir='ltr'>σι’κτῶν</span> <span class='ocrx_word' id='word_1_274' title='bbox 1487 3452 1526 3524; x_wconf 83' lang='grc' dir='ltr'>τὴν</span> 
     </span>
     <span class='ocr_line' id='line_1_27' title="bbox 241 3571 1526 3654; baseline 0.001 -23"><span class='ocrx_word' id='word_1_275' title='bbox 241 3571 422 3652; x_wconf 81' lang='grc' dir='ltr'>όρειλομένην</span> <span class='ocrx_word' id='word_1_276' title='bbox 456 3573 593 3650; x_wconf 79' lang='grc' dir='ltr'>ὑποταγὴν</span> <span class='ocrx_word' id='word_1_277' title='bbox 627 3572 674 3633; x_wconf 84' lang='grc' dir='ltr'>καὶ</span> <span class='ocrx_word' id='word_1_278' title='bbox 710 3571 869 3652; x_wconf 78' lang='grc' dir='ltr'>εῦπείθειαν,</span> <span class='ocrx_word' id='word_1_279' title='bbox 904 3575 970 3654; x_wconf 81' lang='grc' dir='ltr'>ὅπερ</span> <span class='ocrx_word' id='word_1_280' title='bbox 1005 3573 1186 3653; x_wconf 89' lang='grc' dir='ltr'>ἀπαραίτητον</span> <span class='ocrx_word' id='word_1_281' title='bbox 1220 3575 1306 3653; x_wconf 89' lang='grc' dir='ltr'>χρέος</span> <span class='ocrx_word' id='word_1_282' title='bbox 1339 3578 1470 3652; x_wconf 85' lang='grc' dir='ltr'>τυγχάνει</span> <span class='ocrx_word' id='word_1_283' title='bbox 1501 3576 1526 3650; x_wconf 73' lang='grc' dir='ltr'>τῇ</span> 
     </span>
     <span class='ocr_line' id='line_1_28' title="bbox 241 3693 1526 3777; baseline -0.002 -25"><span class='ocrx_word' id='word_1_284' title='bbox 241 3700 389 3777; x_wconf 80' lang='grc' dir='ltr'>μονσιστικῇ</span> <span class='ocrx_word' id='word_1_285' title='bbox 412 3697 575 3756; x_wconf 88' lang='grc' dir='ltr'>καταστάσει</span> <span class='ocrx_word' id='word_1_286' title='bbox 597 3696 668 3755; x_wconf 84' lang='grc' dir='ltr'>κατὰ</span> <span class='ocrx_word' id='word_1_287' title='bbox 690 3695 752 3766; x_wconf 82' lang='grc' dir='ltr'>τοῦς</span> <span class='ocrx_word' id='word_1_288' title='bbox 773 3696 935 3775; x_wconf 85' lang='grc' dir='ltr'>πατερικοῦς</span> <span class='ocrx_word' id='word_1_289' title='bbox 962 3695 1009 3754; x_wconf 87' lang='grc' dir='ltr'>καί</span> <span class='ocrx_word' id='word_1_290' title='bbox 1031 3696 1188 3766; x_wconf 86' lang='grc' dir='ltr'>κανονικοῦς</span> <span class='ocrx_word' id='word_1_291' title='bbox 1211 3697 1290 3775; x_wconf 78' lang='grc' dir='ltr'>ὅρους</span> <span class='ocrx_word' id='word_1_292' title='bbox 1317 3694 1364 3755; x_wconf 89' lang='grc' dir='ltr'>καὶ</span> <span class='ocrx_word' id='word_1_293' title='bbox 1386 3697 1490 3765; x_wconf 86' lang='grc' dir='ltr'>τόπους.</span> <span class='ocrx_word' id='word_1_294' title='bbox 1517 3693 1526 3750; x_wconf 81' lang='grc' dir='ltr'>ό</span> 
     </span>
     <span class='ocr_line' id='line_1_29' title="bbox 241 3814 1568 3898; baseline -0.002 -24"><span class='ocrx_word' id='word_1_295' title='bbox 241 3814 273 3874; x_wconf 87' lang='grc' dir='ltr'>δὲ</span> <span class='ocrx_word' id='word_1_296' title='bbox 301 3817 508 3896; x_wconf 86' lang='grc' dir='ltr'>καθηγούμενος</span> <span class='ocrx_word' id='word_1_297' title='bbox 541 3823 591 3892; x_wconf 82' lang='grc' dir='ltr'>τῆς</span> <span class='ocrx_word' id='word_1_298' title='bbox 621 3821 707 3892; x_wconf 87' lang='grc' dir='ltr'>μονῆς</span> <span class='ocrx_word' id='word_1_299' title='bbox 738 3817 791 3898; x_wconf 84' lang='grc' dir='ltr'>ἐχη</span> <span class='ocrx_word' id='word_1_300' title='bbox 821 3817 855 3876; x_wconf 88' lang='grc' dir='ltr'>τδι</span> <span class='ocrx_word' id='word_1_301' title='bbox 884 3815 915 3889; x_wconf 78' lang='grc' dir='ltr'>ἐξ</span> <span class='ocrx_word' id='word_1_302' title='bbox 946 3817 1035 3896; x_wconf 77' lang='grc' dir='ltr'>ἀρχῆς</span> <span class='ocrx_word' id='word_1_303' title='bbox 1064 3817 1271 3892; x_wconf 87' lang='grc' dir='ltr'>ἀπονεμηθέντα</span> <span class='ocrx_word' id='word_1_304' title='bbox 1302 3818 1375 3897; x_wconf 78' lang='grc' dir='ltr'>αῦτῷ</span> <span class='ocrx_word' id='word_1_305' title='bbox 1406 3819 1527 3898; x_wconf 76' lang='grc' dir='ltr'>προκόμια</span> <span class='ocrx_word' id='word_1_306' title='bbox 1567 3827 1568 3887; x_wconf 63' lang='grc' dir='ltr'>γ</span> 
     </span>
     <span class='ocr_line' id='line_1_30' title="bbox 239 3936 1526 4018; baseline 0 -22"><span class='ocrx_word' id='word_1_307' title='bbox 239 3937 349 4017; x_wconf 78' lang='grc' dir='ltr'>καθαρὰ</span> <span class='ocrx_word' id='word_1_308' title='bbox 375 3936 422 3998; x_wconf 90' lang='grc' dir='ltr'>καὶ</span> <span class='ocrx_word' id='word_1_309' title='bbox 445 3937 599 4018; x_wconf 84' lang='grc' dir='ltr'>ἀδοῦλωτα,</span> <span class='ocrx_word' id='word_1_310' title='bbox 628 3938 747 4014; x_wconf 85' lang='grc' dir='ltr'>μηδενός</span> <span class='ocrx_word' id='word_1_311' title='bbox 768 3957 834 3997; x_wconf 89' lang='grc' dir='ltr'>ποτε</span> <span class='ocrx_word' id='word_1_312' title='bbox 862 3937 1047 4014; x_wconf 83' lang='grc' dir='ltr'>τολμήσοντος</span> <span class='ocrx_word' id='word_1_313' title='bbox 1073 3939 1253 4018; x_wconf 84' lang='grc' dir='ltr'>παραβιάζειν</span> <span class='ocrx_word' id='word_1_314' title='bbox 1284 3939 1364 4000; x_wconf 78' lang='grc' dir='ltr'>αυτόν</span> <span class='ocrx_word' id='word_1_315' title='bbox 1394 3939 1526 4008; x_wconf 79' lang='grc' dir='ltr'>ἔσωθενί,</span> 
     </span>
     <span class='ocr_line' id='line_1_31' title="bbox 242 4055 1567 4141; baseline 0 -24"><span class='ocrx_word' id='word_1_316' title='bbox 242 4055 344 4132; x_wconf 80' lang='grc' dir='ltr'>ἔξωθεν</span> <span class='ocrx_word' id='word_1_317' title='bbox 366 4063 412 4120; x_wconf 88' lang='grc' dir='ltr'>τοῦ</span> <span class='ocrx_word' id='word_1_318' title='bbox 436 4059 613 4139; x_wconf 86' lang='grc' dir='ltr'>μοναστηρίου</span> <span class='ocrx_word' id='word_1_319' title='bbox 636 4059 683 4119; x_wconf 87' lang='grc' dir='ltr'>καὶ</span> <span class='ocrx_word' id='word_1_320' title='bbox 707 4057 745 4131; x_wconf 88' lang='grc' dir='ltr'>είς</span> <span class='ocrx_word' id='word_1_321' title='bbox 769 4058 897 4120; x_wconf 88' lang='grc' dir='ltr'>δουλείαν</span> <span class='ocrx_word' id='word_1_322' title='bbox 921 4061 1013 4120; x_wconf 81' lang='grc' dir='ltr'>ἕλκειν</span> <span class='ocrx_word' id='word_1_323' title='bbox 1037 4062 1125 4141; x_wconf 90' lang='grc' dir='ltr'>αῦτόν,</span> <span class='ocrx_word' id='word_1_324' title='bbox 1151 4061 1228 4120; x_wconf 91' lang='grc' dir='ltr'>ἀλλά</span> <span class='ocrx_word' id='word_1_325' title='bbox 1250 4059 1297 4121; x_wconf 85' lang='grc' dir='ltr'>καί</span> <span class='ocrx_word' id='word_1_326' title='bbox 1319 4062 1338 4135; x_wconf 80' lang='grc' dir='ltr'>ἡ</span> <span class='ocrx_word' id='word_1_327' title='bbox 1362 4061 1469 4140; x_wconf 69' lang='grc' dir='ltr'>ἐκλογὴ</span> <span class='ocrx_word' id='word_1_328' title='bbox 1489 4057 1526 4118; x_wconf 78' lang='grc' dir='ltr'>καὶ</span> <span class='ocrx_word' id='word_1_329' title='bbox 1566 4105 1567 4118; x_wconf 66' lang='grc'>,</span> 
     </span>
     <span class='ocr_line' id='line_1_32' title="bbox 240 4181 1525 4264; baseline -0.002 -25"><span class='ocrx_word' id='word_1_330' title='bbox 240 4183 404 4251; x_wconf 88' lang='grc' dir='ltr'>κατάστασις</span> <span class='ocrx_word' id='word_1_331' title='bbox 433 4185 479 4241; x_wconf 91' lang='grc' dir='ltr'>τοῦ</span> <span class='ocrx_word' id='word_1_332' title='bbox 505 4183 659 4259; x_wconf 77' lang='grc' dir='ltr'>ἡγουμένου</span> <span class='ocrx_word' id='word_1_333' title='bbox 689 4183 760 4240; x_wconf 80' lang='grc' dir='ltr'>κατὰ</span> <span class='ocrx_word' id='word_1_334' title='bbox 791 4181 900 4262; x_wconf 85' lang='grc' dir='ltr'>καιρσθς</span> <span class='ocrx_word' id='word_1_335' title='bbox 931 4183 968 4257; x_wconf 85' lang='grc' dir='ltr'>μὴ</span> <span class='ocrx_word' id='word_1_336' title='bbox 999 4182 1098 4254; x_wconf 84' lang='grc' dir='ltr'>άλλως</span> <span class='ocrx_word' id='word_1_337' title='bbox 1124 4185 1247 4264; x_wconf 88' lang='grc' dir='ltr'>γένηται,</span> <span class='ocrx_word' id='word_1_338' title='bbox 1278 4181 1302 4242; x_wconf 86' lang='grc' dir='ltr'>εἰ</span> <span class='ocrx_word' id='word_1_339' title='bbox 1329 4183 1368 4258; x_wconf 85' lang='grc' dir='ltr'>μὴ</span> <span class='ocrx_word' id='word_1_340' title='bbox 1396 4185 1467 4244; x_wconf 75' lang='grc' dir='ltr'>κατὰ</span> <span class='ocrx_word' id='word_1_341' title='bbox 1491 4183 1525 4240; x_wconf 80' lang='grc' dir='ltr'>τόν</span> 
     </span>
     <span class='ocr_line' id='line_1_33' title="bbox 240 4303 1566 4384; baseline 0.002 -24"><span class='ocrx_word' id='word_1_342' title='bbox 240 4303 321 4361; x_wconf 83' lang='grc' dir='ltr'>τόπον</span> <span class='ocrx_word' id='word_1_343' title='bbox 349 4307 395 4362; x_wconf 88' lang='grc' dir='ltr'>τοῦ</span> <span class='ocrx_word' id='word_1_344' title='bbox 424 4305 569 4382; x_wconf 78' lang='grc' dir='ltr'>κτήτορος,</span> <span class='ocrx_word' id='word_1_345' title='bbox 605 4304 682 4378; x_wconf 90' lang='grc' dir='ltr'>μόνοι</span> <span class='ocrx_word' id='word_1_346' title='bbox 709 4303 819 4378; x_wconf 83' lang='grc' dir='ltr'>δηλαδὴ</span> <span class='ocrx_word' id='word_1_347' title='bbox 848 4303 873 4363; x_wconf 87' lang='grc' dir='ltr'>σί</span> <span class='ocrx_word' id='word_1_348' title='bbox 900 4305 1017 4384; x_wconf 88' lang='grc' dir='ltr'>πατέρες</span> <span class='ocrx_word' id='word_1_349' title='bbox 1043 4310 1140 4364; x_wconf 89' lang='grc' dir='ltr'>ποιῶσι</span> <span class='ocrx_word' id='word_1_350' title='bbox 1166 4305 1214 4379; x_wconf 74' lang='grc' dir='ltr'>την</span> <span class='ocrx_word' id='word_1_351' title='bbox 1244 4305 1367 4383; x_wconf 79' lang='grc' dir='ltr'>ἐκλογὴν</span> <span class='ocrx_word' id='word_1_352' title='bbox 1398 4305 1430 4365; x_wconf 87' lang='grc' dir='ltr'>ἐκ</span> <span class='ocrx_word' id='word_1_353' title='bbox 1456 4305 1525 4380; x_wconf 75' lang='grc' dir='ltr'>μέσον</span> <span class='ocrx_word' id='word_1_354' title='bbox 1565 4365 1566 4380; x_wconf 66' lang='grc'>,</span> 
     </span>
     <span class='ocr_line' id='line_1_34' title="bbox 243 4420 1524 4504; baseline -0.002 -22"><span class='ocrx_word' id='word_1_355' title='bbox 243 4421 329 4482; x_wconf 77' lang='grc' dir='ltr'>αὒτῶν</span> <span class='ocrx_word' id='word_1_356' title='bbox 361 4420 408 4482; x_wconf 82' lang='grc' dir='ltr'>καί</span> <span class='ocrx_word' id='word_1_357' title='bbox 439 4425 600 4484; x_wconf 89' lang='grc' dir='ltr'>καθιστῶσιν</span> <span class='ocrx_word' id='word_1_358' title='bbox 630 4425 792 4504; x_wconf 77' lang='grc' dir='ltr'>ἡγούμενον,</span> <span class='ocrx_word' id='word_1_359' title='bbox 827 4425 857 4482; x_wconf 84' lang='grc' dir='ltr'>όν</span> <span class='ocrx_word' id='word_1_360' title='bbox 890 4427 922 4482; x_wconf 80' lang='grc' dir='ltr'>ἀν</span> <span class='ocrx_word' id='word_1_361' title='bbox 953 4425 1063 4504; x_wconf 74' lang='grc' dir='ltr'>εὕρωσιν</span> <span class='ocrx_word' id='word_1_362' title='bbox 1095 4422 1180 4504; x_wconf 82' lang='grc' dir='ltr'>ἀξιον,</span> <span class='ocrx_word' id='word_1_363' title='bbox 1212 4427 1364 4504; x_wconf 86' lang='grc' dir='ltr'>ἀπέχοντες</span> <span class='ocrx_word' id='word_1_364' title='bbox 1398 4427 1424 4486; x_wconf 85' lang='grc' dir='ltr'>οί</span> <span class='ocrx_word' id='word_1_365' title='bbox 1455 4425 1524 4484; x_wconf 83' lang='grc' dir='ltr'>άλλοι</span> 
     </span>
     <span class='ocr_line' id='line_1_35' title="bbox 242 4545 1523 4626; baseline 0.003 -24"><span class='ocrx_word' id='word_1_366' title='bbox 242 4545 350 4622; x_wconf 76' lang='grc' dir='ltr'>μακρὰν</span> <span class='ocrx_word' id='word_1_367' title='bbox 376 4550 426 4618; x_wconf 75' lang='grc' dir='ltr'>τῆς</span> <span class='ocrx_word' id='word_1_368' title='bbox 452 4546 577 4618; x_wconf 86' lang='grc' dir='ltr'>τοιαῦτης</span> <span class='ocrx_word' id='word_1_369' title='bbox 601 4546 767 4622; x_wconf 85' lang='grc' dir='ltr'>ὑποθέσεως,</span> <span class='ocrx_word' id='word_1_370' title='bbox 795 4545 879 4622; x_wconf 80' lang='grc' dir='ltr'>ἤγουν</span> <span class='ocrx_word' id='word_1_371' title='bbox 906 4552 956 4620; x_wconf 70' lang='grc' dir='ltr'>τῆς</span> <span class='ocrx_word' id='word_1_372' title='bbox 982 4546 1105 4624; x_wconf 77' lang='grc' dir='ltr'>ἐκλογῆς</span> <span class='ocrx_word' id='word_1_373' title='bbox 1131 4551 1178 4607; x_wconf 87' lang='grc' dir='ltr'>τοῦ</span> <span class='ocrx_word' id='word_1_374' title='bbox 1204 4549 1368 4626; x_wconf 82' lang='grc' dir='ltr'>ἡγουμένου,</span> <span class='ocrx_word' id='word_1_375' title='bbox 1396 4547 1443 4606; x_wconf 89' lang='grc' dir='ltr'>καὶ</span> <span class='ocrx_word' id='word_1_376' title='bbox 1469 4547 1523 4622; x_wconf 66' lang='grc' dir='ltr'>μήτε</span> 
     </span>
    </p>
   </div>
   <div class='ocr_carea' id='block_1_6' title="bbox 242 4661 1522 4748">
    <p class='ocr_par' dir='ltr' id='par_1_6' title="bbox 242 4661 1522 4748">
     <span class='ocr_line' id='line_1_36' title="bbox 242 4661 1522 4748; baseline 0.003 -28"><span class='ocrx_word' id='word_1_377' title='bbox 242 4662 334 4742; x_wconf 76' lang='grc' dir='ltr'>ἱερεῖς,</span> <span class='ocrx_word' id='word_1_378' title='bbox 358 4667 427 4738; x_wconf 77' lang='grc' dir='ltr'>μήτε</span> <span class='ocrx_word' id='word_1_379' title='bbox 449 4663 542 4724; x_wconf 82' lang='grc' dir='ltr'>λαϊκσί</span> <span class='ocrx_word' id='word_1_380' title='bbox 565 4664 590 4723; x_wconf 89' lang='grc' dir='ltr'>σί</span> <span class='ocrx_word' id='word_1_381' title='bbox 613 4661 667 4736; x_wconf 82' lang='grc' dir='ltr'>ἔξω</span> <span class='ocrx_word' id='word_1_382' title='bbox 689 4671 739 4742; x_wconf 82' lang='grc' dir='ltr'>τῆς</span> <span class='ocrx_word' id='word_1_383' title='bbox 760 4673 813 4726; x_wconf 90' lang='grc' dir='ltr'>τῶν</span> <span class='ocrx_word' id='word_1_384' title='bbox 836 4669 959 4746; x_wconf 79' lang='grc' dir='ltr'>πατέριον</span> <span class='ocrx_word' id='word_1_385' title='bbox 982 4669 1127 4743; x_wconf 91' lang='grc' dir='ltr'>συσκηνίας</span> <span class='ocrx_word' id='word_1_386' title='bbox 1148 4669 1246 4748; x_wconf 84' lang='grc' dir='ltr'>ἔχωσιν</span> <span class='ocrx_word' id='word_1_387' title='bbox 1267 4669 1364 4730; x_wconf 87' lang='grc' dir='ltr'>άόειαν</span> <span class='ocrx_word' id='word_1_388' title='bbox 1386 4669 1522 4745; x_wconf 73' lang='grc' dir='ltr'>ἐμβάλλειν</span> 
     </span>
    </p>
   </div>
   <div class='ocr_carea' id='block_1_7' title="bbox 0 0 1586 5278">
    <p class='ocr_par' dir='ltr' id='par_1_7' title="bbox 0 0 1586 5278">
     <span class='ocr_line' id='line_1_37' title="bbox 0 0 1586 5278; baseline 0 1"><span class='ocrx_word' id='word_1_389' title='bbox 0 0 1586 5278; x_wconf 95' lang='lat' dir='ltr'> </span> 
     </span>
    </p>
   </div>
  </div>
 </body>
</html>
