3184 5288
1305 288 1345 352 87

55 485 141 554 ἐπίδος
166 483 205 560 τῲ
237 479 294 543 ἀντί
324 485 391 557 ἐμοῦ
418 483 625 562 καταλειφθέντι
651 481 847 562 χαριστικαρίῳ
873 482 921 542 καί
949 483 1066 562 δεσπότῃ
1093 489 1138 542 τοῦ
1168 483 1346 561 μοναστηρίου

54 605 169 666 καὶτῶν
192 607 221 665 έν
245 605 319 683 αύτῷ
340 607 458 680 πάντων,
481 603 559 663 παιδί
581 625 632 678 μου
654 603 837 683 πνευματικῷ,
861 603 900 682 τῷ
922 608 967 664 τού
991 603 1153 685 Καστρισίου
1175 602 1249 684 κυρῷ
1272 603 1347 664 Θεο-

56 727 141 808 δοσίῳ,
158 727 234 806 είπερ
256 727 288 786 ού
310 726 404 799 βούλει
429 726 457 785 έν
481 731 514 804 τῇ
538 724 681 806 μελλούσῃ
703 725 789 804 κρίσει
811 723 859 784 καὶ
881 725 1060 785 ἀνταποδόσει
1081 723 1143 802 περὶ
1166 725 1264 784 τούτων
1280 725 1346 804 θρέ-

57 847 106 919 ξειν
135 849 247 927 λόγους.
277 846 337 908 ἐπεὶ
364 848 417 926 γὰρ
446 842 523 918 οὗτος
551 849 629 908 ένεκε
651 847 752 907 τούτων
785 845 918 924 εἰσελθεῖν
946 847 1048 922 μέλλει
1071 848 1101 906 ἑν
1122 853 1155 928 τῇ
1179 847 1266 906 Πόλει
1300 845 1347 906 καί

56 976 95 1030 τοῦ
123 971 336 1050 ἀποχαιρετῆσαι
364 971 426 1042 τούς
457 969 642 1047 αύταδέλρους
671 967 718 1028 καί
748 972 889 1048 συγγενεῖς
921 971 1014 1029 αύτοῖι·
1039 966 1086 1028 καί
1116 969 1170 1048 γάρ
1200 967 1234 1028 τά
1263 967 1347 1028 λοιπὰ
1396 943 1397 946 ¹

55 1096 133 1151 πάντα
159 1092 193 1152 τόι
219 1098 270 1166 τῆς
298 1098 384 1166 μονῆς
410 1091 601 1170 παρεδόθησαν
630 1091 717 1168 αύτῷ,
745 1092 783 1162 ὡς
811 1091 957 1168 βούλομαι,
986 1089 1032 1150 καί
1055 1090 1167 1167 ἐποίησέ
1190 1111 1235 1166 μοι
1258 1090 1345 1169 λόγον

56 1212 98 1272 καί
122 1215 270 1292 λογισμόν,
299 1213 356 1288 ἅμα
379 1213 417 1291 τῷ
439 1213 584 1272 κατελθεῖν
613 1212 665 1272 ἀπό
687 1218 741 1272 τῶν
764 1212 854 1272 αύτόθι
880 1216 988 1293 τούτου,
1016 1212 1186 1292 ἀποκαρῆναι
1208 1209 1256 1272 καί
1277 1207 1364 1272 ύττοέ

58 1341 151 1411 μνῆσαι
172 1333 234 1414 περὶ
256 1335 349 1394 τούτου
375 1336 421 1394 τόν
450 1335 527 1411 ἀγιον
554 1332 600 1394 καὶ
629 1334 757 1413 κραταιόν
784 1335 863 1408 ἡμῶν
892 1333 1009 1407 βασιλέα
1032 1331 1165 1412 περὶτῆς
1188 1339 1346 1410 μονῆςτής

58 1457 82 1515 ἐν
103 1462 135 1536 τῇ
156 1453 218 1534 Κῷ,
249 1453 288 1526 εἰς
318 1459 352 1530 ἣν
379 1455 474 1515 πολλὰ
507 1457 642 1524 κοπιάσας
670 1453 715 1514 καί
742 1459 796 1513 τῶν
822 1457 968 1528 κτημάτων
997 1455 1093 1534 αύτῖης,
1121 1452 1168 1513 καί
1195 1453 1240 1514 διά
1269 1459 1346 1515 τοῦτο

57 1577 197 1637 πσύδασον
224 1578 378 1652 ὑπομνῆσαι
405 1578 450 1636 τόν
477 1579 552 1655 κύριν
580 1575 768 1656 Ἀνδρόνικον,
795 1577 841 1635 πὀν
870 1575 1051 1656 πρεσβύτερον
1078 1581 1126 1650 τῖης
1157 1574 1237 1652 ἀγίας
1267 1555 1350 1650 ἡμῶν·

57 1698 209 1773 δεσποίνης·
238 1698 390 1778 ἐπιφέρεται
418 1697 471 1777 γάρ
497 1695 545 1756 καὶ
571 1697 678 1777 γραράς
704 1698 772 1776 πρός
801 1699 846 1756 τόν
870 1696 991 1771 βασιλέα
1016 1698 1095 1772 ἡμῶν
1122 1698 1168 1756 τόν
1195 1698 1272 1774 ἅγιον
1300 1696 1346 1756 καί

57 1818 99 1892 πἠν
122 1819 274 1879 δέσποιναν.
298 1817 345 1878 καί
372 1817 396 1878 εἰ
424 1818 518 1892 βούλει
547 1817 622 1896 ἔχειν
651 1818 699 1892 τὴν
728 1817 811 1895 εθχην
840 1838 901 1896 μου,
926 1815 1074 1877 σπούδασον
1096 1818 1186 1877 πάνια
1207 1819 1345 1898 γενέσθαι,

58 1938 99 1998 καί
124 1941 160 2016 μὴ
186 1939 306 2021 παρίδῃς
331 1939 380 2012 τὰς
415 1938 486 2014 ἑμάς
514 1939 629 2009 έντολάς
658 1937 705 1999 καί
735 1941 917 2018 παραινέσεις.
947 1938 993 1998 σύν
1019 1939 1122 2010 τούτοις
1147 1945 1213 1998 πᾶσι
1239 1937 1286 1998 καί
1312 1938 1347 1998 τά

59 2062 145 2135 βιβλία
169 2063 268 2141 πάντα,
293 2062 362 2140 άπερ
390 2055 577 2140 άτιεχαρίσατό
606 2081 652 2134 μοι
675 2060 690 2118 ό
713 2061 865 2138 ἀγιώτατος
891 2058 938 2119 καὶ
966 2057 1153 2135 οἰκουμενικδς
1175 2062 1346 2140 πατριάρχης

59 2187 125 2262 κῦρις
150 2183 292 2254 Νικόλαος
318 2180 366 2265 (ζῇ
389 2181 479 2260 κύριος
502 2159 518 2238 δ
540 2183 613 2262 θεός,
635 2182 676 2240 ότι
698 2182 729 2240 ού
751 2177 912 2262 ψεύδομαι),
940 2181 1095 2259 κατέλειψα
1121 2178 1162 2254 εἰς
1188 2182 1237 2256 τἠν
1265 2181 1346 2257 οἰιτὴν

60 2307 146 2378 μονήν.
174 2303 221 2364 καὶ
250 2303 366 2363 εἴποτε
393 2303 509 2384 πειραθῇ
537 2302 591 2361 ἀπό
617 2306 663 2362 τοῦ
691 2300 790 2362 οἰκείου
813 2301 994 2382 μονασπηρίου
1021 2307 1067 2362 τού
1089 2303 1193 2362 Στύλου
1215 2305 1233 2378 ἢ
1256 2299 1347 2363 άλλσυ

60 2425 242 2505 μοιιαστηρίου,
272 2428 318 2484 τοῦ
349 2423 436 2498 μηδὲν
464 2424 592 2502 μετέχειν
620 2424 653 2482 ἐκ
681 2431 726 2484 τοῦ
749 2423 873 2502 Λάτρσυς
901 2423 1035 2499 ἐπιζητεῖν
1062 2444 1086 2484 τι
1114 2424 1147 2484 ἐκ
1172 2430 1226 2484 τῶν
1253 2423 1371 2504 δωρη-,

60 2547 149 2606 θέντων
171 2567 218 2621 μοι
240 2545 315 2625 παρά
337 2549 382 2604 τού
411 2546 562 2623 ἀγιωτάτου
589 2547 757 2626 πατριάρχου
785 2545 910 2624 βιβλίων,
933 2546 1038 2622 ἵναμὴ
1063 2543 1245 2626 εἰσακούηται,
1268 2547 1346 2606 ἀλλά

60 2665 164 2742 κοίτην
187 2667 255 2746 ἀράν
277 2671 331 2726 τῶν
353 2665 406 2743 τιη’
430 2666 515 2746 ἀγίων
541 2668 666 2746 πατέρων
695 2667 838 2726 ἐπισπᾶται
866 2665 912 2726 καί
939 2667 987 2740 τὴν
1010 2667 1079 2742 ἐμὴν
1101 2672 1147 2728 τοῦ
1170 2667 1345 2748 ἁμαρτωλοί.

62 2787 112 2846 ἐπεὶ
138 2789 207 2862 μετὰ
235 2789 282 2848 δύο
310 2786 357 2848 καὶ
383 2790 455 2868 τρεῖς
484 2788 630 2859 ἀντιθέσεις
661 2789 756 2848 ἔπεισα
783 2790 828 2848 τόν
856 2789 989 2864 δεσπότην
1020 2789 1190 2866 άντιστρέψαι
1219 2791 1287 2868 πρός
1316 2791 1346 2848 τό

61 2909 156 2988 ιίάτρος
181 2913 255 2989 τρεῖς
283 2909 379 2990 μοίρας
408 2915 461 2968 τῶν
492 2907 607 2984 βιβλίων
637 2908 684 2969 καί
713 2909 903 2990 παρεδόθησαν
936 2909 1057 2991 αύτάτῇ
1085 2910 1151 2991 ἀγίᾳ
1177 2911 1272 2989 Σσρίᾳ,
1300 2915 1346 2970 τοῦ

61 3031 191 3104 ρυλάττειν
222 3033 322 3106 ταύτην
352 3033 382 3090 τό
413 3032 497 3111 μέρος
523 3037 572 3107 τῆς
602 3037 688 3106 μονῆς
720 3036 765 3092 τοῦ
791 3031 925 3112 Λάτρους,
948 3031 996 3108 την
1024 3031 1056 3091 δὲ
1082 3033 1211 3110 τετάρτην
1238 3030 1346 3110 μερίδα,

63 3149 88 3208 ἐκ
117 3159 170 3211 τῶν
204 3152 243 3228 μὴ
279 3153 398 3230 ἐχόντων
431 3155 533 3228 κόσμον
568 3151 697 3233 βιβλίων,
731 3151 921 3232 παρεδόθησαν
957 3151 1017 3228 ἐμοί
1047 3153 1080 3212 ἐκ
1108 3157 1266 3232 προσταγῆς
1300 3157 1346 3211 τοῦ

63 3271 200 3350 ίγιωτάτου
223 3277 405 3356 πατριάρχου,
434 3272 479 3334 καί
507 3275 623 3351 γέγονεν
648 3273 691 3334 ἐπὶ
714 3272 825 3334 συνόδου
848 3275 877 3333 ἐν
900 3273 937 3354 τῷ
961 3274 1080 3354 μεγάλῳ
1102 3275 1223 3353 σεκρέτῳ
1246 3273 1344 3348 σημεί-

62 3413 115 3468 ωμα
139 3394 185 3455 καί
212 3396 359 3471 ὑπόμνημα
386 3393 447 3474 περί
475 3401 526 3454 τῶν
554 3395 680 3455 τοιούτων
708 3395 838 3470 βιβλίων·
866 3393 913 3456 καί
935 3395 989 3474 γὰρ
1018 3396 1088 3470 μετὰ
1114 3391 1152 3454 σθ’
1171 3393 1346 3472 αἰχμαλωτι-

64 3516 145 3590 σθῇνκι
167 3519 197 3576 τό
222 3517 411 3576 Μελανούδιον
442 3515 489 3576 καί
512 3515 778 3592 ἀποσκυβαλισθῆναι
801 3518 831 3576 τό
855 3517 1005 3596 βεσπιάριον
1027 3521 1074 3577 τού
1096 3517 1232 3596 Λάτρσυς,
1255 3519 1346 3596 ὥσπερ

64 3635 89 3710 δὴ
110 3636 153 3697 καί
174 3643 228 3697 τῶν
251 3638 357 3697 λοιπῶν
385 3637 583 3718 μοναστηρίων,
605 3637 680 3715 παρά
706 3643 760 3696 τῶν
788 3633 876 3696 ἀθέων
904 3639 1043 3718 Τούρκων,
1072 3637 1222 3698 ἀπέστειλα
1247 3638 1345 3698 πλοῖον

63 3759 121 3826 μετὰ
142 3759 222 3838 λαοῦ,
245 3759 385 3840 κρατησας
408 3760 453 3818 τόν
476 3757 619 3833 οἰκονόμον
642 3761 688 3818 τόν
710 3760 863 3836 κατέχοντα
885 3763 977 3839 ταῦτα,
1002 3759 1097 3840 έρερον
1119 3763 1211 3819 τοῦτον
1235 3757 1275 3831 είς
1297 3761 1345 3835 τὴν

64 3877 105 3956 Κῷ
128 3880 195 3954 μετὰ
216 3886 271 3939 τῶν
295 3879 421 3957 βιβλίων,
449 3878 496 3940 καί
524 3881 594 3954 μετὰ
620 3884 697 3940 τοῦτο
721 3879 867 3958 εἰσήνεγκα
893 3885 977 3940 ταῦτα
999 3879 1038 3952 είς
1059 3881 1108 3955 τὴν
1132 3881 1228 3942 Πόλιν,
1251 3879 1298 3940 καί
1321 3879 1344 3939 εί

64 3999 95 4071 μὴ
118 4007 191 4061 τούτο
214 4002 300 4074 οὓτως
328 4001 456 4082 ἐποίησα,
488 4000 571 4080 ἀρδην
602 4004 634 4060 ἀν
662 4001 815 4064 ἀπώλοντο.
845 4002 879 4060 τὰ
906 4001 938 4062 δὲ
966 4001 1081 4062 πλείονα
1110 4007 1164 4060 τῶν
1194 4000 1345 4079 εἰρημένων

65 4119 163 4193 βιβλίων
187 4119 218 4195 ἐξ
240 4120 347 4208 οἰκείων
371 4143 423 4196 μου
449 4124 541 4182 κόπων
564 4121 611 4182 καὶ
634 4124 825 4196 ἀναλωμάτων
848 4122 1044 4200 έξωνησάμην·
1064 4122 1111 4184 καί
1127 4127 1221 4184 ἕνεκεν
1240 4123 1344 4202 τούτου,

67 4247 106 4314 τῆς
129 4244 257 4321 ἀληθείας
285 4246 523 4324 συμμαρτυρούσης
550 4266 606 4324 μοι,
635 4243 807 4321 ἀνεταξάμην
836 4247 865 4304 έν
893 4244 930 4322 τῷ
957 4247 1069 4325 παρόντι
1095 4244 1262 4322 κωδικέλλῳ
1293 4265 1344 4319 μου

68 4359 105 4420 καί
126 4365 182 4444 περί
208 4372 262 4425 τῶν
293 4366 418 4426 τοιούτων
450 4366 576 4442 βιβλίων.
608 4368 654 4426 τόν
685 4365 716 4424 δὲ
746 4371 820 4446 κύριν
849 4366 991 4446 Θεοφάνη,
1019 4365 1064 4425 τόν
1091 4366 1270 4444 ἠγαπημένον
1298 4388 1344 4441 μοι

69 4483 175 4565 γέροντα,
202 4485 249 4546 καὶ
278 4487 324 4546 τδν
351 4493 428 4546 παπᾶ
451 4485 583 4562 Ἰωάννην
611 4485 813 4567 ἀποχαρίζομαι
834 4489 935 4558 τούτοις
962 4489 1010 4562 τίην
1039 4489 1122 4564 εύχήν
1150 4507 1202 4562 μου
1227 4489 1345 4549 πλούτου

69 4611 227 4678 πνευματικόν
251 4605 402 4670 ἀδάπανον.
427 4608 485 4668 ἐπεὶ
510 4608 541 4669 δέ
566 4610 701 4690 έγγραρον
729 4609 844 4685 ἐποίησα
866 4612 931 4691 πρός
954 4612 998 4668 τόν
1022 4612 1144 4688 μοναχὸν
1167 4611 1277 4671 Λουκάν
1298 4611 1344 4670 τόν
