3186 5286
287 510 343 575 IV.
368 509 593 596 seut-1457,
620 513 667 576 15.
692 515 811 578 mensis
834 515 949 597 martii,
973 513 1049 602 [ind.
1068 514 1130 602 V.].

60 649 211 700 Cardinalis
229 651 385 702 Lndovicus
403 651 561 718 Scarsmpus
580 653 741 714 Mediamta,
765 653 916 720 patriarcha
935 655 1128 720 Aquileiensis,
1152 657 1264 724 suscipit
1287 663 1352 710 tute·

432 739 485 790 lam
504 742 657 792 monasterii
676 741 703 792 S.
715 742 831 792 loannis
843 741 983 808 Theologi.

162 915 346 986 Ludovicue,
381 917 572 976 miseratione
602 917 706 976 divina
735 917 816 977 tituli
847 917 947 978 Sancti
979 921 1133 978 Laurentii
1169 921 1198 978 in
1230 923 1356 980 Damaso

59 1021 85 1078 S.
96 1021 131 1078 R.
141 1021 177 1078 Ε.
202 1020 350 1096 presbiter
371 1020 529 1080 cardinalis
552 1026 582 1080 et
605 1021 773 1099 patriarcha
794 1023 1002 1100 Aquileiensis,
1027 1024 1139 1082 domini
1164 1009 1238 1102 pape
1261 1045 1356 1084 came·

58 1125 162 1195 rarius,
186 1124 347 1202 apostolice
370 1125 448 1183 sedis
473 1129 506 1183 et
528 1120 649 1206 olasslis]
672 1127 786 1202 legatus
809 1128 847 1184 de
869 1128 962 1186 latere
984 1147 1018 1185 ac
1041 1128 1072 1186 iu
1094 1148 1185 1206 regno
1202 1130 1304 1188 Sicilie
1326 1135 1357 1188 et

59 1228 87 1286 in
116 1229 253 1288 omnibus
281 1229 413 1306 partibus
441 1229 633 1288 orientalibus
659 1237 691 1288 et
717 1230 918 1290 ultramarinis
941 1231 1070 1292 vicarias
1097 1232 1128 1290 in
1154 1233 1357 1310 spiritualibus

58 1353 89 1391 ao
113 1334 327 1410 temporalibus
354 1333 513 1408 generalis,
540 1333 689 1393 universis
719 1339 750 1394 et
779 1335 903 1410 singulis
926 1341 1076 1413 presentes
1102 1337 1217 1396 litteras
1243 1339 1356 1414 inspec-

58 1438 132 1495 turis
163 1439 288 1496 mlutem
320 1438 351 1496 in
378 1437 506 1496 domino.
538 1439 697 1514 Cupientes
726 1441 763 1498 ob
791 1440 993 1500 reverentiam
1023 1441 1226 1516 gloriosissimi
1256 1441 1356 1500 Sancti

58 1541 201 1601 Johannis
223 1542 423 1617 Evangeliste,
451 1547 484 1600 ut
511 1542 607 1600 insula
629 1543 728 1601 Sancti
752 1543 894 1614 eiusdem,
922 1564 980 1622 quo
1004 1544 1115 1604 dicitur
1141 1547 1178 1604 de
1201 1546 1355 1617 Palmosia,

58 1668 109 1706 nee
143 1667 204 1706 uon
236 1646 373 1705 homines
407 1651 467 1704 tam
500 1645 646 1722 religiosi,
681 1667 769 1725 quam
803 1650 948 1706 seculares
982 1648 1063 1708 illam
1093 1649 1293 1708 inhabitantes
1322 1669 1355 1707 ec
1418 1729 1421 1734 Ι

57 1751 148 1810 etiam
174 1771 224 1810 res
246 1757 279 1810 et
304 1752 380 1810 bona
403 1749 531 1828 ipsorum
554 1752 640 1828 plena
661 1752 821 1811 securitate
843 1757 875 1811 et
896 1753 1092 1812 indemnitate
1115 1755 1260 1824 fruantur,
1289 1753 1355 1812 uni-

57 1857 231 1916 versitatem
253 1861 383 1916 saeuam
405 1861 437 1914 et
458 1861 590 1914 vestrum
613 1855 742 1932 singulos
764 1857 918 1916 hortamur
939 1857 970 1915 iu
994 1858 1122 1916 Domino
1145 1859 1356 1917 et·affectuoso

56 1980 193 2036 rogamus
220 1965 252 2020 et
278 1961 399 2038 insuper
428 1960 659 2038 quibuscumque
685 1960 861 2020 officialibus
888 1967 919 2020 et
945 1962 1077 2040 personis
1103 1981 1355 2040 quarumcumque

57 2067 190 2138 navium,
218 2067 378 2142 galearum,
406 2065 583 2138 triremium,
611 2065 757 2124 iustarum
783 2072 814 2124 et
840 2067 966 2124 aliorum
989 2065 1168 2126 naviliorum
1190 2068 1355 2126 cuiuscum-

57 2192 115 2250 que
137 2171 269 2229 nationis
296 2189 348 2228 sen
374 2169 553 2228 conditionis
578 2169 717 2241 existent,
745 2170 883 2248 precipue
911 2171 1118 2248 navigantibus
1144 2172 1179 2230 ad
1208 2171 1356 2249 stipendia

57 2271 177 2335 Sunctmi
197 2277 234 2334 D.
251 2277 290 2334 N.
314 2277 393 2352 Pape
421 2273 661 2354 sanctissimeque
684 2275 816 2334 Romane
843 2275 966 2334 ecclesie
993 2276 1170 2334 auctoritate
1197 2277 1356 2353 apostolica

59 2381 86 2439 in
110 2382 227 2441 virtute
253 2385 353 2438 alote
380 2379 536 2438 obediente
563 2383 594 2438 et
619 2381 673 2438 snb
695 2379 1008 2438 excommunicationis
1034 2399 1068 2440 ac
1095 2386 1194 2439 nostre
1219 2379 1355 2456 indigna·

59 2486 147 2544 tionis
178 2505 255 2563 pena
288 2489 319 2542 et
348 2483 408 2542 alia
436 2488 537 2542 nostro
566 2483 689 2542 arbitrio
718 2485 880 2543 auferenda
909 2489 1012 2544 tenore
1042 2484 1224 2562 presentium
1254 2485 1356 2544 stricte

59 2590 251 2668 precipiendo
277 2589 462 2660 mandamus,
494 2593 651 2667 quattenus
678 2590 792 2666 prefate
819 2589 914 2648 insule
937 2589 1038 2648 Sancti
1060 2589 1204 2648 Johannis
1227 2591 1265 2648 de
1289 2591 1356 2648 Pal-

60 2691 174 2775 mlosia]
202 2699 233 2753 et
259 2693 428 2752 hominibus
450 2693 515 2752 eius
541 2691 683 2770 predictis
709 2693 773 2752 sive
802 2694 832 2752 in
856 2693 920 2770 ipsa
941 2694 1036 2752 insula
1059 2693 1265 2764 existentibus,
1294 2695 1356 2754 sive

60 2820 110 2876 per
133 2805 245 2858 terram
267 2804 319 2857 aut
341 2819 394 2876 per
415 2817 521 2876 aquam
549 2799 585 2856 ad
609 2816 806 2876 quascumque
832 2798 936 2856 mundi
962 2803 1061 2874 partes
1091 2797 1356 2874 proficiscientibus

59 2907 175 2964 nullum
196 2903 315 2980 penitus
338 2905 486 2974 damnum,
511 2904 621 2961 nullam
643 2901 793 2973 iniuriam,
823 2902 988 2960 molestiam
1009 2903 1058 2960 vel
1083 2903 1225 2960 offensam
1247 2905 1356 2961 realem

58 3015 108 3069 aut
136 3011 322 3086 personalem
348 3009 460 3068 inferre
487 3013 538 3066 aut
563 3027 610 3066 res
637 3012 668 3066 et
697 3009 773 3067 bona
799 3005 929 3084 ipsorum
956 3025 1060 3084 capere
1082 3007 1131 3066 vel
1159 3007 1217 3063 ullo
1241 3006 1356 3083 quesite

59 3116 157 3174 colore
185 3112 375 3172 damnificare
400 3118 452 3172 aut
478 3105 620 3195 elrilpere
646 3117 829 3190 presumant,
853 3111 926 3190 quin
953 3111 1051 3188 potius
1078 3109 1207 3187 prelatos
1230 3109 1356 3170 insulam

58 3225 87 3276 et
114 3219 254 3278 homiues
280 3223 341 3276 tam
364 3217 522 3277 devotione
545 3217 645 3276 Sancti
668 3217 810 3288 eiusdem,
835 3235 924 3294 quam
946 3215 1037 3274 etism
1061 3214 1155 3274 nostri
1177 3216 1355 3292 contempla·

59 3323 140 3382 tione
168 3323 331 3400 suscipiant
357 3323 389 3380 in
416 3323 551 3380 omnibus
577 3322 782 3382 favorabiliter
809 3323 1036 3380 commendatos.
1067 3322 1101 3378 lu
1127 3339 1250 3398 quorum
1272 3319 1356 3378 testi-

60 3429 192 3488 menium
230 3431 380 3503 presentes
416 3426 482 3485 fieri
520 3431 551 3484 et
587 3426 679 3484 nostri
714 3425 804 3501 sigilli
843 3425 981 3484 iussimus
1018 3424 1197 3503 appensione
1235 3423 1355 3482 muniri.

60 3535 191 3592 Datum
221 3530 351 3602 Rhodi,
383 3531 441 3588 die
470 3531 538 3588 XV.
569 3529 691 3588 martii
721 3529 979 3598 MCGGGLVII,
1008 3529 1246 3606 pontificatus
1269 3547 1355 3586 vere

60 3635 282 3696 sanctissimi
309 3635 345 3693 in
373 3635 515 3694 Christo
542 3634 655 3712 patris
682 3638 718 3694 et
744 3634 880 3692 domini
907 3633 1035 3705 nostri,
1067 3634 1201 3692 domini
1229 3633 1356 3692 (lalisti

60 3763 148 3820 pape
172 3735 246 3820 I[H]
269 3758 359 3798 anno
382 3740 543 3798 secundo.

164 3857 272 3910 Archet
291 3857 373 3908 chart.
393 3872 453 3907 cum
472 3857 562 3924 sigillo
580 3857 672 3924 legati.
693 3857 786 3923 Bsyet,
805 3871 854 3906 uro
874 3857 914 3917 ll,
932 3872 958 3922 p.
981 3857 1124 3905 lor-152.

279 4151 318 4216 V.
342 4151 568 4232 6969-1461,
594 4151 643 4214 19.
667 4153 785 4216 mensis
808 4149 972 4234 februarii,
995 4149 1059 4216 ind.
1084 4150 1141 4215 IX.

61 4296 200 4348 Paschalis
220 4295 394 4359 Maripetrns,
420 4291 474 4342 dux
494 4289 683 4353 Venetisrum,
708 4289 871 4340 monasterio
889 4289 916 4339 S.
934 4289 1049 4340 «loannis
1074 4290 1191 4340 restituit
1210 4289 1357 4340 dominium

392 4379 519 4429 metocbii
536 4379 564 4430 S.
575 4377 691 4430 Joanuis
704 4376 773 4442 Styli
791 4377 821 4426 in
839 4373 928 4426 insula
945 4374 1035 4430 Creta.

166 4560 316 4638 Pasqnalis
344 4558 515 4635 Maripetro,
546 4557 604 4616 Dei
634 4557 730 4632 gratia
759 4557 822 4614 dux
841 4553 1034 4614 Venetiarum
1061 4559 1117 4611 eto.
1149 4551 1297 4612 universis
1328 4559 1358 4611 et

62 4669 186 4746 singulis
218 4667 256 4725 de
286 4685 337 4723 suo
367 4663 505 4722 mandato
535 4661 743 4740 potestatibus,
779 4659 940 4738 capitaneis
970 4664 1001 4719 et
1030 4657 1096 4716 aliis
1126 4658 1358 4738 quibuscumque
