3162 5278
1256 357 1319 420 273

30 553 91 611 αατθι
120 557 227 628 πνεῦμα
258 553 383 632 ἀγαπητὲ
409 559 460 628 τῆς
482 553 561 627 ήμῶν
585 551 772 631 μετριότητος,
801 551 936 629 φρόντισον
959 552 1086 628 γενέσθαι
1113 553 1144 609 τὀ
1166 555 1319 629 γυναικεῖον

30 676 212 754 μοναστήριον,
243 672 268 732 εἰ
295 673 406 734 δυνατόν
434 673 499 752 ἐστι,
529 671 577 733 καὶ
606 673 741 746 κοινόβιον
770 669 922 744 κατάταξον
951 670 999 732 καὶ
1030 668 1101 744 ἕξεις
1130 673 1263 752 θησαυρόν
1291 671 1320 731 ἐν

31 797 145 874 ἀραιοῖς
169 795 214 855 καί
238 797 303 876 παρ’
319 797 398 870 ήμῶν
423 797 506 873 εἰχὴν
529 794 575 854 καί
600 796 728 874 εύλογίαν
750 793 797 854 καί
820 795 985 870 ἀντιμισθίαν
1010 795 1138 874 μεγίστην
1161 795 1236 875 παρὰ
1258 796 1321 855 θεοῦ

32 917 55 974 ἐν
75 917 147 997 τῷδε
170 917 209 996 τῷ
234 917 353 996 βίῳκαὶ
377 915 415 988 εἰς
437 919 483 976 τόν
506 918 649 991 μέλλοντα
672 915 766 978 αἰῶνα.
795 916 862 976 ἀλλ’
879 915 923 975 ἐπὶ
944 918 974 976 τό
997 917 1176 997 προκείμενον
1200 917 1317 977 ἐπανέλ-

30 1041 116 1119 θομεν,
141 1039 185 1118 ἵν’,
212 1039 251 1110 ὡς
273 1040 441 1120 προέφημεν,
464 1039 498 1097 νά
524 1039 649 1118 ἀγαπᾶτε
672 1037 826 1118 ἀλλήλους,
854 1037 947 1111 καθὼς
970 1038 1126 1098 ἐνετειλατο
1153 1040 1244 1120 κύριος
1265 1042 1322 1110 τοῖς

31 1160 198 1240 ἀποστόλοις,
228 1161 313 1232 ούτως
339 1155 420 1240 κάγὼ
442 1162 510 1242 πρός
533 1161 603 1236 ὑμᾶς
626 1161 664 1232 ὡς
686 1162 769 1219 τέκνα
791 1161 913 1235 ὑπακοῆς
935 1163 1030 1240 γράφω
1058 1163 1148 1240 τηρεῖν
1170 1161 1219 1233 τὰς
1243 1162 1321 1220 ἐντο-

30 1283 76 1354 λὰς
102 1287 149 1342 τοῦ
177 1283 240 1342 θεού
266 1281 312 1341 καὶ
336 1284 367 1342 ού
389 1283 518 1360 παύομαι,
542 1282 586 1341 ἵνα
609 1283 647 1358 μὴ
672 1283 716 1342 σύν
738 1281 777 1360 τῷ
800 1280 908 1360 όκνηρῷ
932 1281 1023 1361 δούλῳ
1046 1281 1142 1362 ἐκείνῳ
1165 1284 1321 1364 κατακριθῶ

30 1408 68 1462 τού
90 1405 243 1483 κρύψαντας
269 1405 300 1462 τδ
322 1405 458 1464 τάλαντον
484 1407 531 1464 τοῦ
555 1403 694 1466 δεσπότου.
724 1403 771 1463 καὶ
799 1402 822 1463 εἰ
847 1405 898 1478 μὲν
921 1404 1064 1484 ἀκούσητε,
1093 1405 1238 1486 ἀγαπητοί,
1261 1405 1321 1478 τοὺς

30 1527 125 1603 λόγους
148 1547 211 1604 μου,
241 1529 344 1601 ἕτοιμοι
371 1527 432 1586 ἐστὲ
462 1525 505 1584 διὰ
528 1525 576 1601 τἠν
601 1524 743 1601 βασιλείαν
766 1529 819 1586 τῶν
842 1527 973 1608 ούρανῶν,
995 1527 1088 1598 καθὼς
1111 1529 1269 1602 τδ-πνεῖιμα
1291 1529 1321 1586 τδ

31 1649 100 1725 ἅγιον
122 1645 216 1728 ε’ίρηιιε
236 1647 281 1706 διὰ
300 1651 345 1707 τοῦ
364 1648 510 1728 προφήτου·
537 1647 625 1707 «τάδε
646 1647 726 1726 λέγει
748 1648 848 1728 κύριος,
873 1647 921 1707 ἐὰν
944 1649 1044 1724 θέλητε
1067 1647 1113 1707 καὶ
1137 1647 1336 1728 είσακούοεταί,

30 1790 84 1848 μου,
112 1769 146 1828 τὰ
170 1767 263 1846 ἀγαθὰ
289 1775 339 1844 τῆς
365 1775 420 1848 γῆς
447 1771 575 1848 φάγεοθε,
607 1769 655 1828 ἐὰν
684 1769 715 1828 δὲ
747 1769 784 1844 μὴ
813 1769 914 1844 θέλητε
944 1771 1016 1845 μηδὲ
1048 1769 1233 1830 είσουιούσεταί
1260 1791 1321 1848 μου,

30 1895 149 1972 μάχαιρα
171 1891 243 1964 ύμᾶς
264 1891 445 1950 κατέδεαθαιν
475 1892 505 1950 το
527 1891 582 1970 γὰρ
609 1894 695 1966 στόμα
722 1891 812 1972 κυρίου
839 1892 964 1967 ἐλάληοε
986 1898 1079 1952 ταῦτα.
1108 1891 1132 1950 εἰ
1155 1892 1186 1952 δέ
1208 1913 1249 1964 τις
1275 1891 1323 1952 καὶ

30 2015 163 2092 ταρήκοος
185 2019 266 2094 φανῇ,
289 2015 369 2083 αύτδς
392 2013 487 2090 όψεται
509 1993 580 2072 κατόι
602 2015 632 2072 τό
655 2013 783 2091 κυριακδν
806 2013 902 2091 λόγιον
924 2012 971 2074 καί
993 2015 1067 2090 ἡμᾶς
1090 2014 1225 2085 ἀναιτίους
1239 2017 1321 2089 ποιή-

31 2154 78 2192 τει·
105 2131 199 2210 ιήλθα
221 2133 275 2214 γὰρ
298 2133 344 2194 καί
369 2134 506 2214 ἐλάλησα,
530 2133 663 2214 ἁμαρτίαν
687 2135 735 2193 ούκ
758 2129 866 2212 εἶχον».
897 2139 942 2194 νῦν
966 2135 996 2194 δὲ
1018 2136 1146 2214 πρόφασιν
1170 2137 1219 2196 ούκ
1243 2137 1322 2215 ἔχετε

29 2255 84 2334 περὶ
114 2261 168 2315 τῶν
198 2256 293 2333 λόγων
319 2256 432 2315 τούτων·
462 2257 511 2316 ούιι
538 2256 592 2314 ἐστι
619 2254 672 2334 γάρ
703 2254 765 2330 ἐμοὶ
794 2259 887 2334 ταῦτα,
919 2255 995 2315 ἀλλὰ
1024 2263 1073 2332 τῆς
1102 2255 1179 2328 θείας
1204 2264 1322 2338 γραφῆς,

31 2378 63 2447 ῶς
89 2377 195 2437 ἄνωθεν
223 2377 336 2453 εἴπομεν
364 2377 408 2436 διὰ
434 2377 550 2437 πολλῶν
574 2378 724 2458 μαρτύρων.
753 2379 847 2438 ούκοῦν
872 2379 990 2459 άπρεπόν
1014 2379 1084 2438 ἐστιν
1107 2379 1178 2454 ὐμᾶς
1200 2383 1271 2455 μήτε
1293 2381 1323 2438 τδ

30 2499 112 2559 καλόν
147 2499 192 2580 ἀφ’
225 2500 329 2559 έαυτῶν
362 2501 448 2560 ποιεῖν
482 2502 551 2574 μήτε
581 2499 724 2560 ὑπακούειν
754 2503 811 2570 τοῖς
841 2499 1052 2576 συμβουλεύουσι
1081 2502 1111 2560 τό
1142 2500 1244 2579 ἀγαθον
1277 2495 1324 2560 καὶ

30 2622 73 2696 τήν
101 2621 235 2701 σωτηρίαν
263 2622 347 2698 ὑμῶν.
380 2621 431 2699 διό,
455 2621 600 2701 ἀγαπητοί,
625 2622 663 2697 μή
688 2621 750 2682 δότε
773 2623 900 2702 πρόνοιαν
922 2628 972 2699 τῆς
995 2625 1109 2704 σαρκός,
1138 2625 1175 2698 μὴ
1204 2621 1324 2682 καλλω-

31 2743 116 2803 πίαετε
141 2745 188 2804 τδν
215 2741 270 2816 ἔξω
298 2745 440 2824 ἄνθρωπον
467 2743 511 2802 διὰ
533 2745 649 2804 πολλῶν
678 2743 835 2820 ἐνδυμάτων
859 2751 972 2825 συρικῶν
993 2765 1024 2804 τε
1051 2743 1098 2804 καὶ
1120 2743 1251 2820 βυσσίνων
1278 2743 1324 2803 καί

29 2863 175 2942 βρωμάτιον
195 2863 243 2924 καὶ
262 2867 392 2940 πομάτων
412 2864 573 2925 πολυτελῶν
596 2863 643 2924 καὶ
662 2866 708 2924 τὀν
729 2867 783 2924 ἔσω
804 2866 995 2946 βορβορῶσητε
1019 2865 1162 2946 ἁμαρτίας,
1187 2866 1325 2946 φροντίδες

28 2983 70 3044 καί
96 2987 211 3060 μελέται
237 2990 283 3047 τοῖν
311 2986 426 3062 ματαίου
453 2990 565 3066 κόσμου,
596 2985 673 3046 ἀλλὰ
699 2990 776 3047 τοῦτο
805 2988 860 3046 ἐδει
887 2993 1006 3066 ποιῆσαι,
1037 2990 1099 3046 όσον
1121 2988 1155 3047 τὰ
1180 2989 1249 3068 πρδς
1275 2988 1323 3062 τήν

28 3103 119 3184 χρείαν
142 3111 348 3187 τοῦσώματος,
372 3109 484 3168 κάκεῖνο
507 3111 546 3184 μὴ
571 3109 684 3190 ἀφιέναι,
709 3111 772 3168 όσον
796 3108 920 3186 όφείλετε
944 3109 989 3169 διὰ
1010 3109 1058 3185 τὴν
1082 3108 1215 3190 σωτηρίαν
1238 3111 1322 3190 ὑμῶν,

27 3227 68 3287 ἵνα
94 3231 123 3288 τό
145 3231 314 3310 περίσσευμα
336 3231 422 3310 ὑμῶν,
450 3231 487 3302 ὡς
512 3231 560 3310 ἔφη
584 3231 599 3288 ό
622 3232 692 3302 θεῖος
716 3229 878 3307 ἀπόστολος,
907 3231 1024 3291 ἀπόδοτε
1052 3230 1092 3304 εἰς
1115 3237 1167 3291 τῶν
1191 3231 1323 3310 ἑπτωχῶν

28 3353 54 3409 το
77 3351 229 3432 ὑστέρημα·
253 3356 330 3412 τοῦτο
352 3354 405 3432 γάρ
427 3352 496 3410 ἐστιν
520 3351 635 3424 ἀληθοῖς
657 3353 831 3430 χριοτιανοῖς,
856 3351 922 3412 διότι
946 3354 984 3425 ὡς
1008 3353 1194 3432 ἐγεννήθημεν
1216 3352 1323 3432 γυμνοί,

30 3473 109 3544 ιύιως
137 3475 206 3554 προς
229 3475 274 3533 τὀν
301 3472 416 3554 φοβερόν
444 3472 570 3547 δικαστὴν
597 3473 780 3552 πορευόμεθα,
808 3472 855 3532 καὶ
885 3473 931 3532 ἐάν
958 3477 1061 3546 πάντας
1087 3475 1148 3547 τούς
1175 3475 1325 3556 θησαυρούς

30 3593 181 3671 συνάξωμεν
204 3590 275 3654 ὧδε·
301 3595 359 3655 ἐκεῖ
381 3595 435 3676 γὰρ
458 3595 563 3672 γυμνοί,
589 3593 715 3672 ἐλεεινοί,
740 3595 901 3676 σκυθρωποί,
926 3596 1068 3678 σκοτεινοί,
1096 3599 1324 3678 συντετριμμένοι,

30 3718 262 3796 τεταπεινωμένοι,
293 3717 551 3797 τετραχηλισμένα,
583 3716 612 3776 ἐν
640 3717 724 3796 φόβῳ,
757 3717 784 3775 ἐν
815 3719 916 3798 τρόμῳ,
947 3722 1091 3800 κατηφεῖς,
1116 3719 1253 3800 όδυνηροί,
1285 3717 1325 3790 εἰς

30 3845 79 3914 γῆν
96 3840 125 3898 τ“ο
144 3840 290 3920 πρόσωπον
311 3839 473 3918 ἐρριμμένον
497 3837 635 3898 καὶτοῦτο
651 3839 711 3913 μετ’
729 3838 859 3920 ἐντροπῆς
881 3841 1076 3920 καλύπτοντες,
1100 3842 1184 3911 ούτως
1207 3843 1324 3921 πορευό-

32 3961 106 4040 μεθα,
134 3963 220 4031 ούτως
243 3961 409 4036 ἀνιστάμεθα
435 3959 481 4020 καὶ
509 3961 593 4032 ούτως
620 3959 809 4040 παριστάμεθα
836 3959 875 4034 είς
897 3962 985 4022 ἐκεῖνο
1007 3964 1038 4021 τ“ο
1061 3964 1145 4043 μέγα,
1174 3961 1213 4035 εἰς
1236 3963 1324 4022 ἐκεῖνο

31 4083 58 4138 τα
80 4085 194 4162 φρικτόν,
225 4084 255 4142 τδ
283 4083 546 4164 ἀπροσωπόληπτον,
573 4083 603 4141 το
630 4082 849 4162 ἀδωροδόκητον,
876 4085 906 4143 τ“ο
934 4084 1128 4160 ἀκατάληπτον
1153 4084 1323 4163 δικαστήριον

31 4203 74 4262 καί
98 4207 232 4286 κριτήριον
261 4203 309 4265 καὶ
335 4205 526 4286 κολαστήριον,
558 4207 623 4266 όπου
651 4205 769 4283 ἀγγελοι
795 4207 947 4285 τρέμουσιν,
975 4207 1041 4266 ὅπου
1065 4206 1089 4266 οἱ
1111 4208 1200 4287 θρόνοι
1223 4206 1249 4266 οἱ
1271 4229 1322 4285 φο-

33 4324 103 4404 βεροὶ
128 4326 254 4407 τίθενται,
285 4327 352 4386 όπου
380 4325 407 4386 αί
434 4327 526 4401 βίβλοι
556 4333 610 4387 τῶν
639 4323 766 4407 πράξεων
789 4328 871 4402 ’ήμῶν
902 4327 1054 4406 ἀνοίγονται
1084 4326 1131 4387 καί
1158 4328 1190 4387 τὰ
1220 4329 1324 4408 κρυπτά

33 4445 81 4504 τῶν
103 4449 250 4531 ἀνθρώπων
274 4449 479 4525 δημοσιεύονται
501 4448 548 4509 καί
572 4453 756 4531 φανεροῦνται.
781 4449 827 4510 καί
850 4451 979 4528 μακάριοι
1002 4451 1062 4509 τότε
1085 4450 1111 4510 οἱ
1133 4451 1229 4521 καλῶς
1251 4454 1324 4531 πρά-

34 4565 122 4642 ξαντες
152 4569 199 4631 καὶ
227 4565 282 4630 ὧδε
311 4575 539 4652 μετανοήσαντες,
568 4572 595 4632 οἳ
619 4577 672 4631 τῶν
701 4573 839 4651 ἁμαρτιῶν
868 4572 913 4631 τὀν
937 4574 1034 4652 φόρτον
1060 4571 1257 4654 ἀπορρίψαντες
1280 4569 1325 4633 διό

35 4691 173 4766 μετανοίας
194 4691 278 4752 κάκεῖ
302 4691 442 4773 ἐλεύθεροι
467 4694 574 4773 ἔτυχον,
597 4689 689 4752 άθλιοι
713 4692 744 4752 δὲ
767 4691 814 4752 καὶ
837 4692 1007 4774 ταλαίπωροι
1029 4695 1091 4754 τότε
1112 4693 1137 4754 οἱ
1152 4695 1323 4772 ἀμετανόητο

1085 4815 1116 4865 18
