3184 5288
266 373 329 436 114

265 570 341 638 τινὰς
368 565 514 638 ῦπανοίξας
543 565 812 649 ἐ’νδονείσδείξαιτο,
835 567 861 626 οἱ
884 568 925 648 δέ,
955 567 1033 628 λείαν
1054 541 1093 627 ’τά
1114 574 1165 644 τῆς
1190 567 1303 640 πόλεως
1324 569 1436 644 θέμενοι
1460 568 1504 628 καί
1523 571 1550 627 τά
1586 557 1587 626 ζ

217 714 219 718 ’
263 688 372 767 λάφυρα
394 687 530 762 λαβόντες
556 687 603 748 καί
634 688 695 759 τοῦς
719 689 796 748 ἔνδον
819 688 1092 770 ἀνδραποδισάμενοι,
1115 691 1163 765 την
1179 690 1230 764 μὲν
1250 689 1332 750 πόλιν
1353 689 1550 765 καταλείψουσιν

265 807 393 885 ἀοίκητον
415 809 449 868 τὰ
471 811 587 870 πλεῖστα
613 815 667 868 τῶν
696 817 787 890 μερῶν
815 813 899 886 αῦτῆς
924 809 971 870 καί
993 811 1027 870 τά
1050 809 1210 892 ἰσχυρότερα
1236 813 1496 892 κατερειπώσαντες,
1519 810 1550 882 εἰς

266 927 353 991 δὲτὰ
376 930 472 992 οἴκαδε
493 930 577 1006 πάλιν
600 931 852 1012 παλινοστίγσουσιν,
875 929 929 1011 ἀρά
951 953 985 1010 γε
1013 934 1061 993 οῦκ
1088 933 1120 990 άν
1142 953 1183 1004 τις
1208 934 1239 993 τό
1265 934 1438 1008 κατασπεοδν
1464 934 1551 1008 ταίτης

263 1052 311 1112 καί
334 1048 409 1124 αὖθις
432 1052 582 1133 ἀνεγείρειε
605 1052 652 1112 καί
674 1054 722 1130 τὴν
745 1056 879 1134 προτέραν
903 1053 969 1136 αῦπῇ
993 1053 1063 1130 μετὰ
1085 1053 1197 1130 πολλῆς
1218 1060 1269 1130 τῆς
1292 1055 1454 1130 ἐπιμελείας
1476 1057 1551 1116 ἐπαν-

264 1179 358 1257 αγάγρ
382 1175 532 1255 ἀσφάλειαν
559 1175 606 1236 καί
627 1177 684 1248 τοῖς
705 1179 866 1256 πυργώμασι
889 1175 936 1236 καί
957 1178 1017 1248 ταῖς
1041 1173 1172 1248 ἐπάλξεσι
1196 1175 1350 1248 σπουδαίως
1374 1177 1551 1256 ἀσραλίσαιτσ,
1586 1189 1587 1192 ’

264 1297 331 1356 ἀλλ’
359 1296 432 1370 ἅπαξ
462 1303 561 1373 πτῶμα
588 1318 613 1356 τι
639 1299 777 1358 παθοῦσαν
805 1297 990 1358 δυνατώτατον
1018 1295 1057 1369 εἰς
1083 1298 1166 1369 τέλος
1192 1299 1323 1374 κειμένην
1352 1299 1552 1378 παρελεύσεται,

263 1417 310 1478 καί
333 1418 394 1491 τοὺς
417 1419 445 1478 ἐν
470 1420 536 1501 αῦτῇ
559 1421 751 1492 κατοικοῦντας
780 1417 818 1490 εἰς
840 1420 980 1499 προνομὴν
1001 1421 1058 1490 τοῖς
1082 1419 1261 1496 βουλομένοις
1283 1420 1391 1480 κεῖσθαι
1416 1420 1553 1480 καταλίποι

263 1540 310 1601 καί
332 1519 382 1614 τὴν
405 1540 520 1616 δυνατὴν
550 1541 640 1611 αυτοῖς
667 1538 812 1615 δεομένοις
838 1538 885 1600 καί
912 1542 1021 1620 θερμῶς
1051 1540 1236 1616 ἀντιβολοῦσιν
1264 1543 1313 1600 οῦκ
1337 1544 1369 1626 ἂν
1394 1540 1437 1602 ἐπὶ
1459 1547 1490 1623 τῇ
1511 1549 1554 1616 της
1586 1597 1587 1600 ,

265 1663 423 1743 ἐλευθερίας
450 1663 597 1738 ἀνακτίσαι
623 1661 669 1722 καί
692 1668 725 1742 τῇ
746 1667 800 1722 τῶν
830 1661 1015 1743 ὀχυρωμάτων
1042 1661 1176 1742 οἰκοδομῇ
1203 1664 1395 1745 ουνεισενέγκῃ
1423 1662 1554 1741 βοήθειαν,

264 1782 330 1844 ἀλλ’
356 1783 399 1844 ἐπὶ
426 1787 532 1856 πάντας
557 1784 618 1855 τοὺς
647 1785 696 1860 τὴν
726 1785 807 1845 πόλιν
834 1782 974 1856 οἰκοῦντας
1003 1785 1052 1861 τὴν
1081 1789 1127 1844 τοῦ
1155 1785 1217 1856 ἑνός
1245 1785 1350 1844 ἐκείνου
1376 1786 1476 1845 κακίαν
1499 1785 1553 1846 δικ·

264 1906 366 1982 βαίνειν
395 1905 434 1978 εἰς
460 1906 491 1964 τό
519 1905 670 1986 ἀπέραντον
698 1909 894 1985 συγχωρήσειε,
925 1903 971 1964 καί
1002 1907 1017 1964 δ
1046 1905 1116 1964 κατά
1143 1907 1173 1964 τό
1201 1908 1312 1965 σπάνιον
1341 1904 1389 1965 καί
1421 1905 1555 1986 ἐράπαξὲ

262 2026 560 2115 ποιητὴς-συμβαίνειν
589 2027 790 2107 ἐγνωμάτευσε,
818 2030 894 2086 τοῦτο
921 2027 1042 2086 καθόλου
1070 2025 1116 2085 καὶ
1139 2024 1224 2086 εἰσαεὶ
1251 2028 1390 2087 τελεῖσθαι
1414 2031 1555 2108 συγχωρί-
1586 2007 1587 2058 ί

264 2171 350 2230 σειεν,
374 2148 520 2225 οῦμενουν·
545 2148 717 2232 (ἀσυμπαθές
739 2149 792 2227 γάρ
815 2150 845 2208 τό
868 2152 984 2208 τοιοῦτον
1015 2146 1062 2208 καὶ
1090 2145 1322 2230 ἀφιλάνθρωπον),
1352 2148 1431 2209 ἀλλά
1452 2171 1486 2228 γε
1515 2150 1556 2208 καί
1586 2123 1587 2178 ί

262 2279 317 2333 τῶν
353 2273 493 2352 προτέρων
531 2267 759 2346 οἰκοδομημάτων
797 2269 992 2345 ἐπιμελήοαιτο
1034 2267 1081 2328 καί
1119 2271 1199 2350 έτερα
1234 2272 1480 2350 προσεπινοήααιτο
1516 2269 1557 2330 καὶ

262 2393 434 2471 πανταχόθεν
462 2391 529 2472 αθτῇ
556 2393 587 2450 τό
610 2391 752 2450 ἀνάλωτον
779 2388 867 2466 ἥκαί
893 2391 924 2450 τδ
946 2390 1021 2462 ὅλως
1048 2389 1275 2464 ἀνεπιβούλευτον
1303 2393 1375 2451 κατά
1397 2393 1427 2451 τό
1451 2389 1558 2450 δυνατόν
1586 2397 1587 2440 ί

264 2516 463 2592 μηχανήσαιτο.
488 2512 556 2573 ἀλλ’
573 2510 612 2584 εἰς
633 2511 659 2572 τί
681 2517 776 2592 πρώτας
801 2514 919 2573 τοιοῦτόν
939 2533 964 2572 τι
986 2514 1168 2588 συμπέπτωκε
1191 2510 1238 2572 καί
1260 2519 1294 2596 τῇ
1317 2513 1390 2572 κατὰ
1411 2515 1459 2588 τὴν
1482 2518 1558 2587 νῆσον

265 2636 376 2710 Πάτμον
408 2635 567 2718 διακειμένη
595 2633 733 2718 σεβασμίᾳ
763 2639 833 2715 μονῇ
863 2632 910 2694 καί
941 2632 984 2692 ἐπ’
1013 2634 1125 2708 όνόματι
1154 2637 1200 2694 τοῦ
1230 2633 1413 2711 ἠγαπημένον
1443 2635 1559 2710 μαθητοῦ
1586 2707 1587 2712 ¹

262 2757 309 2818 καί
336 2757 471 2836 παρθένου
496 2759 542 2816 τοῦ
565 2754 710 2836 Θεολόγου
734 2757 862 2817 Ἰωάννου
888 2753 935 2816 καί
960 2755 1090 2836 ἱδρυμένη
1118 2753 1166 2814 καὶ
1192 2757 1356 2838 τιμωμένῃ·
1386 2761 1488 2836 προσῆν
1512 2754 1558 2830 μὲν
1586 2791 1587 2824 5

262 2881 316 2962 γὰρ
344 2881 411 2961 αἰτῇ
440 2878 648 2958 χρυσόβουλλος
677 2879 764 2958 λόγος
792 2883 839 2938 τοῦ
866 2877 895 2936 ἐν
926 2875 1048 2957 μακαρίᾳ
1077 2881 1110 2958 τῇ
1137 2873 1219 2950 λήξει
1246 2879 1397 2956 γεγονότος
1425 2875 1558 2950 βασιλέως

262 3005 342 3077 ἡμῶν
375 2999 422 3061 καί
454 3003 563 3062 πάππου
595 3003 641 3060 τοῦ
674 3001 834 3079 θεοστεροῦς
863 2999 942 3073 ἡμῶν
974 2999 1181 3078 αῦτοκράτορος,
1212 3001 1259 3058 τοῦ
1293 2997 1417 3074 ἀοιδίμου
1452 2997 1557 3073 δηλαδὴ
1586 2977 1587 2998 ¹

262 3125 344 3203 κυροῦ
367 3117 492 3192 Ἀλεξίου
513 3123 560 3180 τοῦ
581 3121 736 3197 Κομνηνοῦ,
762 3121 792 3180 οῦ
815 3118 960 3194 βασιλικῆς
988 3119 1070 3192 μόνον
1093 3116 1139 3177 καί
1161 3118 1292 3190 παντοίας
1316 3124 1478 3198 σεκρετικῆς
1499 3140 1558 3197 χει·
1586 3115 1587 3122 '

263 3245 311 3324 ρδς
340 3243 388 3317 τὴν
419 3243 488 3316 όλην
515 3245 596 3316 νῆσον
626 3241 724 3314 ταίτην
756 3238 941 3300 ἀπαλλάττων
970 3236 1017 3298 καί
1048 3239 1123 3318 μόνῳ
1153 3238 1251 3316 ταῦπην
1279 3240 1416 3319 καθιεροῦν
1446 3238 1486 3318 τῷ
1509 3240 1558 3317 θεῷ

263 3363 310 3424 καί
337 3363 374 3443 τῷ
402 3362 486 3444 ἐντῄ
514 3366 584 3444 μονῇ
611 3363 767 3442 τιμωμένῳ,
798 3357 876 3420 ἀλλά
907 3359 954 3420 καί
985 3359 1181 3420 αθτοδέσποτον
1208 3358 1255 3420 καὶ
1283 3357 1454 3434 αῦπεξούσιον
1482 3363 1558 3437 αῦτην

265 3485 448 3566 συντηρεῑσθαι
472 3481 702 3558 διακελευόμενος
725 3481 770 3542 καί
795 3479 891 3557 μηδενί
913 3477 1049 3562 προσώπῳ
1076 3482 1137 3542 καθ’
1162 3481 1315 3557 οίονδήτινα
1341 3483 1441 3563 τρόπον
1471 3485 1557 3543 όπωσ-

256 3606 365 3682 δήποτε
392 3603 605 3684 καθυπάγεσθαι,
633 3603 701 3663 ἀλλ’
725 3603 753 3660 ἐν
780 3608 858 3662 πᾶσιν
887 3603 962 3680 ἔχειν
988 3604 1019 3662 τό
1043 3601 1187 3684 έλεῦθερον
1214 3601 1262 3663 καὶ
1283 3605 1421 3678 παντοίως
1445 3607 1511 3687 αῦτη
1532 3607 1557 3662 τὲ

265 3727 467 3814 ἀνεπηρέαστον
500 3725 736 3804 περιποιούμενος,
775 3725 868 3795 καθὼς
901 3722 949 3782 ἀπ’
980 3725 1059 3802 αυτοῦ
1092 3727 1137 3783 τοῦ
1170 3725 1381 3805 χρυσοβοῦλλου
1415 3726 1454 3806 τῷ
1487 3729 1558 3785 τοῦτο

265 3848 399 3908 διελθόντι
421 3844 636 3924 φιλοπονώτερον
659 3846 827 3920 καταμαθεῖν
850 3845 1039 3925 ἀκριβέστερον
1063 3841 1160 3916 ἔξεστι.
1184 3847 1285 3924 γέγονε
1310 3846 1341 3906 δὲ
1362 3845 1406 3907 ἐπὶ
1421 3847 1460 3926 τῷ
1483 3845 1558 3925 καλῷ

264 3969 349 4045 τούτῳ
377 3966 500 4041 θεμελίῳ
526 3965 573 4025 καί
599 3967 746 4041 ὑπόμνημα
772 3969 818 4025 τοῦ
844 3965 883 4044 τῷ
910 3967 971 4024 τότε
997 3968 1042 4026 τόν
1069 3969 1265 4046 πατριαρχικδν
1296 3967 1391 4047 θρόνον
1420 3968 1558 4046 ἰθῦνοντος,

264 4093 311 4148 τοῦ
334 4091 540 4167 μακαριωτάτου
562 4091 642 4167 κυροῦ
665 4087 802 4168 Ἰωάννου,
830 4087 1050 4146 κατακολουθοῦν
1078 4087 1128 4161 μὲν
1155 4085 1202 4148 καί
1232 4093 1297 4148 πάσι
1324 4093 1382 4162 τοῖς
1412 4089 1452 4168 τῷ
1483 4089 1558 4163 βασι-

264 4207 337 4287 λικῷ
365 4207 565 4289 χρυσοβοῦλλῳ
596 4207 801 4289 ἐμρερομένοις,
832 4209 1020 4286 παρεχόμενον
1053 4207 1084 4267 δέ
1111 4211 1194 4291 ταύτῃ
1222 4211 1253 4270 τό
1280 4210 1485 4292 ἀνεπηρέαστον
1517 4211 1559 4271 καὶ

265 4331 318 4390 ἀπο
341 4329 394 4389 τών
416 4330 487 4390 κατά
513 4330 624 4410 καιροὺς
654 4330 902 4406 ἀποστελλομένων
931 4327 1057 4410 ἐξάρχων
1083 4330 1130 4390 καί
1156 4333 1258 4405 παντός
1288 4335 1381 4414 ἐτέρου
1408 4337 1559 4415 προσώπου,

266 4450 416 4512 ἀποκλεϊον
447 4451 478 4511 δὲ
508 4449 555 4510 καὶ
584 4451 633 4524 τἠν
664 4449 769 4510 εἴσοδον
801 4457 866 4510 πάσι
898 4455 954 4523 τοῖς
982 4449 1084 4532 ἑτέροις
1114 4452 1268 4534 ἀρχιερεῦσι
1298 4459 1353 4527 τοῖς
1383 4455 1425 4534 ὑφ’
1455 4457 1587 4534 ἑαυτοὺς1

265 4573 341 4650 οἰγειν
370 4573 418 4646 τὴν
446 4572 531 4646 μονὴν
555 4571 722 4650 ἐπιχειροῦσι
746 4569 791 4630 διὰ
812 4573 842 4631 τό
866 4573 894 4632 ἐν
917 4578 950 4653 τῇ
972 4573 1034 4630 κατ’
1058 4573 1153 4644 αῦτοθς
1182 4575 1274 4656 ἑνορίᾳ
1300 4579 1449 4655 τυγχάνειν
1476 4581 1587 4654 αἰττίρυ

266 4693 314 4750 ἀπε
344 4691 390 4751 καί
418 4691 461 4750 ἐπί
491 4690 680 4770 πατριαρχικῷ
711 4692 898 4770 σταυροπηγίῳ
926 4691 1070 4770 ἱδρυμένην
1096 4692 1144 4753 καὶ
1171 4697 1218 4769 τὴν
1246 4693 1384 4777 ἀναφορὰν
1411 4705 1468 4760 τῶν
1498 4689 1587 4768 mi}
