3228 5294
1298 357 1341 424 25

49 547 225 624 ἑγκελείιεται
247 548 291 608 διά
313 553 359 612 τοῦ
380 552 513 630 παρόντος
536 549 663 627 εθσεβαθς
684 550 893 631 χρυσοβοίιλλου
915 549 1012 632 λόγου,
1040 549 1156 626 βεβαίας
1178 552 1270 626 μένειν
1293 551 1340 613 καί

49 672 145 742 ταότας
165 669 213 730 καί
235 670 366 752 ἀρραγεῑς
392 669 439 732 καὶ
466 671 505 748 μὴ
532 674 606 752 παρά
636 693 708 745 τινος
738 673 846 754 θραθοιν
874 671 1030 750 δεχομένας
1058 676 1077 748 ἢ
1109 672 1259 734 ἀλλοίωσιν
1289 674 1338 750 τὴν

49 791 162 874 οἱανοῡν,
191 791 267 874 εἴπερ
290 792 400 868 δηλαδὴ
423 794 548 874 είιλόγως
569 791 616 854 καὶ
639 793 753 867 δικαίως
775 793 889 866 ἐκείνοις
910 789 945 855 τά
970 797 1079 854 τοιαῦτα
1102 793 1218 876 διέφερε.
1266 794 1341 856 ἔσται

48 913 89 974 οὖν
110 917 129 991 ἡ
151 919 274 998 παροῦσα
295 914 501 996 χρυσόβουλλος
522 917 612 998 γραφὴ
634 918 665 978 τδ
687 915 800 994 βέβαιον
822 916 1011 997 ἀπορερομέυη
1030 914 1078 976 καὶ
1097 915 1335 998 ἀπαρεγχείρητον

50 1033 86 1107 είς
111 1036 173 1108 τους
202 1034 266 1114 ἑξῆς
294 1039 415 1110 ἅπαντας
441 1036 489 1098 καί
517 1038 653 1114 διηνεκεῖς
681 1041 797 1120 χρόνους
826 1035 874 1098 καὶ
902 1039 967 1118 παρ’
991 1037 1101 1111 οίιδενός
1129 1037 1182 1099 τῶν
1213 1039 1340 1100 ἀπάντων

49 1159 213 1234 ἀθετουμένη
241 1159 285 1220 διὰ
311 1161 341 1220 τό
369 1161 454 1233 οίπως
481 1159 627 1236 εὐδοκῆσαι
653 1161 702 1236 τὴν
726 1159 868 1234 βασιλείαν
891 1181 943 1237 μου
966 1158 1009 1221 ἐπὶ
1030 1131 1188 1244 λυσιτελείᾳ
1209 1167 1339 1242 μοναχῶν

49 1279 218 1354 ἑξωσθέντων
241 1282 292 1357 μὲν
313 1288 367 1343 τῶν
390 1281 466 1344 ίδίων
487 1283 537 1344 ὑπό
558 1287 612 1343 τῶν
638 1287 733 1356 κακῶς
759 1281 955 1358 ἀπολουμένων
985 1282 1073 1342 ἀθέων
1102 1281 1149 1344 καί
1179 1247 1339 1366 καταρδοων

48 1405 159 1486 ἐχθρῶν,
184 1403 341 1486 ἀλλοτρίοις
363 1405 395 1466 δὲ
416 1407 508 1478 τόποις
531 1405 757 1484 ἐνσκηνωσάντων
778 1403 826 1466 καὶ
847 1404 902 1482 ἤδη
925 1406 1154 1483 κακουχουμένων
1177 1404 1221 1466 έτὶ
1241 1407 1337 1486 συχνόν

46 1527 88 1586 καὶ
110 1526 150 1598 είς
173 1522 223 1598 τάς
245 1527 381 1606 ἡμετέρας
404 1527 565 1608 ἀφορώντων
591 1529 698 1609 χεῖρας,
721 1529 812 1608 ὥσπερ
841 1529 923 1604 ἡμεῖς
953 1525 993 1600 είς
1020 1527 1070 1599 τάς
1100 1531 1144 1588 τοῦ
1175 1529 1246 1590 θεοῦ.
1291 1527 1339 1588 καὶ

49 1647 219 1721 ἑξκουσσείος
252 1643 296 1735 [δέ
318 1646 511 1735 ἀπολαάοουοι]
537 1648 585 1710 καί
611 1645 792 1736 [ἐλευθερίας]
819 1655 913 1710 πασῶν
941 1647 1171 1731 ἀπροαδιορίστως
1200 1655 1254 1712 τῶν
1286 1651 1338 1712 έπ-

46 1777 141 1851 ηρειῶν
169 1769 218 1831 καὶ
244 1773 403 1833 κακιόοεων.
448 1776 530 1833 ταῦτα
552 1773 640 1833 πάντα
661 1772 899 1833 καταπολοιόοουαι
920 1769 967 1832 καί
989 1771 1104 1856 αὐδεμιᾷ
1125 1773 1247 1832 κακιθοει
1269 1773 1337 1832 ὑπο-

46 1893 246 1974 βληθήαωνται,
269 1891 293 1954 εί
316 1893 354 1970 μὴ
378 1893 506 1969 βούλεται
529 1895 544 1952 ό
565 1895 639 1976 παρά
660 1893 695 1954 τά
717 1895 832 1954 ἐνταῦθα
849 1894 1084 1974 παραθησόμενος
1102 1891 1337 1976 καταπράξαοθαι,

45 2012 196 2101 [ἀπο]δόοει
226 2017 371 2095 προστίμου
400 2016 500 2096 λιτρῶν
527 2017 608 2076 πέντε
631 2014 671 2090 είς
692 2017 722 2076 τά
745 2021 797 2076 τῶν
820 2013 965 2076 οίιιειακῶν
988 2018 1115 2096 σέιιριτον
1138 2015 1336 2098 ὑποβληθῆναι,

46 2132 85 2197 σἰα
105 2138 256 2212 βασιλικῶν
275 2137 471 2218 κατολιγωρῶν
491 2135 651 2218 διατάξεων,
674 2138 712 2210 ὡς
735 2137 847 2214 βεβαίου
866 2135 913 2198 καὶ
933 2137 1071 2216 ἀσφαλοῦς
1089 2139 1270 2216 τυγχάνοντος
1289 2141 1336 2198 τοῦ

45 2263 174 2338 παρόντος
201 2259 329 2336 εθυεβαός
354 2259 561 2340 χρυσοβτὺλλου
587 2259 673 2339 λόγου
699 2263 749 2338 τῆς
778 2258 922 2332 βασιλείας
948 2279 1009 2340 μου,
1036 2261 1224 2337 γεγενημένου
1253 2259 1338 2320 κατά

45 2382 93 2440 τὀν
115 2381 255 2460 μ’ἀρτιον
279 2387 365 2458 μῆνα
384 2387 443 2458 τῆς
461 2381 586 2460 ὀγδόης
602 2379 824 2462 ίνδικτιιῖινος,
848 2381 880 2442 ἐν
901 2381 969 2442 ἔτει
988 2380 1031 2460 τῷ
1052 2377 1336 2460 ἑξακισχιλιοστῷ

45 2505 309 2584 πεντακοσιοστῴ
339 2501 568 2584 ἀννενηκοοτῷ
598 2505 710 2585 τρίτῳ,
741 2503 770 2564 έν
801 2497 824 2583 ᾧ
853 2501 901 2564 καὶ
929 2503 960 2564 τό
993 2503 1124 2584 ἡμέτερον
1152 2503 1264 2580 εὐσεβὲς
1290 2501 1337 2564 καὶ

46 2627 244 2706 θεοπρόβληιον
264 2627 454 2702 θπεσημήνατο
474 2629 574 2706 κρότος
593 2628 624 2706 †.

141 2752 163 2830 †
187 2745 355 2828 Άλέξιος,
378 2748 412 2808 ἐν
432 2746 560 2828 Χριστῷ
579 2749 623 2828 τῲ
645 2747 710 2825 θεῷ
730 2749 845 2819 πιστός
867 2746 1025 2823 βασιλεὺς
1046 2746 1102 2807 καὶ
1126 2749 1336 2829 αὐτοκράτωρ

44 2873 226 2954 Ῥωμαίων,
249 2873 265 2930 ό
287 2872 461 2948 Κομνηνός
482 2875 514 2952 †.

141 3003 323 3072 Archetypum
345 3001 430 3056 εόατι.
447 3001 492 3056 Fl.
509 3017 559 3054 ιιιυ
582 3004 610 3055 4.

141 3117 163 3182 ¹)
181 3117 244 3168 Non
261 3121 353 3166 οιειει

320 3385 411 3452 VIII.
436 3381 660 3466 6595-1087,
684 3405 795 3447 mense
818 3385 911 3466 maio,
933 3380 998 3446 ind.
1015 3381 1057 3446 X.

46 3571 192 3640 Imperator
214 3569 325 3624 Alm'uo
350 3569 373 3622 Ι.
397 3570 542 3622 Comma
565 3567 648 3620 donat
671 3565 772 3620 Sancto
797 3564 966 3618 ίθαίείυιίυάι
989 3570 1071 3618 lotam
1093 3564 1212 3618 ιἰιευίυιιι
1234 3563 1330 3633 Lipso,

45 3677 151 3742 praedia
182 3677 237 3729 duo
267 3681 293 3728 ct
321 3673 463 3726 dimidium
494 3671 580 3725 castri
605 3670 721 3724 Peucetii
746 3671 775 3722 ιἰι
802 3669 892 3722 imula
918 3669 989 3722 Lero
1017 3669 1159 3738 ετίιιιίιιριιε
1184 3668 1287 3722 donata
1315 3685 1334 3720 a

624 3775 742 3830 ότίίιιιόάι.

71 3987 76 3994 “
137 3977 160 4054 †
193 3973 246 4032 Ἐν
274 3973 414 4048 όνόματι
441 3975 495 4031 τοῦ
523 3972 645 4050 πατρός
676 3967 731 4030 καὶ
759 3971 815 4028 τοῦ
845 3967 914 4028 υίοῦ
943 3964 998 4026 καὶ
1027 3971 1082 4026 τοῦ
1112 3966 1208 4044 ἁγίου
1237 3965 1332 4026 πνεό-

47 4113 146 4166 μιτος.
199 4089 364 4172 Ἀλὲξιος,
391 4093 522 4172 πιστός,
549 4087 730 4170 όρθόδοξος
757 4089 918 4163 βασιλεὺς
939 4085 996 4148 καὶ
1019 4089 1231 4167 αὺτοκράτωρ
1255 4087 1333 4146 Ῥω-

48 4217 153 4297 μαίων,
185 4215 413 4296 όΚομνηυός,
443 4219 555 4294 πᾶσιν,
587 4203 636 4283 οἷς
662 4213 697 4272 τό
722 4213 826 4292 παρὀν
855 4207 1085 4272 ἐπιδείκνυται
1106 4207 1278 4287 οιγίλλιον
1301 4210 1331 4288 †.

137 4339 159 4418 γ
183 4335 239 4396 Καὶ
261 4337 287 4396 τί
308 4335 362 4417 γὰρ
386 4339 418 4396 ἀν
440 4357 480 4408 τις
501 4335 643 4416 χαρίσαιτο
666 4333 753 4415 δῶρον
776 4329 929 4413 ἀξιόχρεων
948 4333 1127 4414 τῄπανάγνῳ
1143 4327 1271 4413 δεσποίνῃ
1286 4327 1334 4390 καὶ

48 4459 195 4539 θεομητορις
229 4461 339 4530 πάντως
366 4458 454 4538 οίιδέν,
484 4459 536 4516 κάν
563 4455 587 4516 εί
616 4455 680 4516 τόδε
705 4457 737 4516 τό
764 4461 817 4516 πᾶν
844 4455 1024 4536 προσενέγκῃ.
1067 4448 1170 4533 τίοῦν,
1193 4452 1260 4512 διότι
1282 4458 1333 4530 τῆς

49 4575 110 4652 ἀξίας
131 4581 298 4660 λειπόμεθα,
320 4581 351 4640 τό
373 4585 426 4638 πᾶν
450 4577 624 4658 ἐλλίπωμενς
654 4577 792 4658 οάδαμιῖις,
821 4575 899 4637 ἀλλά
921 4575 1174 4658 προειαενόγκωμεν
1196 4575 1279 4656 ταύτῃ
1301 4576 1332 4634 τδ

48 4702 104 4759 κατὰ
118 4702 244 4778 δὺναμιν·
269 4701 332 4762 οὐδὲ
347 4701 402 4782 γάρ
420 4702 571 4780 χρημάτων
591 4701 659 4780 τάκ-,η
678 4697 725 4758 καὶ
744 4701 890 4795 κτημάτων
904 4697 997 4780 χρεία,
1017 4695 1083 4778 οὔσῃ
1098 4695 1231 4778 ἀνενδεεῖ,
1254 4695 1332 4755 ἀλλά
