3162 5278
1282 353 1345 416 277

153 543 175 618 †
199 541 389 620 Μακάριος,
413 539 637 620 ίερομόναχος
659 539 983 620 καίκαθηγουμενος
1004 548 1107 620 μονῆς
1122 543 1266 625 Πάτμου,
1290 545 1346 604 καὶ

56 665 80 722 οἱ
102 664 153 722 συν
178 661 253 738 ἐμοὶ
277 659 416 740 ἀδελφοί
440 660 660 742 ίερομόναχοι
682 663 737 723 καί
760 665 910 741 μοναχοί.
935 665 956 742 †

152 792 239 846 Extat
255 793 284 844 ιἰι
300 791 341 844 M.
362 791 454 844 chuia·
472 791 679 862 Ταντομταεοία.
700 793 814 846 Βαοίίειι
832 792 1019 860 (1584)li1›r.
1038 794 1057 846 Ι
1063 795 1092 848 V.
1112 811 1144 862 p.
1164 797 1343 850 301-302.

341 1075 495 1140 oxxm.
522 1074 746 1161 τοτε-ιιιω,
769 1129 852 1142 ....
876 1077 941 1144 ππ.
959 1079 1049 1144 vm.

54 1229 224 1296 Sophronias,
245 1226 410 1296 patriarcha
424 1225 684 1296 ἀίατοτοίγιαίιααιια,
708 1227 833 1280 hortatur
853 1228 1001 1297 monachos,
1026 1235 1056 1282 ut
1079 1229 1159 1282 οιήνιιί
1178 1227 1298 1282 habitent
1320 1235 1344 1282 εί

470 1331 561 1384 eudem
585 1331 656 1383 vitae
679 1333 782 1384 ratione
805 1338 927 1386 utantur.

150 1483 172 1562 †
197 1483 396 1560 Σωφρόνιος,
423 1479 508 1560 ἐλέῳ
531 1482 606 1540 θεοῦ
628 1484 836 1562 πατριάρχης
863 1489 921 1558 τῆς
943 1482 1043 1561 ἁγίας
1065 1483 1198 1554 πόλεως
1221 1484 1344 1564 Ἰερου-

51 1605 158 1678 σαλήμ
180 1601 237 1662 καίΙ
258 1604 366 1678 πάσης
388 1601 626 1678 Παλαιστίνης.
651 1603 672 1680 ή

148 1761 170 1838 ή
194 1759 231 1818 Οί
253 1763 303 1834 τῆς
325 1757 401 1837 ίεράς
423 1755 469 1816 καί
492 1758 568 1830 θείας
591 1757 811 1834 βασιλικωτάτης
836 1765 922 1834 μονῆς
944 1764 990 1818 τοῖν
1014 1760 1101 1839 οίγίου,
1126 1757 1246 1840 ἐνδόξου,
1269 1781 1342 1819 παν-

50 1887 165 1962 ευφήμου
181 1881 335 1942 ἀποστόλου
354 1877 401 1940 καὶ
424 1881 619 1960 εὐαγγελιστοῦ
640 1881 768 1940 Ἰωάννου
791 1886 836 1940 τοῦ
857 1880 1000 1960 Θεολόγου
1024 1881 1052 1940 ἐν
1075 1887 1108 1962 τῇ
1131 1886 1205 1960 νήσῳ
1228 1882 1343 1960 Πάτμῳ,

50 2007 104 2064 Ξτε
130 2005 334 2075 πανοσιῶτατος
360 2003 568 2080 καθηγούμενος
599 2003 643 2062 σύν
673 2006 729 2074 τοῖς
755 2002 862 2074 λοιποῖς
890 2004 969 2062 αὺτοῦ
997 2003 1141 2081 ἀδελφοῖς,
1172 2005 1343 2076 τιμιωτάτοις

49 2126 239 2206 ίερομονόχοις
258 2145 288 2184 τε
311 2123 358 2184 καί
381 2125 529 2202 μοναχοῖς,
557 2123 623 2196 υίσῖς
645 2121 716 2183 κατὰ
742 2129 849 2198 πνεῦμα
873 2125 1024 2202 ἀγαπητοῖς
1050 2129 1099 2199 τῆς
1121 2125 1200 2200 ἡμῶν
1228 2126 1343 2205 μητριό-

48 2269 133 2328 τητος,
164 2250 245 2326 χάρις
273 2245 315 2322 εἴη
343 2247 403 2320 ὑμῖν
432 2243 480 2304 καί
510 2242 603 2324 εἰρήνη
635 2244 681 2304 καίΙ
710 2246 792 2317 ἐλεος
819 2246 872 2306 ἀπό
899 2250 945 2306 τοῦ
973 2247 1076 2324 ἀγαθοῦ
1103 2244 1150 2306 καί
1173 2247 1343 2326 Ιὐπεραγοίθου

48 2368 89 2427 καί
110 2370 272 2448 ποιναγάθου
294 2369 374 2442 ήμῶν
401 2368 463 2426 θεοῦ
487 2365 534 2425 καί
562 2367 700 2442 βασιλέως
723 2368 839 2447 Χριστοῦ
861 2372 907 2428 τοῦ
929 2369 1073 2440 νεόσαντος
1096 2367 1135 2440 είς
1157 2368 1206 2440 τὰς
1228 2363 1343 2448 καρδίας

48 2493 117 2564 ὑμῶν
148 2489 195 2550 καί
227 2490 333 2550 δέδωκε
364 2489 466 2563 βουλὴν
497 2489 603 2568 ἀγαθήν
636 2487 683 2548 καί
715 2490 818 2550 ἔννοιαν
850 2491 893 2550 διὰ
928 2493 957 2550 τό
988 2489 1121 2564 κοινόβιον
1152 2489 1267 2563 ἐκλέξαι
1296 2489 1342 2552 καὶ

48 2613 195 2687 βεβαιῶσαι
222 2613 297 2691 αὒτό,
328 2611 367 2682 ῶς
395 2609 503 2670 δέδοται
533 2611 579 2670 ἀπ’
603 2611 692 2690 ἀρχῆς
719 2611 752 2670 νά
778 2613 949 2672 πολιτεθεται
979 2615 996 2686 ἡ
1024 2609 1099 2684 τάξις
1130 2618 1184 2672 τῶν
1212 2618 1342 2691 μοναχῶν

49 2735 166 2814 μᾶλλον,
196 2733 290 2804 καθὼς
321 2733 489 2792 διατάττεται
519 2731 565 2793 καί
592 2733 607 2790 ό
631 2735 708 2811 ἅγιος
731 2735 935 2815 Χριστόδουλος
964 2731 1011 2794 καί
1041 2740 1090 2808 τῆς
1121 2740 1208 2810 μονῆς
1236 2737 1342 2814 κτήτωρ

48 2857 113 2930 μετὰ
136 2857 298 2936 ἀφορισμοῦ·
331 2856 421 2926 «όστις
445 2855 584 2936 ἀνατρέψῃ
611 2855 738 2930 δηλονότι
761 2858 791 2916 τό
814 2856 947 2930 κοινόβιόν
971 2877 1023 2930 μου
1050 2855 1097 2916 καί
1119 2859 1232 2934 γένηται
1255 2855 1341 2936 ίδιόρ-

48 2980 153 3056 ρυθμον,
185 2975 264 3048 δίκας
292 2973 375 3036 δώσει
400 2973 440 3054 τῷ
462 2973 517 3054 θεῷ
545 2975 574 3034 ἐν
596 2978 687 3057 ήμέρφι
718 2976 959 3048 ἀνταποδόσεωςν.
993 2981 1070 3036 τοῦτο
1098 2981 1162 3055 γοῦν
1192 2979 1266 3059 παρὰ
1296 2983 1341 3038 τοῦ

47 3103 204 3172 τιμιωτάτου
234 3099 263 3157 ἐν
293 3094 485 3177 ίερομονάχοις
514 3095 560 3156 καί
591 3097 720 3177 ὑμετέρου
751 3098 880 3178 ἀδελφοῦ,
907 3103 985 3158 παπαῖ
1011 3101 1060 3176 κϋρ
1084 3098 1194 3177 Ἰωσήφ,
1225 3098 1272 3158 καί
1304 3098 1342 3171 είς

47 3223 116 3294 ήμτίς
146 3222 253 3298 ἠνέχθη
283 3221 313 3280 τό
345 3220 380 3282 δ,
401 3219 539 3282 ...λίαν
566 3221 641 3296 ήμοῖς
672 3219 800 3300 εὔφρανεν
826 3223 844 3298 ἡ
874 3222 956 3296 ταίτη
987 3219 1138 3301 συμφωνία,
1169 3221 1213 3280 ἵνα
1243 3223 1282 3296 μὴ
1310 3224 1341 3280 τό

48 3347 127 3402 κακόν
158 3342 287 3422 διαμείνῃ
315 3339 448 3402 ἀθάνατον
476 3342 554 3414 ἐκτός
582 3342 724 3422 διαγωγῆς
750 3345 939 3422 κοινοβιακῆς,
971 3345 1009 3414 ῶς
1037 3343 1165 3418 βούλεται
1191 3345 1221 3402 τό
1251 3344 1341 3422 ἐπάγ-

48 3467 138 3540 γελμα
160 3469 207 3524 τοῦ
231 3465 384 3542 ἀγγελικοίν
405 3462 453 3523 καί
475 3462 547 3524 θείου
571 3466 718 3540 μονοιδικοῦ
741 3469 894 3544 σχήματος,
917 3465 1009 3536 καθὼς
1031 3464 1192 3544 παρέδωκεν
1216 3464 1230 3522 ό
1253 3466 1343 3544 σωτήρ

49 3586 190 3646 καὶτοῦτο
218 3586 244 3646 οἱ
268 3591 381 3646 τοιοῦτον
404 3586 538 3664 ἐτήρησαν
562 3586 695 3662 μαθηταί·
719 3588 749 3644 οίι
771 3587 825 3666 γάρ
849 3585 914 3668 ἀήπδ
933 3593 987 3645 τῶν
1006 3583 1125 3670 χρόήνων
1146 3587 1297 3664 ΙΙαχωμίου
1313 3607 1343 3645 τε

49 3707 89 3766 καί
113 3705 181 3793 [τοῦ]
206 3707 332 3782 Θηβαίου
356 3707 467 3766 ΙΙοτόλου
490 3705 537 3766 καί
554 3707 691 3768 Ἀντωνίου
713 3711 789 3768 τοῦτο
812 3703 925 3789 ἤρξατο,
948 3709 987 3779 ῶς
1006 3710 1078 3780 τινές
1100 3729 1187 3787 φασιν,
1212 3704 1280 3768 ἀλλ’
1297 3706 1342 3767 ἀπ’

51 3830 122 3889 αθτοῦ
151 3833 199 3889 τοῦ
230 3835 352 3908 σωτῆρος
381 3827 429 3890 καί
458 3829 497 3902 είς
526 3829 588 3902 τοίας
618 3831 785 3902 ἀποστόλους
814 3831 915 3912 ἐλθεῖν,
947 3831 1006 3890 ἐπεῖ
1035 3831 1156 3890 κάκεῖνοι
1187 3831 1343 3906 μοναδικῶς

52 3949 110 4018 ἔζων
127 3951 156 4011 έν
171 3973 206 4033 τη
223 3950 320 4030 άγνείᾳ
343 3949 390 4010 καί
412 3953 522 4032 τροφαῖς
544 3951 590 4011 καί
615 3952 743 4026 ἐνδόμαοι
765 3951 812 4012 καί
836 3953 864 4012 ἐν
884 3953 1019 4028 νηστείαις
1041 3949 1088 4012 καί
1109 3955 1274 4031 προσευχαῖς
1296 3950 1344 4012 καί

51 4070 85 4144 είς
109 4075 172 4146 τοὺς
200 4074 259 4149 μετ’
285 4073 449 4148 ἐ....θη
476 4072 523 4132 καί
552 4071 592 4145 είς
618 4074 679 4145 τοὺς
706 4073 795 4146 ὁσίους
821 4076 942 4154 πατέρας
973 4073 1130 4152 ἐξέλαμψε,
1164 4071 1283 4148 μάλιστα
1312 4075 1343 4134 δὲ

51 4195 91 4252 καὶ
112 4198 253 4276 προφήτας
274 4195 371 4254 Ἰίλιοθ
392 4195 541 4274 ἀναχωρῶν
564 4194 611 4256 καί
632 4197 765 4275 παρθένος
789 4196 839 4270 μὲν
862 4195 927 4274 ὑπὲρ
949 4197 995 4256 τόν
1018 4199 1101 4270 νόμον
1124 4195 1169 4254 καί
1187 4196 1343 4266 Ἐλισσαῖος

52 4317 116 4395 αάτῷ
143 4319 418 4391 καθυποτασσόμενος
447 4315 494 4376 καί
526 4315 608 4377 οίκῶν
636 4319 666 4376 τό
694 4317 755 4396 όρος
784 4316 831 4376 καὶ
861 4318 875 4374 ό
903 4317 1050 4392 βαπτιστὴς
1074 4319 1205 4392 Ἰωάννης
1234 4317 1342 4396 ὔστερον

52 4439 128 4515 ἀρνός
157 4439 206 4498 καί
233 4441 336 4518 γυμνδς
366 4437 412 4498 καὶ
441 4441 555 4520 ἄτροφος
585 4435 703 4524 [διῃτᾶτο
730 4434 838 4524 τόπους]
871 4439 987 4519 ἐρήμους
1017 4437 1100 4498 οἰκῶν
1129 4437 1176 4498 καί
1205 4441 1343 4519 κηρύττων

52 4565 203 4640 μετάνοιαν,
227 4559 392 4621 τετελείωκε
417 4561 447 4622 δὲ
470 4559 517 4621 καί
539 4561 712 4641 παρέδωκεν,
738 4563 776 4632 ὡς
800 4562 912 4640 ἔφημεν,
940 4563 954 4620 ό
978 4564 1077 4639 σωτήρ,
1100 4557 1146 4618 καί
1169 4563 1343 4637 κοινοβιακοῦ

52 4679 79 4740 δὲ
101 4685 159 4758 βίον
182 4682 257 4758 τάξιν
274 4681 396 4756 ἀπέδειξε
414 4685 458 4744 διά
480 4689 534 4743 τῶν
557 4685 635 4744 αθτυῦ
658 4684 787 4760 μαθητῶν
810 4682 856 4743 καί
878 4685 909 4742 τό
932 4679 1148 4757 καταλιμπάνειν
1172 4687 1217 4744 τοῦ
1239 4685 1342 4759 κόσμου
