3228 5294
1300 359 1343 422 45

54 543 82 602 τό
100 543 213 622 θεοφιλῆ
237 549 291 604 τῶν
315 543 419 624 ἀρετῶν
441 547 596 627 σπέρματα,
618 545 665 606 καί
688 548 797 630 ἀρετῆς,
825 549 864 620 ῶς
892 545 986 630 εἰπεῖν,
1010 550 1181 630 ῦπάρχσυσαν
1206 551 1342 630 ἐργαστή-

54 687 110 744 ριον,
134 668 252 746 πρώτως
278 662 333 747 γάρ
361 667 407 727 διά
432 669 462 728 ιδ
489 669 614 750 καθσίπερ
640 669 698 730 τινά
720 669 825 750 κλῆρον
848 668 989 750 εἰληφέναι
1011 671 1060 744 τὰς
1083 672 1112 731 ἐν
1135 672 1201 754 αὐτῆ
1224 677 1270 734 τοῦ
1292 681 1342 750 τῆς

55 789 160 866 βροντῆς
182 788 238 848 υἱοῦ
260 787 369 867 καὶτῷ
392 789 499 871 Χριστῷ
528 789 706 870 διαφερόντως
728 793 908 868 ήγαπημένσυ
934 793 1084 880 διατριβάς,
1116 795 1209 854 ἔπειτα
1237 795 1268 855 δὲ
1295 793 1342 855 καί

54 911 78 967 τό
97 914 145 983 τῆς
167 911 270 982 θέσεως
292 915 339 970 τοῦ
360 913 443 972 τόπου
466 911 595 992 ἐρημικδν
617 911 663 972 καί
686 915 852 992 μονῶτατον,
875 911 922 973 καί
945 917 984 989 μή
1008 935 1081 986 τινας
1105 916 1179 994 ἔχειν
1201 917 1262 988 τοῦς
1285 917 1343 977 ἐκεῖ

54 1030 278 1110 παραβάλλοντας
306 1030 350 1090 διὰ
376 1034 407 1092 τό
433 1039 483 1108 τῆς
510 1033 622 1113 ήπείρον
648 1034 807 1094 ἀποκεῖσθαι
835 1038 953 1115 μακρσίν,
980 1036 1120 1114 προσῆλθε
1146 1043 1179 1120 τῆ
1213 1038 1342 1120 βασιλείᾳ

55 1172 96 1224 μου
118 1151 275 1232 ἐκλιπαρῶν
299 1153 380 1228 μάλα
400 1155 558 1232 περιπαθῶς
580 1151 757 1236 σιιλλήπτσρα
784 1157 880 1232 ταῦτην
909 1157 1030 1238 ἐφευρεῖν
1056 1160 1123 1238 πρός
1150 1159 1198 1233 τὴν
1224 1163 1270 1218 τοῦ
1298 1157 1341 1219 οἰ-

54 1271 117 1330 κείου
147 1274 323 1354 ἐκπλήρωσιν
355 1275 458 1353 ἐφετοῦ,
489 1275 536 1336 καί
568 1274 759 1352 ἐξαιτούμενος
791 1277 964 1359 ἀφορισθῆναι
995 1279 1045 1355 μὲν
1075 1280 1122 1339 ἀπ’
1154 1281 1276 1340 ἐντεῦθεν
1302 1281 1340 1360 τῷ

56 1393 168 1472 δημοσίῳ
189 1395 225 1454 τά
248 1396 277 1454 ἐν
300 1401 334 1478 τῆ
357 1399 433 1474 νήσῳ
457 1397 507 1478 Κῷ
530 1399 694 1475 όθενδήπστε
722 1399 794 1478 αὐτῷ
820 1401 1032 1479 προσκτηθέντα,
1056 1402 1107 1461 ὅσα
1128 1399 1176 1462 καί
1198 1396 1241 1462 οῖά
1264 1401 1340 1482 εἰσιν,

55 1523 201 1598 ἀντιλαβεῖν
228 1524 261 1584 δὲ
287 1524 337 1602 ’τήν
365 1524 511 1605 εἰρημένην
539 1523 647 1582 ἅπασαν
676 1527 758 1598 νῆσον
788 1521 875 1600 δῶρον
906 1521 1083 1602 ἀναφαίρετον
1113 1521 1161 1584 καί
1191 1524 1341 1602 ἐκκοπῆναι

54 1645 82 1702 τό
105 1645 264 1720 ἐπικείμενα
290 1647 374 1729 τσότῃ
402 1647 522 1722 δημόσια
546 1643 627 1722 τέλη,
656 1644 706 1703 ὅσοι
733 1641 780 1702 καί
807 1635 851 1703 σῖοί
879 1640 954 1722 εἰσιν,
986 1642 1134 1724 ἐλευθέραν
1157 1644 1188 1704 δὲ
1209 1647 1258 1722 τἠν
1280 1668 1339 1707 τοι-

56 1767 126 1840 αίτην
147 1774 229 1842 νῆσον
253 1767 410 1847 δωρηθῆναι
436 1766 508 1845 αὐτῷ
535 1763 582 1826 καὶ
608 1767 698 1839 πάσης
725 1765 947 1844 ἀπηλλαγμένην
975 1772 1132 1846 σεκρετικῆς
1159 1769 1339 1847 συζητήσεως,

56 1887 88 1958 ῶς
108 1891 140 1946 ἀν
162 1891 360 1968 φροντιστήριον
383 1909 407 1948 τι
435 1889 463 1948 ἐν
487 1889 552 1970 αὐτῆ
576 1885 722 1966 ἀνεγείροι,
745 1884 806 1957 τοῦς
829 1883 945 1958 οἰκείους
966 1906 996 1944 τε
1019 1887 1144 1963 μαθητὰς
1167 1887 1210 1948 ἐπί
1230 1891 1260 1950 τδ
1276 1890 1339 1950 αὐτδ

55 2011 201 2088 συναγάγοι,
224 2009 271 2070 καί
294 2011 380 2082 σῦτως
402 2010 608 2088 ἀπερισπάστως
629 2006 810 2088 προσσμιλοίη
835 2006 890 2086 θεῷ
912 2005 959 2067 καί
980 2007 1030 2081 τάς
1059 2008 1126 2090 ίιπὲρ
1153 2015 1198 2070 τοῦ
1225 2014 1339 2091 κρότους

54 2130 122 2203 ήμῶν
149 2132 318 2211 θερμοτέρας
343 2133 446 2191 ποιοῖτο
474 2132 567 2209 εἰιχοίς.
599 2131 661 2188 ὅθεν
683 2127 730 2189 καὶ
754 2129 896 2209 διορίζεται
920 2128 965 2189 διά
986 2133 1032 2190 τοῦ
1054 2133 1186 2211 παρόντος
1213 2133 1339 2208 εῦσεβοῦς

53 2251 249 2329 χσνσοβοῦλλου
279 2252 365 2332 λόγου
393 2252 638 2333 προσαφορισθῆναι
668 2249 719 2326 μὲν
749 2249 787 2328 τῷ
818 2249 950 2330 δημοσίῳ,
979 2251 1051 2311 κατὰ
1080 2252 1128 2327 τήν
1160 2251 1261 2330 αἴτησιν
1292 2257 1339 2314 τοῦ

55 2373 245 2446 εἰλαβεστσίτου
274 2375 414 2454 γέροντος,
444 2376 497 2434 όσα
523 2372 569 2432 καί
597 2367 640 2432 οἰα
668 2373 696 2432 ἐν
723 2379 756 2454 τῇ
783 2374 857 2451 νήσῳ
884 2370 934 2450 Κῷ
962 2372 1125 2448 δθενδήποτε
1154 2374 1226 2454 αὐτῷ
1252 2397 1338 2456 προσ-

55 2496 204 2574 εκτήθησαν,
230 2495 356 2574 δωρεῖται
379 2494 411 2555 δὲ
433 2493 505 2575 αῦτῴ
526 2495 576 2572 τήν
600 2493 771 2567 δηλωθεῖσαν
794 2500 876 2570 νῆσον
899 2494 970 2569 μετὰ
991 2498 1079 2572 πόσης
1103 2497 1185 2573 αὐτῆς
1206 2504 1339 2578 περιοχῆς

54 2613 93 2674 καί
120 2616 333 2696 διακρατήσεως,
357 2617 389 2676 οἰι
415 2623 556 2697 καιρικῶς,
584 2615 647 2676 οῦδέ
676 2617 786 2696 χρόνοις
815 2613 982 2694 ἀριθμησοῖς,
1009 2616 1077 2676 ἀλλ’
1101 2617 1145 2676 ἐπ’
1168 2619 1338 2700 ἀναφαιρέτῳ

53 2737 93 2796 καὶ
114 2737 231 2815 διηνεκεῖ
253 2737 397 2820 δεσποτεία
418 2735 465 2798 καί
487 2739 630 2819 κνριόιητι,
653 2734 700 2796 καί
723 2736 803 2816 ἀχρις
825 2739 858 2796 ἀν
881 2736 895 2796 ἀ
917 2736 1011 2817 παρὼν
1034 2736 1158 2818 διαρκσίη
1182 2738 1258 2821 αἰών,
1282 2741 1337 2802 διο-

54 2862 172 2936 ρισαμένη
204 2859 354 2935 ἐκκοπῆναι
385 2859 437 2936 μὲν
466 2857 513 2919 καί
543 2857 703 2936 λογισθῆναι
734 2856 782 2918 καί
810 2857 843 2918 τόι
868 2858 972 2932 Ιταῦτ-ης
998 2860 1105 2920 ἅπαντα
1128 2859 1247 2938 δημόσια
1267 2865 1337 2939 τέλη
1375 2859 1381 2875 “

54 2977 94 3038 καί
113 2981 191 3060 βσίρη,
216 2972 262 3041 σία
284 2979 331 3040 καί
354 2981 406 3040 ὅσα
427 2982 597 3059 τυγχάνουσι,
619 2986 670 3055 τῆς
695 2985 855 3060 προγραφῆς
881 2983 928 3040 τοῦ
954 2979 1109 3059 λογιστικοῦ
1134 2986 1281 3062 γινομένης
1309 2987 1338 3045 ἐν

54 3104 100 3173 τοῖς
119 3105 286 3182 σεκρετικοῖς
308 3101 432 3182 χαρτίοις
455 3101 501 3162 διὰ
527 3101 713 3180 κινναβάρεως
740 3099 812 3180 χειρί
836 3105 882 3162 τοῦ
909 3102 1135 3186 πρωτσπροέδρου
1161 3107 1336 3168 Κωνσταντι-

56 3225 200 3296 νουπόλεως
228 3221 276 3283 καί
303 3221 348 3283 ἐπὶ
374 3229 427 3284 τῶν
455 3222 577 3298 δεήσεων
603 3226 650 3282 τοῦ
679 3221 883 3302 Χοιρσσφοίκτου
912 3229 958 3285 τοῦ
988 3223 1088 3286 οἰκείου
1117 3223 1257 3308 ἀνθρώπου
1287 3235 1337 3305 τῆς

56 3343 183 3418 βασιλείας
215 3367 283 3424 μου·
318 3347 357 3418 ῶς
385 3346 440 3426 γάρ
471 3343 608 3423 ἐξαίρετόν
638 3365 663 3404 τι
693 3344 822 3422 ἀνσίθημα
850 3344 897 3406 καί
928 3345 1108 3428 καλλιέρημα
1138 3351 1266 3428 μέγιστον
1293 3349 1337 3410 διά

56 3468 125 3538 μέσον
151 3473 209 3530 τοῦ.
227 3467 277 3543 τὴν
307 3467 409 3543 αἴτησιν
440 3466 634 3544 ἀνενεγκόντος
666 3465 802 3542 εῦλαβοῦς
832 3472 953 3545 μοναχσῦ
979 3471 1027 3544 τἠν
1060 3471 1185 3545 τοιαύτην
1210 3477 1291 3550 νῆσον
1318 3475 1336 3548 η

58 3585 165 3659 βασιλεία
188 3611 241 3665 μου
264 3588 368 3670 ἀφιεροῖ
389 3589 428 3667 τῷ
451 3585 516 3666 θεῷ,
539 3584 587 3646 καί
611 3587 686 3646 ἔσται
709 3587 762 3647 ἀπό
785 3607 819 3666 γε
841 3595 891 3664 τῆς
913 3591 1032 3671 σήμερον
1055 3589 1102 3652 καὶ
1125 3590 1164 3665 εἰς
1185 3593 1248 3666 τοῦς
1270 3592 1336 3670 ἑξῆς

57 3709 160 3784 ἅπαντας
181 3708 229 3770 καί
253 3711 389 3786 διηνεκεῖς
410 3711 526 3789 χρόνους
548 3709 743 3786 ἀπεσπασμένη
767 3709 818 3786 μὲν
840 3717 894 3784 τῶν
917 3710 1068 3786 βασιλικῶν
1094 3714 1217 3796 δικαίων,
1240 3717 1336 3792 ἀπηλ-

58 3827 166 3909 λαγμένη
190 3832 222 3892 δέ
244 3830 291 3892 καί
313 3837 367 3892 τῶν
391 3837 554 3910 σεκρετικῶν
581 3831 697 3912 ἀρκίιων,
725 3835 800 3912 μόνῳ
832 3834 862 3894 δὲ
894 3833 1090 3914 ἀνατεθειμένη
1120 3836 1175 3918 θεῷ
1205 3836 1252 3898 καί
1280 3841 1336 3911 τοῖς

61 3947 161 4036 ivm]
188 3957 331 4034 μσναχοῖς,
360 3953 386 4012 οἰ
411 3951 458 4014 καί
486 3955 564 4028 μόνοι
591 3953 621 4013 ἐν
648 3956 715 4036 αῦτῆ
743 3955 959 4037 αῦλιοθήσοντσιι,
988 3959 1027 4036 μή
1055 3962 1259 4042 συγχωροῦντές
1284 3982 1335 4022 τισι

60 4077 99 4129 τῶν
117 4075 220 4136 λαϊκῶν
243 4074 323 4154 λόγῳ
345 4075 489 4155 παροικίας
511 4075 689 4153 ἐγκατοίκσυς
711 4078 795 4158 τοιότη
818 4077 949 4159 γίνεσθαι,
974 4079 1107 4160 ἐμπορίαν
1130 4080 1196 4153 ίσως
1218 4085 1236 4156 ή
1260 4083 1334 4144 ἀλλο

61 4211 78 4249 τι
102 4193 261 4272 ἐπιτήδευμα
291 4196 350 4272 βίου
380 4200 615 4278 μετερχομένσυς·
648 4200 725 4274 μάνσι
754 4200 808 4281 γάρ
840 4201 869 4259 ἐν
898 4199 1022 4280 κοσμικῷ
1052 4205 1174 4280 σχήματι
1200 4210 1234 4288 τῆ
1260 4207 1335 4284 νήσῳ

63 4311 277 4394 ἀματοικήσουσιν
300 4318 325 4379 οί
349 4321 555 4400 μισθαρνοῦντες
577 4323 634 4394 τοῖς
657 4327 800 4402 μσναχοῖς,
822 4320 870 4384 καί
893 4317 964 4383 οῦτοι
988 4325 1096 4404 ἄζυγες,
1120 4323 1166 4385 καί
1189 4307 1260 4402 μήτε
1282 4349 1335 4406 γυ-

63 4431 116 4507 ναιξί
136 4445 324 4520 συνοικοῦντες,
348 4443 418 4516 μήτε
442 4442 497 4516 μὴν
518 4443 619 4516 παῖδας
642 4444 767 4522 ἔχοντες·
790 4450 879 4505 πᾶσαν
901 4445 956 4525 γάρ
979 4446 1042 4506 ὁδόν
1068 4452 1189 4526 πονηροῖς
1216 4450 1335 4523 μεθόδου

65 4548 180 4624 ἀποκλείει
201 4562 240 4642 τῷ
263 4562 368 4645 σατοινᾷ
389 4565 408 4637 ῆ
431 4563 559 4637 βασιλεία
580 4567 670 4641 ήμῶν.
700 4566 748 4626 καὶ
771 4566 815 4627 διά
837 4571 914 4628 τοῦτο
936 4571 993 4640 τοῖς
1018 4567 1105 4638 λείοις
1127 4589 1157 4628 τε
1184 4568 1230 4629 καί
1259 4571 1333 4644 βλα-

61 4687 157 4754 πτσικοῑς
178 4687 328 4765 προσῶπις,
351 4683 458 4768 γυναιξί
471 4707 502 4745 τε
520 4685 567 4746 καί
582 4685 656 4747 παισί
676 4685 722 4747 καὶ
743 4689 891 4768 εῦνσίιχοις,
911 4683 1009 4768 ἀρῶν
1032 4691 1070 4761 ῶς
1091 4691 1125 4750 τά
1146 4691 1242 4751 πολλὰ
1264 4692 1335 4752 κατὰ
