3184 5288
254 376 296 440 98

254 571 352 628 σασθαι
376 569 423 629 καί
451 571 520 640 τέως
547 570 765 643 δοκιμασθέντων
793 578 845 630 τῶν
874 573 988 650 ζημιῶν,
1016 565 1053 629 ὧν
1076 592 1106 629 τε
1133 572 1205 632 κατὰ
1226 571 1297 631 πολύ
1322 573 1494 648 ἑζημιιίιθητε
1522 572 1548 630 ἐκ

253 697 303 766 τῆς
329 695 375 750 τοῦ
402 692 501 761 ύδατσς
527 693 773 770 κατακρατήσεως,
802 691 1010 771 ἐκορυριῦθησαν
1040 690 1079 764 εἰς
1105 689 1209 752 πολλαί.
1231 689 1279 752 καὶ
1307 692 1352 752 διόι
1377 695 1409 752 τό
1436 693 1547 767 θελῆσαι

254 812 324 887 ύμάς
347 813 476 892 καθαρῶς
503 813 662 890 διαλυθῆναι
686 813 746 887 μετ’
771 813 837 888 ἐμοῦ
861 812 904 872 διὰ
933 813 1065 891 μεσιτίας,
1093 814 1132 884 ὡς
1160 811 1272 894 εἴρηται,
1296 819 1350 874 τῶν
1374 810 1547 892 ἀναγεγραμ-

255 935 344 1008 μένων
367 935 472 1014 ἀνδρῶν
494 937 583 995 πάντα
608 935 836 1015 παραδραμόντες
864 934 1026 1016 ᾐρετίσασθε
1058 934 1157 1009 λαβεῖν
1188 934 1233 994 ἀπ’
1260 935 1327 1009 ἐμοῦ
1349 936 1421 995 κατὰ
1443 936 1548 996 τελείαν

256 1055 376 1116 διάλυσιν
404 1056 450 1116 καί
480 1057 639 1133 συμβίβασιν
666 1062 754 1137 χρυσᾶ
781 1056 825 1116 διὰ
847 1059 1030 1136 χαράγματος
1053 1057 1207 1132 νομίσματα
1230 1055 1356 1116 θεοτοκία
1378 1056 1473 1136 λίτρας
1500 1059 1548 1136 δύο,

255 1179 364 1250 ἅστινας
387 1177 421 1252 δὴ
443 1177 491 1238 καί
514 1179 630 1248 ἀποδούς
654 1179 714 1254 ύμῖν
739 1179 766 1238 ἐν
790 1178 841 1260 μιᾷ
862 1177 1007 1260 καταβολῇ
1035 1179 1082 1252 τὴν
1110 1179 1239 1258 σήμερον,
1270 1181 1330 1253 ήτις
1352 1177 1423 1238 ἐστὶν
1447 1177 1548 1252 είκοστύ1

254 1301 364 1374 πέμπτη
386 1302 432 1358 τοῦ
455 1301 601 1378 αῦγούστου
625 1299 710 1374 μηνός
732 1305 782 1374 τῆς
803 1300 941 1379 παρούσης
965 1297 1000 1358 ια’
1024 1297 1199 1376 ίνδικτιῶνος,
1222 1299 1265 1358 ἐπ’
1278 1300 1338 1378 όψει
1353 1299 1401 1360 καὶ
1422 1301 1549 1382 παρουσίᾳ

254 1425 308 1480 τῶν
335 1420 542 1500 ύπογραρέντων
574 1421 715 1502 μαρτύρων
744 1420 861 1492 τελείως
887 1419 934 1480 καί
956 1423 1085 1500 καθαρῶς
1107 1419 1155 1480 καί
1178 1423 1240 1482 ἀνευ
1263 1423 1334 1494 τινός
1356 1423 1548 1502 περιεργίαςί,

256 1542 431 1624 ῥᾳδιουργίας
454 1540 592 1614 διαλυθεὶς
615 1543 677 1617 μεθ’
693 1543 768 1618 ῦμιῦν
791 1540 838 1602 καὶ
861 1542 998 1618 μηδεμίαν
1021 1543 1124 1618 κίνησιν
1139 1545 1157 1616 ή
1174 1542 1287 1621 ἀγωγήν
1309 1544 1381 1621 έχων
1401 1544 1463 1618 μεθ’
1480 1545 1549 1618 ύμιῑιν

255 1667 273 1740 ή
295 1668 341 1724 τοῦ
363 1665 431 1724 όλου
454 1665 552 1743 μέρους
575 1665 659 1744 ὑμῶν,
683 1663 761 1724 ἀλλὰ
783 1662 898 1734 τελείως
928 1661 972 1723 ἐπὶ
993 1671 1058 1726 πᾶσι
1083 1665 1140 1735 τοῖς
1166 1665 1227 1724 κατ’
1251 1665 1317 1739 ἐμοῦ
1340 1667 1471 1739 κινηθεῖσα
1494 1666 1550 1726 δια-

255 1783 348 1856 λυθεὶς
371 1784 417 1844 καὶ
437 1785 509 1844 κατὰ
523 1784 634 1859 πολλήν
651 1806 702 1860 μου
719 1785 864 1865 ἀρέσκειαν
886 1787 935 1860 τήν
957 1786 1118 1862 καταβολὴν
1140 1793 1195 1845 τῶν
1218 1785 1265 1846 δύο
1288 1787 1433 1846 θεοτοκίων
1456 1788 1550 1866 λιτρῶν

255 1907 322 1987 πρός
344 1907 414 1982 ύμάς
436 1909 620 1982 ποιησάμενος
647 1912 790 1986 ουμρωνῶ,
814 1907 884 1982 μετὰ
906 1904 954 1966 καί
977 1907 1153 1983 ἀκσυὶλιανής
1178 1907 1372 1987 ἐπερωτήσεως
1394 1907 1441 1968 καὶ
1465 1910 1551 1984 ἀκεμε

256 2027 446 2104 πτηλατίωνος
473 2028 556 2102 νόμου
584 2029 705 2106 στέργειν
728 2026 775 2086 καὶ
799 2027 927 2103 ἐμμένειν
949 2033 982 2108 τῇ
1006 2028 1099 2109 ἀγάπῃ
1122 2028 1169 2088 καί
1192 2029 1326 2108 διαλύσει,
1348 2023 1367 2112 ᾖ
1391 2029 1551 2106 διελύθημεν

256 2149 389 2229 ἑκάτεροι.
422 2148 463 2208 διό
485 2147 531 2208 καὶ
560 2147 752 2228 ἀσφαλίζομαι,
784 2150 822 2220 ὡς
853 2148 929 2228 εῖπερ
959 2147 1012 2209 ἀπό
1041 2154 1087 2210 τοῦ
1113 2152 1246 2230 παρόντος
1275 2151 1378 2227 κίνησιν
1400 2155 1418 2226 ἡ
1442 2153 1551 2231 ἀγωγην

257 2271 336 2341 αύτός
358 2273 376 2345 ἢ
398 2271 429 2328 τό
453 2270 536 2348 μέρος
559 2289 611 2344 μου
633 2269 651 2343 ή
673 2290 715 2342 τις
733 2275 787 2329 τῶν
806 2271 986 2349 κληρονόμων
1003 2292 1054 2345 μου
1069 2273 1132 2332 καθ’
1148 2273 1223 2347 ὑμῶν
1243 2273 1405 2347 ποιήσασθαι
1428 2277 1551 2354 φωραθῦ,

255 2390 302 2451 καί
325 2392 356 2451 ού
371 2389 467 2462 καλῶς
486 2389 533 2450 καί
553 2391 682 2471 καθαρῶς
697 2391 824 2468 διελύθην
840 2395 959 2472 σήμερον
976 2394 1037 2468 μεθ’
1053 2393 1138 2472 ῦμιῦν,
1155 2393 1381 2469 ἀνακαλούμενος
1404 2393 1486 2471 δῆθεν
1508 2399 1551 2455 τ’σν

256 2505 451 2593 καθαιρεθέντα
471 2512 617 2587 μῦλωναῆ
638 2513 667 2571 τό
688 2513 759 2592 ύδωρ
779 2514 809 2571 τό
831 2510 876 2572 διὰ
894 2518 1043 2592 πρακτικοῦ
1061 2513 1216 2594 παραδοθὲν
1236 2515 1331 2590 ύμῖνή
1351 2515 1385 2574 τὰ
1406 2516 1551 2593 καταβλη-

257 2636 337 2694 θέντα
351 2628 505 2709 νομίσματα
527 2632 569 2694 ἐπὶ
593 2633 724 2712 διαλύσει,
740 2634 789 2705 τάς
806 2633 851 2693 δύο
872 2633 999 2710 δηλονότι
1023 2635 1127 2716 λίτρας,
1151 2639 1169 2710 ή
1191 2635 1252 2716 περὶ
1275 2644 1454 2713 καινοτομιῶν
1476 2659 1552 2698 τινων

256 2755 303 2814 καὶ
334 2747 436 2829 ἐξόδων
467 2754 682 2832 συμβησομένων
711 2757 772 2832 ύμῖν
803 2756 885 2832 δῆθεν
915 2755 946 2829 ἐξ
974 2755 1060 2828 αἰτίας
1084 2758 1155 2833 ἐμῆς
1177 2757 1224 2818 καί
1245 2759 1314 2838 πρός
1336 2759 1460 2840 ἀφορμάς
1481 2781 1553 2830 τινας

255 2875 303 2938 καὶ
326 2877 472 2949 ἀντιθέσεις
494 2877 561 2937 ποτὲ
583 2883 636 2937 τῶν
663 2885 765 2958 καιρῶν
787 2881 907 2958 χωρήσω
929 2881 947 2954 ή
970 2880 1090 2940 κακώσω
1120 2880 1190 2955 ὑμᾶς
1212 2879 1230 2954 ή
1253 2900 1312 2940 τινα
1340 2887 1395 2940 τῶν
1426 2882 1479 2940 ἀπό
1509 2885 1553 2940 τοῦ

256 3000 323 3060 ὅλου
347 3001 446 3078 μέρους
467 3000 541 3075 ύμῶν
564 3003 583 3074 ή
604 3004 658 3058 τῶν
687 2997 800 3079 παίδων,
828 2997 875 3059 καὶ
904 2998 944 3070 είς
970 2999 1142 3080 δικαστήριον
1170 2998 1216 3060 καὶ
1239 3001 1371 3078 ὀχλήσεις
1395 3003 1501 3063 ἑλκύσω
1528 3003 1553 3060 ἐν

256 3120 386 3196 οίοδήτισι
408 3120 595 3196 καινοτομίαις
616 3119 662 3180 καὶ
685 3119 860 3200 κατατριβαῖς
883 3124 970 3181 ποιεῖν
996 3121 1162 3202 ἐπιχειρήσω
1183 3122 1250 3182 ποτὲ
1272 3128 1325 3182 τῶν
1348 3123 1450 3204 καιρῶν
1474 3125 1553 3202 μέχρι

255 3242 364 3304 καὶτοῦ
378 3245 516 3320 τυχόντος,
533 3242 571 3316 μὴ
588 3245 670 3316 μόνον
685 3243 715 3301 τό
732 3243 764 3302 ἐκ
780 3243 843 3302 θεοῦ
857 3245 1014 3323 κατάκριμα
1031 3243 1214 3318 ἐπισπάσομαι
1225 3243 1271 3304 καί
1286 3240 1355 3330 [τὰς]
1369 3241 1438 3324 ἀράς
1448 3249 1553 3305 πάντων

257 3371 310 3423 τῶν
326 3365 411 3442 ἁγίων
427 3362 474 3423 καὶ
489 3364 519 3422 τό
535 3363 669 3443 ἀνάθεμα,
685 3363 762 3423 ἀλλὰ
778 3363 825 3422 καὶ
847 3364 875 3422 ἐν
897 3363 936 3442 τῷ
960 3363 998 3440 μὴ
1024 3363 1210 3425 εἰσακοῦεσθαί
1234 3387 1269 3440 με
1291 3366 1365 3447 παρά
1388 3371 1442 3426 τῶν
1465 3369 1554 3442 νόμων

258 3485 297 3558 είς
319 3485 384 3545 εἴτι
400 3488 431 3544 ἀν
451 3482 498 3545 καί
519 3484 608 3566 λέγω,
631 3487 764 3564 παράσχω
788 3481 950 3545 ἀπεντεῡθεν
973 3486 1041 3566 πρός
1063 3487 1134 3560 ὑμᾶς
1155 3489 1236 3567 χάριν
1257 3487 1404 3568 προστίμου
1428 3488 1461 3547 ἐκ
1482 3509 1553 3562 συμ-

257 3609 345 3687 φώνου
367 3605 414 3666 καί
441 3606 637 3686 ἐπερωτήσεως
666 3611 753 3684 χρυσᾶ
783 3606 937 3682 νομίσματα
967 3607 1063 3687 λίτρας
1095 3607 1248 3678 θεοτοκίσυς
1277 3612 1360 3691 τρεῖς,
1382 3610 1450 3689 πρός
1472 3608 1503 3668 δὲ
1525 3613 1554 3667 τό

258 3727 400 3804 βασιλικόν
416 3728 568 3807 βεστιάριον
583 3729 614 3786 τό
629 3726 715 3807 τρίτον
738 3729 850 3787 τούτων·
874 3730 941 3808 πρός
965 3727 996 3788 δὲ
1023 3727 1070 3788 καί
1096 3729 1145 3801 τὰς
1172 3725 1347 3806 καινοτομίας
1369 3731 1418 3802 τὰς
1442 3731 1553 3810 όπαριθ·

259 3849 401 3929 μηθείσας,
424 3846 487 3928 περὶ
509 3843 546 3908 ὧν
569 3847 616 3908 καί
639 3849 765 3924 διελύθην
789 3851 850 3924 μεθ’
867 3850 942 3924 ὑμῶν
969 3849 1015 3909 καί
1041 3851 1140 3922 ταύτας
1166 3853 1331 3926 ἀσυμπαθῦς
1358 3853 1554 3928 ἀπαιτούμενος

258 3971 396 4048 μηδεμίαν
419 3969 474 4043 ἔξω
497 3971 549 4030 ἀπό
571 3972 654 4046 νόμου
677 3971 806 4046 βοήθειαν
828 3973 859 4031 τό
882 3971 1004 4032 σύνολον.
1029 3972 1068 4031 ἔτι
1091 3972 1121 4032 δὲ
1145 3969 1290 4034 καὶτοῦτο
1314 3971 1357 4032 ἐπὶ
1378 3980 1412 4052 τῇ
1434 3975 1554 4054 παρούσῃ

259 4093 381 4153 διαλύσει
408 4093 574 4172 ήρετισάμην
604 4095 784 4171 συμφωνήσας
807 4095 869 4170 μεθ’
892 4095 977 4174 ὑμῶν,
1004 4093 1048 4153 ἵνα
1073 4095 1122 4168 τήν
1149 4093 1301 4170 ἀνήκουσαν
1325 4095 1445 4175 ἐκταγήν
1466 4101 1553 4156 πᾶσαν

257 4219 311 4274 τιῦν
334 4215 492 4289 κινηθεισιῦν
519 4215 673 4274 ὑποθέσεων
699 4216 763 4295 παρ’
781 4217 855 4290 ῦμιῦν
878 4217 940 4276 κατ’
957 4217 1034 4295 ἐμοῦ,
1061 4214 1123 4295 περὶ
1146 4211 1184 4276 ὧν
1206 4214 1253 4276 καί
1277 4216 1451 4296 διελύθημεν,
1475 4219 1554 4286 αύτός

258 4339 393 4417 παράσχω
409 4335 515 4396 οἴκοθέν
532 4357 582 4411 μου
598 4337 673 4412 ῦμιῦν
689 4337 901 4413 ἀκαταζηιήτων
921 4335 969 4397 καί
992 4337 1114 4414 ἀζημίων
1138 4337 1353 4416 διατηρηθέντων
1376 4341 1553 4398 παντάπασιν.

260 4456 385 4537 ἐγράφη
402 4457 456 4516 διά
473 4459 587 4536 χειρός
608 4456 737 4532 Νικήτα
753 4458 918 4540 διακόνου,
942 4459 1128 4538 λογοθέτου
1147 4465 1207 4535 τῆς
1227 4461 1416 4537 άγίωτάτης
1432 4481 1554 4541 μητρο·

257 4578 388 4650 πόλεως
408 4578 463 4638 καὶ
486 4583 623 4654 νομικοῦ
646 4583 699 4638 τοῦ
723 4580 910 4660 Χάνδακος,
933 4584 987 4639 τοῦ
1010 4579 1176 4662 Κοντόρη,
1205 4579 1281 4656 μηνί
1305 4582 1473 4660 αύγούστῳ
1495 4581 1554 4660 κε’,

187 4743 188 4746 ¹
259 4697 467 4770 ίνδικτιῶνσς
487 4698 537 4770 ια’,
556 4701 648 4770 ἔτους
663 4699 789 4782 ,ςχκςᾏ
805 4700 971 4783 παρουσίᾳ
985 4707 1047 4759 τῶν
1063 4702 1319 4781 ύπογραρέντων
1337 4703 1518 4782 μαρτύρων.
1536 4704 1555 4780 γ
