3228 5294
1306 369 1349 432 43

57 557 78 616 οί
100 559 215 638 μοναχοὶ
238 561 269 620 τό
293 559 446 634 έπιβαλλσν
470 559 560 631 αὺτοῖς
582 561 644 620 κατ’
667 558 793 635 ἰσότητα·
818 560 885 620 ἀλλ’
906 557 952 621 οὖν
971 559 1059 643 οἰκείᾳ
1080 565 1178 643 γνῶμη
1198 560 1245 620 καί
1260 561 1349 644 βσυλῆ

57 681 278 759 παρακληθέντες
301 681 326 742 σί
349 681 522 756 δηλωθέντες
546 680 665 760 μσνσχσί
687 682 836 742 κατέλιπον
857 685 949 754 αὐτοῐς
968 681 1017 760 τὴν
1033 683 1240 762 περιττειίσασαν
1262 684 1349 758 νομὴν

56 807 104 860 τῶν
127 799 203 882 ‘ng'
230 803 344 882 μοδίων,
373 802 418 864 διά
448 823 479 863 τε
507 804 570 863 αότό
592 805 622 864 τό
649 803 738 864 καλόν
764 803 812 864 καί
838 809 885 864 τοῦ
911 805 1024 884 ῆρεμείν
1050 805 1112 877 τους
1139 805 1277 883 μοναχσὶις
1303 804 1350 866 καὶ

57 927 97 980 νῦν
117 923 165 983 καὶ
188 923 228 996 είς
249 927 281 986 τό
304 926 459 1000 μετέπειτα.
483 926 545 986 ὅθεν
568 923 615 985 καί
638 925 845 1001 ἀμετακινητως
866 927 997 1004 κάπέχειν
1019 925 1067 986 καὶ
1087 927 1228 998 δεσπόζειν
1248 929 1277 986 τό
1298 928 1349 1002 μὲν

58 1045 201 1124 Παρθένιον
224 1047 274 1122 τὴν
296 1047 366 1122 όλην
395 1045 475 1106 αὐτοῦ
501 1047 597 1126 νομῆν,
625 1047 718 1118 καθίυς
746 1047 874 1128 ἀνωτέρω
902 1047 1015 1129 εἴρηται,
1042 1047 1103 1120 τσθς
1126 1048 1157 1108 δὲ
1180 1047 1227 1108 δίισ
1250 1048 1350 1128 ἀγροὺς

57 1167 151 1240 δμοίως
174 1169 223 1245 τῆν
246 1169 317 1242 όλην
344 1169 431 1229 αιίτῶν
453 1167 540 1245 νομὴν
567 1169 614 1228 σὺν
640 1171 901 1250 τῇπεριττευσσίσῃ,
928 1167 1067 1246 μηδεμίαν
1094 1169 1209 1247 όχλησιν
1237 1169 1350 1248 ἐπάγειν

57 1288 139 1360 α’στσῖς
161 1288 187 1349 οἱ
210 1288 328 1368 μσναχσὶ
352 1291 434 1350 ἕνεκα
456 1297 506 1366 τῆς
535 1293 634 1364 ταῦτ-ης
656 1290 809 1371 περιουσίας
831 1296 884 1350 τῶν
908 1289 985 1373 ,σνς’
1007 1291 1123 1366 μοδίων·
1147 1291 1215 1352 ἀλλ’
1239 1291 1302 1352 οὐδὲ
1325 1289 1349 1351 σί

56 1411 180 1490 περίοικοι
214 1411 291 1490 ἔχειν
326 1409 421 1472 ἀδειαν
456 1411 630 1488 ἐπεμβαίνειν
665 1411 708 1472 ἐπὶ
742 1414 798 1485 τοῖς
837 1417 884 1474 τοῦ
914 1413 1063 1494 Παρθενίου
1094 1413 1208 1484 δικαίοις
1239 1413 1284 1474 διά
1319 1413 1350 1472 τό

57 1531 105 1613 ίδίρι
130 1534 232 1605 τοίτοις
258 1535 426 1594 τυπωθείσαν
457 1534 532 1612 ἔχειν
558 1533 607 1611 πἠν
629 1535 716 1610 νομὴν
742 1537 829 1594 αῶτῶν
857 1534 903 1594 καίΙ
928 1533 982 1616 ἰδίᾳ
1008 1537 1065 1607 τοῖς
1091 1537 1232 1612 μσνσχσῖς.
1267 1538 1350 1595 τσῶσα

56 1657 135 1713 πάντα
168 1653 276 1735 πράξας
309 1655 441 1738 παρουσίᾳ
470 1661 523 1715 τῶν
554 1653 757 1732 δεδηλωμένων
787 1655 893 1736 ἀνδρῶν
927 1657 957 1715 τό
987 1659 1074 1736 παρ’σν
1110 1657 1257 1736 πρακτικόν
1284 1653 1348 1728 έξε-

56 1776 146 1855 θέμην,
178 1777 311 1836 πιστωθέν
341 1797 370 1836 τε
405 1775 450 1836 διά
482 1782 536 1836 τῶν
570 1775 676 1836 οἰκείων
706 1779 878 1857 ίπογραρῶν,
913 1775 959 1836 καί
989 1775 1028 1854 τῷ
1063 1778 1140 1858 μέρει
1172 1783 1226 1838 τῶν
1260 1798 1349 1853 μονα-

56 1904 109 1972 χῶν
134 1896 174 1970 είς
199 1896 352 1976 ἀσραλειαν
380 1897 498 1974 ἐπεδόθη
526 1897 604 1974 μηνί
631 1897 685 1958 καὶ
711 1897 896 1960 ,ίνδικτιῶνι
927 1898 980 1958 σὺν
1013 1899 1141 1980 ἑτέροις
1172 1900 1242 1970 τοῖς
1270 1919 1349 1978 προ-

57 2021 302 2098 γεγραμμένοις
325 2021 355 2098 †.

152 2159 173 2237 †
201 2203 372 2220 ......
399 2159 738 2238 πρωτοπρεσβότερσς
767 2165 827 2236 τῆς
858 2159 1043 2236 ἐπισκοπῆς
1066 2161 1186 2241 Λέρου,
1210 2163 1348 2239 πάρειμι

58 2275 103 2336 ἐπὶ
123 2285 161 2360 τῇ
184 2279 410 2359 ἀναμετρῆσει
432 2278 487 2339 καὶ
509 2279 692 2360 παραδόσει
715 2287 773 2356 τῆς
795 2285 899 2356 νομῆς
921 2285 976 2342 τοῦ
1000 2281 1185 2361 Παρθενίου
1208 2279 1263 2341 καὶ
1285 2288 1348 2342 τῶν

59 2397 172 2479 ἀγρῶν,
195 2403 238 2471 ὡς
260 2403 295 2461 τό
316 2401 394 2479 όρσς
417 2399 533 2483 δηλοῖ,
557 2399 612 2462 καί
635 2409 806 2483 μαρτυρῶν
829 2403 1003 2483 ὑπέγραψα
1026 2407 1055 2484 †.

155 2543 175 2620 †
198 2541 355 2622 Μιχαῆλ,
379 2542 394 2600 ό
417 2541 558 2618 είιτελῆς
580 2541 803 2622 πρεσβύτερος
825 2549 891 2619 τῆς
914 2545 1014 2618 αάτῆς
1038 2543 1237 2622 ἐπισκοπῆς,
1268 2546 1350 2624 πάρ-

58 2679 119 2732 ειμι
152 2659 203 2720 ἐπὶ
233 2668 271 2744 τῇ
308 2663 532 2741 ἀναμετρῆσει
564 2661 619 2722 καί
651 2663 834 2743 παραδόσει
861 2669 919 2740 τῆς
946 2669 1051 2739 νομῆς
1080 2667 1135 2724 τσῦ
1166 2662 1350 2745 Παρθενίου

56 2779 104 2840 καί
129 2789 188 2841 τῶν
211 2780 337 2864 ἀγρῶν,
361 2785 403 2856 ῶς
425 2785 460 2844 τό
482 2785 558 2864 ίρος
582 2785 695 2864 δηλοῖ,
719 2783 774 2845 καί
797 2790 968 2866 μαρτυρῶν
991 2783 1164 2866 ὑπέγραψα
1186 2788 1217 2866 †.

153 2922 367 3000 ῆΝικόλασς
394 2925 409 2982 ό
440 2925 581 3000 εὐτελὴς
600 2925 825 3006 πρεσβύτερος
850 2921 989 3004 πάρειμι
1019 2923 1070 2985 ἐπὶ
1101 2931 1138 3006 τῇ
1166 2926 1350 3006 ἀναμετρῆ-

58 3062 103 3100 σει
124 3040 176 3102 καί
205 3043 393 3124 παραδόσει
419 3052 478 3122 τῆς
504 3051 611 3122 νομῆς
638 3049 693 3106 τοῦ
720 3046 905 3124 Παρθενίου
932 3043 988 3106 καί
1014 3052 1076 3107 τῶν
1104 3047 1227 3126 ἀγρῶν,
1251 3047 1294 3119 ῶς
1315 3047 1350 3105 τό

57 3161 127 3240 ὖρσς
149 3165 262 3244 δηλοῖ,
286 3164 341 3225 καὶ
364 3172 536 3248 μαρτυρῶν
559 3168 733 3247 ἀπέγραψα
756 3169 786 3248 †.

153 3307 173 3384 †
198 3304 355 3383 Μιχαὴλ,
379 3307 394 3364 ό
416 3307 558 3382 εὐτελὴς
588 3304 811 3379 όπσδισίκσνος
841 3315 900 3384 τῆς
928 3313 984 3368 τοῦ
1014 3311 1090 3369 θεοῦ
1117 3309 1272 3386 μεγάλης
1295 3309 1350 3369 ἐκ·

60 3425 191 3500 πλησίας
221 3425 284 3486 καί
313 3426 491 3501 βασιλικός
514 3429 692 3510 κληρικός,
715 3432 854 3510 πάρειμι
886 3429 938 3490 ἐπὶ
968 3437 1009 3512 τῇ
1041 3425 1265 3509 ἀναμετρῆσει
1295 3429 1350 3490 καὶ

61 3547 235 3626 παραδόσει
258 3554 316 3624 τῆς
337 3555 443 3624 νομῆς
465 3553 520 3608 τοῦ
544 3550 729 3630 Παρθενίου
755 3550 812 3610 καί
838 3557 900 3611 τῶν
923 3552 1047 3632 ἀγρῶν,
1071 3552 1115 3624 ὡς
1135 3551 1171 3610 τό
1193 3552 1270 3630 θρσς
1293 3551 1350 3628 δη·

62 3665 118 3750 λσῖ,
139 3668 195 3729 καὶ
217 3675 390 3750 μαρτυρῶν
413 3671 589 3751 ὑπέγραψα
611 3675 632 3752 †

108 3929 202 4006 Σίγνον
313 3931 432 4008 Μιχαὴλ
544 3931 641 4009 Σίγνον
736 3931 881 3992 Βασιλείου
983 3933 1080 4012 Σίγνον
1186 3933 1314 3994 Ἰωάννου

490 4069 911 4081 ———
929 4072 1133 4187 W
1224 4111 1270 4166 τοῦ

970 4193 1098 4274 σβυτέρσυ
1194 4193 1300 4272 Ζερβοό

278 4109 328 4178 τῆς
351 4104 463 4164 ἐπισκο-

86 4152 224 4230 σίκονόμου
288 4196 343 4266 πῆς
367 4191 456 4270 Λέρου

565 4160 611 4216 τοῦ
634 4157 695 4234 Χαρ
707 4155 822 4218 σιανίτου

503 4381 654 4440 Κωνσταν-

541 4467 612 4526 τίνσυ

259 4573 924 4584 ——-——-————-———

314 4432 411 4510 Σίγνον
773 4435 870 4513 Σίγνον
965 4433 1112 4515 Θεοδώρου

392 4659 465 4738 Πσρσ
477 4660 557 4736 κόπη.
816 4665 860 4722 τοῦ
887 4662 925 4720 Κό
936 4681 1022 4736 μητος
