3160 5292
1266 371 1330 436 229

53 565 106 635 τμία
130 561 178 621 καί
207 563 362 638 δεσποινικὴ
392 565 460 638 μονὴ
489 571 538 640 τῆς
567 565 687 642 ΙΙάτμου,
718 563 751 622 τά
777 569 826 639 τῆς
851 573 984 642 περιοχῆς
1012 565 1109 640 ταύτης
1136 568 1261 641 κτήματα
1287 571 1332 626 τοῦ

52 687 167 766 Σωτῆρος
191 688 305 766 Χριστοῦ
337 687 435 765 ἔχωσιν
466 688 495 747 τ“ο
527 687 749 767 ἀπαραοάλευτον
779 685 825 746 καὶ
852 685 1047 765 ἀνενάχλητον.
1080 687 1138 747 ἐπεὶ
1171 689 1201 748 δὲ
1230 687 1276 747 καὶ
1301 689 1332 748 τδ

53 807 227 879 Σωκρατίδιον
250 808 294 866 διὰ
316 807 524 888 χρυσοβοῦλλου
546 809 632 885 λόγου
656 813 702 868 τοῦ
726 803 848 882 ἀοιδίμου
874 807 1021 888 βασιλέως,
1045 815 1125 888 κυροῦ
1142 809 1265 882 Ἀλεξίου
1286 816 1332 870 τοῦ

52 931 194 1008 Κομνηνοῦ,
223 933 337 1008 κατεῖχε
366 929 414 990 καὶ
437 932 540 1004 αῦτδή
568 931 703 1006 σεβασμία
734 929 804 1006 μονὴ
834 935 883 1004 τῆς
912 931 1033 1010 Ιίάτμου,
1063 931 1214 1007 ἐδεήθησαν
1246 931 1278 991 δὲ
1308 932 1333 992 οί

51 1049 156 1129 μοναχοί
186 1059 220 1134 τῇ
250 1055 367 1134 κραταιᾷ
396 1051 443 1112 καὶ
475 1053 541 1136 άγίᾳ
570 1053 649 1128 ἡμῶν
679 1051 757 1133 κυρίᾳ
786 1051 833 1111 καὶ
863 1051 990 1132 δεσποίνῃ
1022 1052 1066 1111 διὰ
1096 1054 1207 1133 ὁρισμοῦ
1235 1055 1334 1130 τοτὐτης

49 1177 138 1251 τυγεῑη
163 1170 218 1258 [ἵν’]
237 1176 320 1252 ἔχωσι
342 1176 372 1235 τδ
395 1179 513 1236 τοιοῦτον
535 1177 694 1256 προάστειον
718 1175 863 1250 μετὰτῶν
888 1173 1007 1234 ἐλαϊκων
1031 1173 1149 1255 δένδρων
1174 1178 1261 1254 αὐτοῦ,
1284 1181 1334 1252 τῆς

50 1296 161 1370 δεήσεως
189 1296 276 1356 αῦτῶν
304 1297 477 1357 ἐπακοῦσασα
505 1299 577 1357 θεῖον
603 1295 650 1356 καί
675 1297 858 1377 προσκυνητδν
884 1297 1051 1357 δεσποινικδν
1075 1299 1183 1377 δρισμδν
1208 1299 1333 1376 ἑπορέγει

50 1421 131 1492 areg,
162 1421 237 1489 ὅπως
267 1419 351 1496 ἔχωσι
378 1418 425 1479 καί
452 1421 525 1500 αῦτά,
553 1418 645 1490 καθὼς
672 1417 718 1478 καὶ
742 1419 772 1478 τδ
793 1421 934 1498 πρότερον,
964 1419 1001 1494 μὴ
1024 1422 1098 1498 παρά
1119 1439 1190 1489 τινας
1214 1419 1330 1494 ἐμποδι-

49 1543 157 1614 ζόμενοι.
192 1543 255 1600 ὅθεν
288 1539 335 1602 καὶ
368 1549 402 1624 τῇ
439 1541 570 1624 ὲμρανείρ
600 1547 653 1600 τῶν
683 1543 836 1620 προσόντων
870 1542 952 1616 αῦτῆς
983 1541 1176 1616 δικαιωμάτων
1209 1539 1255 1601 καί
1285 1547 1334 1616 τῆς

48 1664 176 1742 ἡμετέρας
199 1669 317 1744 ρανεράς
352 1663 399 1723 καί
425 1665 548 1743 καθαρᾶς
574 1663 752 1743 παραδέοεως
776 1667 825 1722 οῦκ
847 1663 951 1742 ὀφείλει
973 1685 1013 1735 τις
1034 1665 1079 1723 τδν
1103 1667 1248 1739 μετέπειτα
1269 1665 1334 1743 παρ’

48 1787 104 1857 ἡμῖν
134 1784 250 1862 ὄχλησιν
284 1783 383 1858 ἐπάξαι
416 1784 455 1863 τῷ
488 1787 641 1864 τιμιωτάτῳ
675 1787 873 1864 καθηγουμένῳ
907 1793 956 1860 τῆς
986 1787 1140 1862 σεβασμίας
1171 1791 1256 1860 μονῆς
1285 1789 1335 1858 τῆς

51 1907 163 1986 ΙΙάτμου,
188 1905 261 1987 κυρῷ
285 1907 304 1966 Γ
306 1906 426 1988 ερμοινῷ,
450 1905 496 1966 καὶ
522 1907 584 1978 τοῦς
607 1907 636 1966 ἐν
664 1905 736 1984 αὒτῴ
757 1909 997 1986 προσκαθημέναυς
1025 1908 1172 1984 μοναχοῦς.
1201 1907 1261 1965 ὅθεν
1288 1905 1334 1964 καί

50 2027 156 2104 ἐπεδόθη
180 2029 198 2102 ἠ
220 2033 342 2108 παροῦσα
369 2029 518 2109 παράδοσις
547 2031 615 2110 πρδς
646 2029 734 2100 αὺτοῖς
766 2027 804 2098 είς
832 2024 991 2108 ἀσφάλειαν.
1023 2027 1100 2105 μηνὶ
1131 2027 1257 2107 ίουλίῳ,
1289 2025 1333 2086 ἰν-

51 2151 114 2209 δικτ
120 2158 216 2222 ιιῖινος
241 2149 289 2212 ιδ’.
314 2151 334 2228 †

144 2273 165 2349 †
188 2273 224 2332 Ο
249 2271 371 2344 δοῦλος
397 2281 496 2348 τηςκ
501 2279 639 2352 ρτααιάς
665 2272 720 2332 καὶ
744 2272 1094 2352 ἀγίαςὴμιῖινκυρίας
1123 2269 1177 2330 καί
1201 2270 1334 2330 δεσποί-

50 2415 114 2466 νης,
138 2395 313 2486 Μιχαὴλ’
302 2415 316 2454 ο
341 2396 596 2470 Βασιλικιώτης.
620 2397 641 2474 †

144 2523 288 2592 Archetyp.
318 2525 556 2576 membranaceum.
583 2523 656 2578 aar.
686 2541 734 2576 ara
762 2526 808 2576 75.
837 2523 944 2576 Tabala
972 2523 1113 2574 ιιάδιιε-ιιάα
1135 2523 1241 2574 valam
1264 2538 1334 2575 αιτιιο

55 2629 126 2679 1271
143 2625 262 2696 (6779).

286 2913 404 2978 XCVI.
431 2915 506 2980 Sine
529 2937 622 2997 anna,
645 2937 755 2978 mense
779 2913 954 2998 decembri,
978 2913 1042 2978 ind.
1067 2913 1091 2976 I.

443 3063 640 3115 Testamentum
663 3063 769 3116 abbatae
789 3061 928 3116 Germani.

249 3250 270 3324 †
293 3247 442 3322 Διαθήκη
466 3247 640 3325 Γερμανοῦ,
665 3249 919 3324 καθηγουμένου
942 3248 1082 3320 Πάτμου.
1107 3247 1127 3324 †

146 3370 166 3446 †
191 3369 304 3442 Ἐπειδὴ
332 3373 385 3438 πᾶς
413 3369 553 3449 ἅνθρωπος
581 3371 710 3446 γεννητδς
742 3367 788 3427 καὶ
816 3369 911 3444 θνητος
937 3369 1089 3446 περιμένων
1117 3365 1259 3425 ἀνάστασιν
1290 3363 1337 3424 καὶ

52 3511 91 3567 τρι
92 3511 127 3548 σιν
152 3511 199 3550 και
223 3490 279 3550 ἔδει
305 3493 351 3549 τὀν
380 3495 496 3550 τοιοῦτον
524 3491 603 3549 ἀεὶ
594 3511 656 3569 περι
682 3497 734 3550 τῶν
763 3491 922 3570 ἀμφοτέρων
951 3495 1084 3570 μεριμνᾶν
1111 3487 1157 3548 καὶ
1179 3489 1227 3564 τὴν
1252 3488 1335 3567 ἐπερ-

52 3615 163 3688 χομένην
193 3615 300 3692 ἡμέραν
332 3621 382 3688 τῆς
411 3609 499 3698 κρί[σε
501 3608 550 3696 ως]
584 3659 751 3674 ......
784 3614 890 3692 θρηνεῖν
924 3605 971 3672 καί
1001 3613 1047 3672 δδῦ
1034 3613 1212 3692 υρηετθαι
1238 3611 1337 3671 ,πότε

54 3729 118 3817 ἧξίει
145 3733 174 3816 ἡ]
204 3735 295 3814 ἡμέρα
327 3779 334 3794 .
361 3783 366 3794 .
393 3783 398 3794 .
431 3737 463 3792 ἀν
495 3781 630 3794 .....
664 3736 713 3794 οῦκ
743 3729 812 3815 οἶδε,
839 3733 885 3793 καὶ
913 3736 943 3793 οῦ
971 3735 1052 3808 μόνον
1074 3731 1135 3812 περὶ
1161 3739 1211 3807 τῆς
1234 3731 1338 3806 δηλου-

57 3858 130 3932 μένης
156 3857 273 3938 κρίσεως
301 3857 410 3928 εῦθῦνας
438 3853 504 3935 ἕξει,
533 3857 587 3916 είτε
614 3865 708 3929 κακῶς
736 3855 850 3936 ἀπεβίω,
879 3857 933 3916 είτε
958 3857 1044 3936 ὀρθῶς
1072 3855 1110 3926 εἰς
1134 3855 1206 3928 ζωὴν
1230 3853 1336 3914 αἰώνιον

57 3977 254 4057 διαρυλαχθείς,
279 3975 357 4038 ἀλλά
378 3977 424 4038 καί
447 3985 500 4038 τῶν
523 3981 572 4039 aab
595 3983 677 4060 χεῖρα
701 3979 951 4058 διανρατυνομένων
974 3978 1055 4058 αὐτῷ,
1080 3977 1134 4036 εἴτε
1156 3977 1227 4036 λαοῦ
1250 3976 1337 4056 ἀρχὴν

57 4098 211 4183 ἐνεχερίαθη,
241 4100 294 4160 εἴτε
317 4103 485 4180 πραγμάτων
513 4102 671 4182 πολιτικῶν,
699 4101 753 4160 εἴτε
782 4101 930 4176 ἐκκλησίας
957 4102 1090 4160 τάλαντον
1117 4096 1164 4157 καί
1190 4103 1243 4156 πᾶν
1264 4095 1337 4176 ίερδν

58 4220 82 4276 ἐν
105 4225 166 4306 aaa]
194 4221 377 4302 οἰκοδόμημα,
405 4223 490 4301 λόγον
518 4219 606 4301 ῦρέξει
633 4224 699 4301 ῦπὲρ
727 4227 771 4281 τοῦ
800 4222 902 4280 δικαίου
929 4227 1019 4301 κριτοῦ
1041 4220 1087 4280 καί
1112 4219 1135 4279 εί
1159 4219 1209 4295 μὲν
1233 4219 1335 4277 ἐπλεό-

57 4362 111 4402 νασε
135 4349 220 4424 τοῦτο,
248 4345 318 4404 κατά
345 4349 392 4419 τὴν
420 4340 520 4430 ρ[ωνην
547 4348 593 4404 τοῦ
619 4341 730 4424 κυρίουΙ,
759 4339 940 4416 ἀξιωθήσεται
967 4341 1013 4400 καί
1039 4349 1092 4400 τῶν
1121 4342 1189 4400 δέκα
1216 4341 1336 4418 πόλεων,

58 4465 251 4548 ἢάλιγώρησε,
274 4471 325 4526 κάν
347 4465 400 4525 τῶν
422 4469 504 4526 πέντε
529 4513 665 4528 .....
681 4466 742 4536 είως
765 4472 840 4524 τοῦτο
864 4464 1016 4544 ἀπέκρυψεν
1040 4465 1077 4534 ὡς
1100 4465 1115 4520 δ
1138 4465 1256 4542 πονηρδς
1278 4459 1337 4546 κ[αί

59 4585 170 4672 &taphal
204 4591 315 4674 δοίῦλος
345 4587 391 4648 καὶ
422 4584 463 4673 οῦ]
496 4587 651 4664 κατέβαλεν
685 4587 722 4658 είς
752 4589 897 4668 τράπεζαν,
928 4584 988 4661 ἥξει
1020 4586 1033 4642 δ
1061 4587 1151 4666 κῦριος
1182 4587 1260 4644 αὺτοῦ
1290 4583 1336 4644 καὶ

60 4703 219 4787 διχοτομήσει
245 4711 291 4772 καὶ
314 4713 343 4770 τ“ο
365 4711 499 4770 τάλαντον
523 4711 575 4791 ἀρῃ
602 4707 648 4768 καί
671 4704 764 4793 [δώσει
786 4709 835 4791 τῷ]
860 4711 950 4788 έχοντι
974 4707 1008 4766 τά
1031 4707 1098 4768 δέκα
1125 4707 1172 4768 καὶ
1198 4709 1228 4767 τδ
1252 4709 1335 4788 μέρος
