3160 5292
1247 358 1308 424 183

34 558 104 615 λύκου
123 557 222 632 ταύτης
245 553 337 632 οὔσης.
361 555 405 616 ἐπὶ
426 557 512 636 τούτῳ
536 557 590 637 γὰρ
610 553 656 616 καί
675 555 706 614 τύ
730 555 817 634 παρόν
839 554 986 636 πρακτικόν
1008 556 1125 633 γεγονός
1146 555 1209 634 παρ’
1229 555 1308 628 ήμῶν

34 679 131 754 ἐπεδόθη
153 683 187 760 τῇ
210 679 323 760 τοιαύτη
347 685 417 760 μονή
441 676 481 749 εἰς
504 677 663 758 ἀοροίλειαν.
688 676 767 752 μηνὶ
790 676 930 758 μαρτίῳ,
953 675 1161 747 ίνδικτιῶνος
1182 674 1222 736 θ’.

115 801 173 878 ήό
203 796 337 886 [δοῦλος
364 847 515 862 .....
521 799 531 882 ]
561 804 616 860 τοῦ
646 801 803 860 αῦθέντου
833 819 893 874 μου
922 803 977 860 τοῦ
1006 797 1309 878 παρακοιμωμένου

32 921 175 996 Μονουὴλ
197 923 212 980 ό
235 919 453 1002 Ἐξώτροχος.
478 923 499 1002 †

114 1051 258 1122 Archetyp.
282 1051 369 1108 chart.
394 1049 471 1106 Hor.
495 1067 544 1104 που
564 1051 611 1105 77.
640 1049 750 1104 Tabula
770 1050 878 1104 videtur
899 1066 954 1104 ωυε
976 1049 1044 1103 anni
1066 1049 1161 1102 1221.

283 1443 405 1508 LXVI.
430 1441 506 1508 Sine
528 1465 622 1526 anno,
646 1465 756 1507 mense
779 1441 880 1527 aprili,
902 1439 967 1505 ind.
992 1441 1033 1505 II.

29 1609 163 1678 Imperator
177 1608 318 1677 confirmat
335 1609 496 1663 πιοιιαοίοτίο
519 1609 637 1662 duarum
660 1608 850 1662 ααυίσιιίατυιη
873 1607 1061 1677 mmptimwm
1083 1625 1102 1660 a
1120 1605 1306 1677 υοοθίριιίίθιιο.

112 1792 237 1870 met
265 1795 296 1853 τό
326 1794 411 1874 μέρος
441 1798 490 1869 τής
521 1793 592 1852 κατὰ
622 1793 670 1866 τὴν
698 1797 781 1868 νησον
808 1791 920 1866 Ποίτμον
952 1791 1127 1866 διακειμένης
1156 1788 1309 1867 σεβασμίος

27 1921 97 1988 μονῆς
127 1919 176 1974 τοῦ
207 1915 388 1992 ήγαπημένου
419 1913 563 1993 Θεολύγου
600 1917 731 1990 κέκτηται
765 1913 906 1994 διαφόρους
939 1911 1065 1992 ὁρισμούς
1102 1917 1148 1972 τοῦ
1182 1911 1307 1987 ἀοιδίμου

27 2036 160 2114 βασιλέως,
186 2038 311 2097 αύθίντου
339 2036 386 2096 καί
408 2037 538 2116 πενθεροῦ
565 2043 614 2112 της
645 2035 789 2110 βασιλείας
816 2055 878 2114 μου,
903 2033 953 2094 καὶ
979 2036 1062 2110 αύτής
1093 2033 1127 2109 δὴ
1154 2039 1204 2109 της
1227 2035 1308 2109 βασι·

26 2157 90 2230 λείας
111 2179 162 2234 μου
191 2159 234 2219 ἐπ’
258 2155 418 2240 ἑξκουοοείᾳ
443 2159 575 2220 παντελεῖ
600 2163 654 2218 τῦν
682 2159 729 2218 δύο
755 2155 911 2217 πλατυδίων
934 2157 1032 2234 αύιής,
1057 2150 1204 2236 εύρίοκουοι
1228 2153 1260 2215 δὲ
1283 2153 1309 2215 οί

27 2280 116 2352 ἐντοῖς
142 2283 272 2354 τοιούτοις
298 2279 456 2354 πλατυδίοις
484 2275 619 2360 ἄνθρωποι
641 2285 691 2354 τῆς
718 2285 805 2355 μονῆς
827 2278 959 2356 δχλήοεις
983 2279 1035 2338 ἀπδ
1057 2283 1111 2336 τῶν
1134 2277 1183 2350 τὰς
1204 2297 1306 2357 παραι-

26 2402 132 2478 γιαλίους
154 2402 263 2476 σκέλος
285 2403 454 2482 κρατούντων
477 2402 524 2464 καὶ
545 2404 610 2484 παρ’
628 2403 705 2462 αύτοῦ
729 2402 763 2477 δὴ
785 2405 832 2462 τοῦ
855 2403 955 2480 μέρους
977 2405 1022 2460 τοῦ
1046 2397 1146 2460 οἰκείου
1169 2405 1202 2482 τῇ
1227 2400 1307 2476 βασι-

26 2523 75 2604 λείᾳ
96 2547 146 2600 μου
168 2527 328 2606 πιγκέρνης,
352 2525 450 2597 δουκδς
469 2529 515 2586 τοῦ
534 2525 652 2602 θέματος
666 2531 721 2585 τῶν
734 2522 907 2604 Θρακηοίων,
922 2527 1002 2602 κυροῦ
1016 2519 1144 2582 Ἰωάννου
1160 2523 1308 2597 Κομνηνοῦ

25 2649 60 2706 τοῦ
73 2648 308 2728 Καντακουζηνοῦ,
329 2646 376 2707 καὶ
393 2647 438 2708 διὰ
456 2651 533 2708 τοῦτο
554 2647 654 2723 ἐδεήθη
670 2649 700 2706 τό
723 2648 806 2728 μέρος
820 2653 870 2723 τῆς
892 2651 1015 2721 τοιαύτης
1039 2650 1126 2720 μονῆς
1147 2641 1194 2704 καί
1217 2643 1309 2723 ἑτέρου

26 2768 119 2843 ὁρισμοῦ
143 2775 194 2846 τῆς
222 2768 366 2844 βασιλείας
393 2791 459 2850 μου,
488 2771 673 2851 ἑπικυροῦντος
705 2769 755 2844 μὲν
785 2767 831 2828 καὶ
860 2768 922 2839 τούς
949 2769 994 2838 ούς
1024 2766 1128 2848 είρητοι
1157 2768 1307 2846 προσόντος

27 2889 78 2970 τιτῄ
103 2891 244 2970 ὁρισμούς,
272 2889 501 2966 διακελευομένου
528 2891 559 2951 δὲ
586 2889 633 2950 καί
661 2889 701 2962 είς
727 2891 757 2949 τδ
784 2887 850 2965 ἑξῆς
874 2895 921 2965 τῆς
945 2890 1027 2964 αὐτῆς
1051 2887 1233 2948 έπαπολαύειν
1257 2885 1306 2960 ἐξ·

25 3013 152 3084 κοντσείας
177 3013 212 3072 τὰ
237 3014 336 3090 ταύτης
361 3013 548 3096 πλοτύδιο,ή
577 3013 704 3088 βασιλεία
735 3033 786 3087 μου
812 3017 863 3087 τῆς
885 3009 1008 3085 δεήσεως
1031 3009 1110 3070 αὺτοῦ
1133 3009 1306 3070 ἐπακούοασοι

27 3133 154 3212 διορίζεται
181 3135 225 3194 διὰ
250 3137 297 3195 τοῦ
323 3135 456 3216 παρόντος
484 3136 566 3212 αῦτής
594 3135 703 3215 όριομοῦ
733 3134 807 3212 ἔχειν
834 3132 868 3192 τὰ
893 3136 1003 3192 τοιαῦτα
1029 3130 1166 3191 πλατύδιοι
1194 3131 1243 3206 τὴν
1272 3133 1306 3206 ἣν

25 3254 61 3312 καὶ
86 3259 216 3336 πρότερον
243 3251 318 3335 είχον
349 3253 521 3330 ἐξκούοσειοιν
551 3254 598 3316 καί
625 3259 694 3331 μήτε
721 3255 797 3334 παρὰ
822 3257 868 3314 τοῦ
899 3251 999 3314 οἰκείου
1025 3260 1059 3335 τή
1087 3253 1216 3336 βασιλείᾳ
1244 3275 1305 3332 μου,

26 3380 158 3456 τηαέρνης
179 3382 261 3457 κυροῦ
285 3379 413 3438 Ἰωοίννου
441 3379 587 3454 Κομνηνοῦ
613 3381 659 3436 τοῦ
681 3377 916 3456 Καντακουζηνοῦ,
940 3378 1010 3450 μήτε
1031 3377 1096 3455 παρ’
1120 3375 1212 3452 ἑτέρου
1233 3395 1305 3456 κρα-

26 3502 117 3571 τοῦντος
139 3502 168 3560 τύ
190 3502 360 3580 κομμέρκιον
383 3507 434 3576 τῆς
456 3497 607 3575 Ἀναίαςή
635 3497 682 3558 καί
704 3497 787 3570 αῦτόις
808 3497 857 3569 τὰς
878 3497 986 3570 σκαλας
1007 3503 1061 3557 τῶν
1078 3497 1234 3576 Παλατίων,
1258 3502 1306 3572 τῆς

27 3619 178 3704 Στροβήλου,
205 3629 256 3699 τῆς
279 3623 392 3702 Ἐρέσου
418 3621 465 3682 καὶ
490 3622 540 3694 τὰς
566 3620 667 3692 λοιπὰς
693 3620 846 3700 παραλίους
873 3617 1004 3698 εύρίοκειν
1031 3619 1185 3694 διασειομόν
1207 3639 1266 3680 τινα
1287 3621 1306 3693 ή

29 3741 137 3826 ίχληοιν,
163 3743 211 3805 καὶ
238 3744 267 3803 ἐν
291 3791 298 3804 .
323 3793 330 3806 .
356 3791 363 3806 .
388 3793 396 3806 .
421 3792 428 3806 .
453 3789 460 3804 .
486 3792 492 3805 .
519 3751 525 3805 ’.
549 3742 595 3807 καί
620 3747 666 3803 τοῦ
689 3743 811 3820 Σαμψὼν
833 3743 904 3802 κατὰ
925 3741 975 3814 τὰς
996 3742 1159 3821 περιλήψεις
1181 3745 1244 3820 τῶν,
1268 3743 1307 3814 ὡς

29 3862 125 3942 εἴρηται,
148 3867 301 3946 προσόντων
323 3873 357 3948 τῇ
379 3866 488 3947 τοιαύτη
512 3873 581 3948 μονῇ
605 3867 724 3944 ὁρισμῶν
746 3868 792 3924 τοῦ
808 3885 837 3923 τε
859 3861 982 3937 ἀοιδίμου
1005 3862 1157 3941 βασιλέως,
1181 3863 1307 3921 αῦθέντου

27 3983 64 4042 κοί
86 3989 214 4068 πενθεροῦ
240 3993 291 4062 τῆς
319 3987 462 4062 βασιλείας
485 4007 536 4062 μου
566 3985 613 4046 καί
641 3987 723 4061 αύτῇς
749 3991 800 4060 τῆς
826 3984 968 4058 βασιλείας
991 4004 1051 4058 μου.
1082 3981 1125 4042 ἐπὶ
1145 3985 1230 4062 τούτῳ
1252 3983 1306 4063 γὰρ

30 4103 137 4183 ἐγεγόνει
167 4117 199 4191 τῇ
231 4109 410 4191 διαληρθείοη
441 4116 510 4192 μονῇ
537 4113 583 4168 τοῦ
609 4109 789 4186 ήγοπημὲνου
816 4105 961 4183 Θεολόγου
990 4111 1024 4186 τῇ
1052 4104 1091 4177 εἰς
1117 4104 1166 4179 τήν
1194 4105 1306 4179 Ποίτμον

29 4225 64 4284 καί
84 4232 97 4288 ό
119 4231 210 4310 παρὼν
232 4237 282 4306 τής
305 4230 448 4306 βασιλείας
471 4251 522 4305 μου
544 4231 655 4311 όρισμδς
676 4228 723 4288 καί
748 4229 864 4303 ἐπεδόθη
888 4231 955 4310 αῦτῇ
979 4225 1014 4287 δι’
1039 4227 1199 4305 οὶσροίλειαν.
1228 4226 1306 4302 μηνὶ

30 4347 191 4432 ίτριλλίιρ,
215 4351 424 4425 ίνδικτιῶνος
447 4351 614 4432 δευτέρας.
639 4353 660 4432 †

118 4477 138 4554 †
161 4474 217 4534 Διὰ
239 4480 294 4535 τοῦ
316 4475 460 4554 Τορνίκη
484 4472 683 4554 Δημητρίου.
708 4476 728 4553 †

118 4605 258 4674 Archetyp.
282 4604 369 4659 chart.
394 4603 469 4660 flor.
492 4621 542 4658 nro
567 4606 607 4658 53
619 4601 672 4672 (ο).
701 4603 810 4656 Tabula
840 4603 983 4656 ίτιῦυεπιία
1013 4602 1120 4655 videtur
1150 4603 1310 4672 imperatori

33 4703 117 4759 ίοσιιιιί
137 4707 230 4762 Βυσαε
249 4709 378 4764 Vataczae
400 4715 424 4762 οί
447 4727 518 4762 anno
542 4709 626 4762 1229
649 4713 698 4760 aut
723 4709 814 4760 1244.
