3162 5278
252 359 315 422 306

356 551 439 630 †T‘0
462 551 643 623 ἀνακαινίζειν
671 551 705 610 τὰ
726 553 875 632 πράγματα
898 549 1038 622 πολλάκις
1063 549 1191 630 προνοίας
1219 551 1299 630 ἔργον
1325 548 1542 609 λυσιτελέστατον

253 669 452 753 ἀναντιρρήτως
479 673 548 733 ἐστί·
576 674 663 755 φθορᾷ
684 673 738 752 γάρ
766 673 950 748 ὑποκειμένων
977 678 1031 732 τῶν
1059 673 1108 732 ύπό
1135 673 1234 750 χρόνον
1261 672 1387 730 ἁπάντων
1411 670 1476 752 ρᾷον
1499 671 1542 728 έκ-

252 795 356 854 πίπτειν
379 800 424 854 τοῦ
448 790 517 854 εἶναι
539 798 667 876 πέφυκεν,
691 798 742 856 όοα
765 797 928 874 συχνοτέρας
951 795 1051 872 ὑπέστη
1075 799 1121 854 τοῦ
1142 795 1242 873 χρόνου
1264 797 1432 869 κατατομάς,
1458 792 1541 871 διόπερ

252 917 269 990 ἡ
297 921 351 974 τῶν
381 916 528 996 ἀνθρώπων
556 923 644 996 σοφῶς
673 914 781 997 ἐξεῦρεν
812 916 915 976 ἐπίνοια
944 918 974 975 τό
1002 916 1130 976 ἀνανεοῦν
1157 917 1191 974 τά
1218 917 1410 990 παλαιούμενα
1439 913 1486 973 καί
1512 915 1542 972 δι’

254 1039 332 1096 οιύτοῦ
361 1037 540 1097 ἀναστέλλειν
566 1038 614 1112 τὴν
641 1040 709 1118 πρός
734 1039 849 1118 όλεθρον
875 1038 1088 1115 κατεπείγουσαν
1116 1037 1216 1118 φθοράν
1240 1037 1413 1117 μακροζωίοιν
1441 1039 1470 1096 τέ
1492 1057 1541 1094 τινα

252 1156 314 1238 περὶ
341 1159 408 1218 αύτά
434 1159 682 1239 πραγματεύεσθαι,
710 1162 748 1232 ὡς
777 1161 888 1236 ἐνεστιν,
916 1159 975 1219 ἀνθ’
998 1155 1036 1218 ὧν
1063 1158 1109 1219 καὶ
1136 1161 1154 1234 η
1182 1159 1245 1219 καθ’
1268 1160 1342 1234 ἡμᾶς
1368 1162 1416 1218 τοῦ
1439 1159 1542 1237 Χριστοῦ

254 1281 366 1358 μεγάλη
402 1277 537 1355 ἐκκλησία
571 1277 705 1356 διηνεκῶς
744 1279 924 1352 ἀνακαινίζειν
959 1279 1039 1340 εἴωθε
1077 1281 1110 1339 τά
1144 1282 1281 1358 φθάσαντα
1313 1283 1465 1360 γράμματα
1496 1285 1542 1337 τῶν

253 1401 481 1480 προαπελθόντων
509 1400 638 1477 ἀοιδίμων
660 1408 834 1482 πατριαρχῶν
857 1402 907 1460 ύπό
929 1407 983 1461 τῶν
1005 1403 1131 1482 πατέρων
1152 1401 1308 1479 πεμφθέντα
1330 1406 1383 1460 τῶν
1409 1400 1463 1476 ἤδη
1487 1421 1542 1458 σιν-

255 1525 430 1598 ασκουμένων
459 1522 488 1581 ἐν
512 1528 544 1603 τῇ
568 1521 629 1604 ἱερᾷ
654 1519 701 1582 καί
728 1517 875 1604 σεβασμίᾳ,
904 1523 1035 1604 βασιλικῇ
1062 1544 1092 1581 τε
1122 1521 1169 1580 καὶ
1197 1527 1380 1601 πατριαρχικῄ
1409 1528 1478 1602 μονῇ
1503 1525 1542 1580 τοῦ

254 1643 340 1723 ἁγίου,
366 1640 477 1714 ἐνδόξου
504 1641 551 1703 καὶ
573 1647 746 1722 πανευφήμου
774 1644 926 1704 ἀποστόλου
954 1643 1000 1703 καί
1028 1645 1223 1722 εὐαγγελιστοῦ
1248 1643 1375 1702 Ἰωάννου
1402 1648 1449 1703 τοῦ
1475 1643 1541 1703 θεο-

254 1765 340 1844 λόγου
366 1765 437 1824 κατά
464 1765 512 1839 τὴν
538 1765 649 1840 Πάτμον
676 1771 759 1840 νῆσον
787 1765 1012 1840 διαλαμβάνοντα
1039 1769 1127 1825 πάντα
1154 1765 1189 1825 τά
1213 1766 1356 1845 ἀνέκαθεν,
1384 1766 1418 1825 ἐκ
1444 1769 1542 1846 πρώτης

254 1885 321 1968 φημὶ
348 1884 509 1966 κατάρξεως
535 1889 581 1946 τοῦ
607 1885 681 1966 ἱεροῦ
709 1887 788 1946 αθτοῦ
816 1888 995 1967 μονασσηρίου
1018 1887 1231 1964 φιλοτιμηθέντα
1253 1887 1325 1966 αύτῷ
1347 1890 1483 1967 προνόμιοι
1504 1887 1542 1946 διὰ

255 2007 405 2083 βασιλικῶν
427 2007 654 2088 χρυσοβούλλων,
677 2006 720 2067 ναὶ
741 2009 794 2082 μὴν
814 2007 861 2068 καὶ
881 2008 925 2068 διὰ
946 2013 1149 2088 τατριαρχικιῦν
1173 2008 1358 2086 σιγιλλιωδιῦν
1380 2012 1542 2088 γραμμάτων

256 2129 482 2206 ἐνασμενισθέντα
501 2128 548 2188 καί
563 2131 802 2210 κατοχυρωθέντα·
826 2131 922 2190 αύτίκα
937 2131 991 2210 γάρ
1007 2151 1084 2209 φησιν
1107 2130 1187 2206 ὁτῆς
1203 2129 1315 2202 αἰωνίας
1338 2133 1450 2206 μνήμης
1473 2133 1543 2190 εύσε-

256 2252 307 2328 βὴς
323 2250 453 2326 βασιλεῦς
469 2249 597 2323 Ἀλέξιος
612 2252 627 2308 ὁ
643 2251 788 2326 Κομνηνός
812 2249 1041 2330 «χρυσόβουλλον
1059 2251 1215 2329 ἐδωρήσατο
1236 2249 1276 2330 τῷ
1297 2253 1408 2332 κτήτορι
1430 2257 1478 2328 τῆς
1499 2253 1543 2309 αύ-

255 2379 304 2451 της
327 2377 428 2451 μονῆς,
457 2371 572 2450 μοναχῷ
595 2372 797 2450 Χριστοδούλῳ,
826 2371 860 2432 δι’
885 2366 915 2432 οῦ
935 2372 1144 2452 ε’πιβραβεύεται
1166 2373 1249 2454 ταύτῃ
1271 2377 1360 2432 πᾶσαν
1384 2373 1543 2452 ἐλευθερίαν,

257 2489 418 2570 αὺτονομίαν
440 2514 471 2552 τε
497 2491 544 2552 καὶ
571 2493 794 2554 αύτοδεσποτείαν
822 2493 867 2552 σύν
895 2492 1061 2575 ἀπαξαπάοη
1088 2500 1122 2574 τῇ
1145 2496 1219 2572 νήσῳ
1243 2493 1348 2572 Πάτμῳ
1372 2495 1443 2568 μετὰ
1464 2497 1544 2566 πάσης

255 2620 304 2691 τῆς
326 2621 461 2696 περιοχῆς
484 2612 531 2674 καί
553 2614 756 2693 διανρατησεως
779 2615 861 2690 οιύτῆς
885 2614 928 2673 ἐπ’
948 2615 1117 2695 ἀναφαιρέτῳ
1140 2613 1187 2674 καὶ
1211 2613 1331 2692 διηνεκεῖ
1353 2621 1385 2697 τῇ
1410 2615 1544 2695 δεσποτεία

256 2734 304 2796 καὶ
326 2738 469 2814 κυρτότητι,
496 2732 547 2820 [τό]
571 2736 694 2817 ἀτελῶς,
718 2736 829 2816 ἀβαριῦς
850 2735 898 2796 καί
923 2731 1004 2820 [κατὰ
1025 2740 1112 2796 πάντα
1135 2731 1340 2821 ἀνενοχλήτως]
1367 2740 1460 2816 τηρεῖν
1482 2735 1543 2796 αἰω-

256 2857 320 2930 νίως
341 2859 440 2932 ταύτην
462 2879 492 2916 τε
520 2858 567 2932 τἠν
594 2857 765 2933 δηλωθεῖσαν
788 2858 938 2934 σεβασμίαν
962 2861 1059 2941 μονήν,
1089 2854 1157 2944 [καὶ]
1182 2859 1378 2918 αῦτοδέοποτον
1400 2857 1448 2918 καί
1472 2860 1543 2917 αύτε-

256 2977 360 3054 ξούσιον
383 2980 453 3056 μετὰ
474 2984 524 3056 τῆς
546 2979 616 3056 ὅλης
638 2982 719 3054 νήσου
742 2979 879 3054 διαμένειν
903 2979 933 3051 ἐς
953 2977 995 3040 ἀεὶ
1015 2981 1077 3040 καθ’
1095 2981 1192 3056 ἑαυτὴν
1213 2981 1353 3058 ἀγομένην
1375 2979 1425 3040 καί
1448 2981 1543 3040 διευθύ-

256 3104 383 3184 νομένην,
406 3099 453 3161 καί
476 3099 537 3162 ούτε
560 3102 626 3177 αύτη
649 3103 667 3175 ἡ
691 3103 771 3179 μονή,
796 3099 855 3160 ούτε
877 3102 911 3160 τά
934 3102 1101 3176 ὑποκείμενα
1123 3103 1214 3183 ταύτῃ,
1239 3100 1332 3177 ούθ’ἠ
1357 3103 1451 3162 ἀπασα
1471 3107 1544 3176 νῆσος

256 3225 307 3284 ύπδ
335 3223 467 3297 βασιλικὰ
492 3225 511 3297 ἡ
533 3219 717 3302 πατριαρχικά
743 3225 761 3296 ἢ
785 3223 999 3302 μητροπολιτικά
1024 3227 1042 3300 ἢ
1068 3223 1229 3284 ἐπισκοπικά
1256 3227 1274 3300 ἢ
1299 3224 1543 3302 ἐκκλησιαστικάἠ

257 3347 306 3406 ύπό
333 3365 392 3404 τινα
424 3346 498 3416 όλως
528 3343 651 3404 ἰδιωτικὰ
680 3344 881 3422 ῦπαχθησονται
910 3346 1052 3425 πρόσωπα,
1085 3345 1152 3405 ἀλλ’
1176 3345 1394 3426 ἐλευθεριάοουσι
1425 3349 1543 3425 καθαρῶς

258 3463 339 3546 ἄχρις
362 3465 461 3539 αἰῶνος
482 3468 614 3538 παντός».
646 3465 790 3526 κάντεῦθεν
812 3467 880 3546 πρός
902 3471 935 3548 τῇ
959 3465 1089 3550 βασιλικῇ
1116 3470 1199 3550 ταύτῃ
1223 3467 1362 3550 φιλοτιμίᾳ
1387 3468 1435 3528 καί
1456 3487 1542 3546 πατρι-

259 3590 373 3668 αρχικόν
397 3586 597 3665 ἑπεδαψιλεύθη
621 3587 757 3666 σιγιλλιον
781 3591 826 3648 τοῦ
848 3591 995 3662 τηνικαῦτα
1017 3590 1062 3648 τόν
1085 3591 1281 3670 πατριαρχικδν
1305 3587 1438 3662 ἰθύνοντος
1460 3591 1542 3670 θρόνον

259 3707 412 3788 ἀγιωτάτου
426 3711 602 3790 πατριάρχου,
625 3714 706 3789 κυρού
722 3711 861 3789 Ἰωάννου,
882 3711 1103 3770 κατακολουθοῦν
1127 3711 1177 3786 μὲν
1201 3709 1245 3770 ἐπὶ
1267 3717 1332 3771 πᾶσι
1354 3715 1411 3784 τοῖς
1436 3712 1542 3790 ἐμφερο-

260 3833 351 3908 μένοις
374 3830 412 3910 τῷ
435 3830 570 3909 βασιλικῷ
592 3831 802 3912 χρυσοβοῦλλῳ,
827 3833 1016 3912 παρεχόμενόν
1039 3853 1069 3891 τε
1096 3833 1178 3914 ταύτῃ
1205 3839 1238 3914 τῇ
1264 3832 1402 3915 οεβαομίᾳ
1429 3839 1496 3914 μονῇ
1519 3833 1542 3889 τὶ

259 3954 460 4035 ἀνεπηρέαστον
490 3952 537 4013 καί
564 3953 750 4031 ἀνενόχλητον
777 3951 823 4012 καὶ
852 3955 904 4013 ἀπδ
932 3959 985 4014 τῶν
1007 3954 1079 4014 κατὰ
1101 3957 1210 4035 καιρούς
1233 3954 1481 4032 ἀποστελλομένων
1504 3951 1542 4024 ἐξ·

259 4077 352 4156 ἀρχων
381 4073 428 4134 καί
457 4075 521 4155 παρ’
550 4075 641 4154 ἐτέρου
673 4076 826 4154 προσώπου,
858 4075 1006 4136 ἀποκλεϊον
1038 4077 1070 4136 δὲ
1100 4074 1146 4136 καί
1181 4077 1230 4151 τὴν
1262 4075 1367 4137 εἴσοδον
1401 4082 1467 4137 πᾶσι
1497 4077 1542 4143 τοῖς

260 4197 413 4277 ἀρχιερεῦσι
433 4201 490 4270 τοῖς
512 4197 553 4276 ὑφ’
579 4197 688 4268 ἑαυτούς
712 4197 787 4274 ἄγειν
809 4197 858 4274 τὴν
882 4199 967 4272 μονὴν
992 4199 1180 4278 ἐπιχειροῦσιν,
1204 4199 1234 4256 ού
1257 4199 1311 4274 μὴν
1335 4198 1376 4277 δέ,
1405 4199 1481 4258 ἀλλά
1504 4193 1542 4254 καὶ

259 4317 297 4398 τῷ
327 4319 398 4379 κατὰ
427 4320 536 4398 καιρούς
566 4318 720 4402 πατριάρχῃ
752 4319 838 4395 μηδέν
865 4341 889 4378 τι
923 4323 1061 4400 προσεῖναι
1093 4318 1137 4380 ἐπὶ
1165 4325 1198 4401 τῇ
1229 4327 1299 4400 μονῇ
1330 4321 1414 4403 ταύτῃ
1445 4319 1540 4390 οἱανδή-

260 4461 357 4500 ποτουν
381 4441 423 4517 είη
448 4439 551 4502 δίκαιον
575 4445 744 4522 συγχωροῦν,
768 4441 870 4516 ἀλλ’ἢ
894 4445 978 4518 μόνην
1001 4442 1050 4517 τὴν
1074 4441 1208 4522 ἀναφοράν
1230 4446 1276 4502 τοῦ
1300 4439 1400 4502 οἰκείου
1423 4444 1541 4518 ὀνόματος

261 4561 289 4620 ἐν
316 4565 374 4633 ταῖς
402 4561 488 4635 θείαις
515 4562 739 4642 ίεροτελεστίαις,
769 4565 837 4643 πρός
866 4564 968 4634 τούτοις
996 4563 1178 4640 διοριζόμενον
1210 4561 1310 4638 ἐξεῖναι
1340 4567 1398 4638 τοῖς
1424 4565 1540 4642 μοναχοῦς

262 4682 411 4754 ἀκωλύτως
432 4685 496 4764 παρ’
520 4679 543 4763 ᾧ
566 4687 598 4742 ἀν
622 4684 771 4759 βούλωνται
794 4684 843 4756 τάς
867 4684 968 4744 ἑαυτῶν
991 4687 1122 4745 ποιεῖσθαι
1146 4685 1315 4766 χειροτονίας
1337 4685 1385 4746 καί
1408 4689 1467 4748 καθ’
1488 4687 1539 4745 ἑαυ-
