3160 5292
265 355 328 422 266

265 551 301 612 δι’
327 547 358 614 οῦ
389 556 507 634 χορηγεῖ
538 553 585 616 καί
617 555 743 635 δωρείπαι
776 561 822 638 τῇ·
844 563 914 640 μονῇ
947 560 978 620 τό
1011 559 1172 639 έγκαινίζειν
1208 559 1255 622 καί
1287 562 1429 642 καθιεροῦν
1462 559 1542 641 ἱεράις

162 725 165 732 ,
264 657 343 730 ναοὺς
375 660 420 719 τὸν
453 661 658 739 νᾱθηγοῦμενον
690 663 773 738 αἰιτῆς
806 662 845 742 τῷ
872 662 956 746 ,ζρςῖ
995 666 1124 746 ἄρχεται·
1162 667 1215 726 «τό
1243 670 1290 728 τοῦ
1322 671 1443 747 σωτῆρος
1470 667 1541 740 ἡμῶν

262 762 385 838 ποίμνιον
426 764 498 826 κατὰ
538 767 568 826 τό
609 766 791 846 εῦαγγελικδν
831 770 993 848 πρόσταγμα
1032 768 1184 846 ποιμαίνειν
1224 773 1371 852 ταχθέντες
1411 771 1461 832 ῦπδ
1499 779 1541 848 τῆς

262 867 464 950 φιλανθρωπίας
485 869 613 952 προνοίας
635 871 746 936 αὐτοῦ».

496 1163 600 1230 CXX.
625 1163 849 1250 7087-1579,
872 1187 983 1232 mense
1006 1168 1129 1251 martio,
1152 1165 1217 1234 ind.
1235 1167 1308 1232 VH.

262 1309 397 1382 διίυεοιεν,
417 1314 582 1384 patriarcha
601 1315 793 1384 Alexandriae,
821 1315 947 1370 hortatur
973 1317 1124 1390 ιιιοιιαοίισε,
1154 1322 1185 1370 ut
1210 1315 1292 1370 αι’πιυί
1316 1315 1436 1372 habitent
1463 1324 1487 1372 εί
1507 1335 1540 1371 ευ·

697 1420 756 1474 ἀειιι
778 1420 852 1476 vitae
872 1437 967 1492 ρεπενε
987 1427 1111 1476 utantur.

362 1602 623 1686 θΣίλβεστρος,
652 1604 739 1686 ἐλέῳ
765 1605 841 1666 θεοῦ
868 1605 981 1678 πάπας
1006 1603 1062 1666 καί
1084 1607 1291 1688 πατριάρχης
1312 1612 1371 1683 τῆς
1392 1607 1540 1686 μεγάλης

258 1725 390 1797 πόλεως
413 1722 679 1808 Ἀλεξανδρείας
701 1725 756 1788 καί
778 1727 893 1808 κριτὴς
915 1733 974 1805 τῆς
996 1725 1204 1806 οἰκουμένης.
1227 1728 1249 1808 †

361 1898 441 1980 †01
467 1901 497 1962 ἐν
522 1906 555 1984 τῇ
582 1894 725 1981 θεοσῦστῳ
756 1901 803 1961 καί
829 1904 973 1983 περιφημκρ
1001 1901 1106 1982 Πάτμῳ
1135 1904 1210 1982 νησῳ
1238 1907 1288 1979 τῆς
1317 1901 1469 1979 σεβασμίος
1500 1901 1540 1963 καὶ

258 2023 403 2100 βασιλικῆς
440 2027 527 2100 μονῆς
562 2026 609 2083 τοῦ
641 2025 815 2103 πανευφήμου
849 2023 1000 2084 ἀποστόλου
1032 2021 1079 2083 καί
1113 2023 1309 2102 εἰιαγγελιστοῦ
1340 2024 1469 2085 Ἰωάννου
1500 2029 1539 2084 τοῦ

257 2143 400 2225 Θεολόγου
416 2143 576 2222 ἀσκούμενοι
596 2143 719 2225 ἀδελφοί,
743 2147 803 2206 ότε
825 2146 1031 2223 καθηγούμενος
1052 2143 1100 2206 καί
1122 2147 1232 2224 πάντες,
1257 2144 1433 2226 ίερσμόναχοί
1447 2167 1477 2206 τε
1499 2145 1541 2206 καὶ

257 2267 383 2346 μοναχοί,
409 2269 493 2328 τέκνα
522 2268 551 2328 ἐν
578 2266 661 2347 κυρίῳ
689 2267 818 2346 ἀγαπητὰ
843 2274 893 2342 τῆς
914 2269 994 2344 ἡμῶν
1021 2270 1208 2348 μετριότητος,
1238 2271 1319 2349 χάρις
1346 2267 1388 2346 εἰη
1415 2268 1478 2342 ὑμῖν
1499 2265 1540 2328 καί

257 2387 349 2469 εἰρήνη
372 2388 418 2450 καί
442 2391 524 2464 ἔλεος
546 2391 599 2451 ἀπό
620 2391 683 2452 θεοῦ
705 2392 931 2473 παντοκράτορος
955 2391 973 2466 ἡ
994 2391 1136 2470 μετριότης
1150 2392 1230 2468 ἡμῶν
1243 2393 1371 2470 πρόνοιαν
1393 2391 1425 2451 οἰι
1447 2391 1540 2470 μικρόν

255 2513 402 2590 ποιουμένη
428 2509 490 2592 περί
511 2519 560 2588 τῆς
582 2513 716 2594 ὑμετέρας
738 2511 875 2594 ὠφελείας
897 2510 944 2572 καί
965 2519 1016 2592 της
1036 2516 1083 2573 τοῦ
1106 2514 1220 2593 εῦαγσῦς
1243 2511 1422 2591 μονασιηρίου
1445 2515 1538 2573 συστά·
1568 2565 1569 2572 ,

255 2635 325 2702 σεόις
346 2653 376 2692 τε
398 2631 444 2694 καί
467 2634 651 2715 διορθώσεως·
676 2634 771 2712 ἐπειδὴ
793 2633 848 2716 γάρ
875 2635 889 2695 ό
912 2635 1059 2712 ἀσκητικός
1086 2633 1144 2708 βίος
1171 2625 1210 2706 εἰς
1236 2635 1352 2715 ῦπάρχει
1380 2631 1428 2694 καί
1456 2635 1540 2694 έννοια

255 2754 304 2829 μία
330 2754 401 2814 κατὰ
426 2757 471 2816 τόν
498 2756 587 2833 μέγαν
615 2756 644 2817 ἐν
666 2755 809 2838 ίεροίρχαις
831 2755 985 2836 Βασίλειον,
1012 2755 1061 2832 τὴν
1083 2759 1133 2832 τῆς
1154 2755 1245 2834 ψυχῆς
1267 2757 1400 2838 σωτηρίαν
1422 2754 1470 2816 καί
1490 2761 1539 2816 πᾶν

253 2877 283 2936 τδ
306 2875 453 2953 δυνάμενον
474 2877 542 2959 πρός
564 2849 646 2955 αὐιὴν
669 2883 829 2959 συνεργῆσαι
851 2879 899 2955 την
921 2879 1045 2958 πρόθεσιν
1072 2879 1111 2950 όις
1133 2877 1208 2938 θείαν
1231 2877 1356 2957 ἐντολήν,
1383 2877 1452 2938 οίιτω
1475 2877 1539 2954 μετὰ

253 2999 335 3078 φόβου
364 3001 588 3079 παραφυλάττειν.
618 3001 673 3080 χρὴ
700 2999 795 3074 τοίνυν,
823 3001 947 3082 καθάπερ
973 2999 999 3060 σί
1021 2999 1048 3060 ἐν
1071 2998 1109 3078 τῷ
1131 2997 1239 3080 λουτρῷ
1261 2998 1450 3078 εἰσερχόμενοι
1472 2999 1538 3059 ἀπο-

251 3125 412 3200 γυμνοῦντσιι
437 3123 537 3194 παντός
563 3121 770 3204 περιβλήματος
796 3120 843 3183 καί
868 3125 953 3182 ταῦτα
979 3120 1118 3206 εἰσιόντες,
1147 3122 1216 3182 οὓτω
1242 3121 1288 3182 καί
1311 3121 1427 3204 τσίιςτῇ
1454 3141 1536 3198 μονα-

252 3243 314 3325 δτκῇ
343 3245 580 3324 προσερχομένους
609 3245 666 3326 ζωῇ
695 3247 786 3320 πάσης
811 3245 881 3322 όλης
908 3245 1037 3322 βιωτικῆς
1059 3244 1250 3324 γυμνωθέντος
1280 3241 1368 3324 χωρὶς
1396 3247 1443 3304 τοῦ
1472 3242 1537 3304 κατὰ

252 3364 408 3444 φιλοσοφίαν
430 3366 556 3443 γενέσθαι
579 3366 639 3443 βίου
665 3365 712 3428 καί
734 3369 908 3446 γυμνωθῆναι
930 3367 1046 3440 τελείως
1072 3367 1106 3427 τά
1128 3365 1199 3428 κατὰ
1220 3366 1269 3441 τὴν
1291 3365 1390 3426 κακίαν
1412 3363 1535 3442 πάθητί

175 3461 177 3467 ί
251 3486 346 3546 πολλὰ
367 3483 416 3547 καί
437 3486 560 3568 διάφορα,
584 3487 618 3548 δι’
639 3482 676 3550 ὧν
701 3487 847 3564 μολῦνεται
868 3490 886 3564 ἡ
909 3492 998 3568 ψυχή·
1026 3489 1126 3550 «δεῦτε
1149 3490 1249 3561 πάντες
1270 3489 1338 3568 πρός
1353 3506 1389 3563 με
1413 3485 1438 3547 οἱ
1459 3506 1535 3546 κσπ·

251 3613 335 3680 ῶντες
361 3607 408 3670 καί
433 3611 638 3691 πεφορτισμένοι
664 3609 744 3689 κάγὼ
772 3610 918 3672 ἀναπαόσω
944 3611 1037 3687 ὑμᾶς»
1068 3610 1146 3691 φησίν
1167 3612 1185 3685 ἡ
1209 3610 1269 3670 θεία
1294 3611 1383 3690 φωνή,
1412 3607 1466 3669 εἰτε
1492 3607 1535 3682 τὴν

250 3730 309 3792 ἐκεῖ
331 3731 486 3810 ἀνάπαυσιν,
510 3729 565 3792 εἴτε
587 3731 635 3808 τὴν
663 3731 785 3792 ἐντεῦθεν
808 3731 901 3809 δηλοῖ,
926 3732 1000 3808 πλὴν
1024 3731 1055 3793 δέ
1080 3731 1276 3812 προσκαλεῖται
1297 3731 1373 3807 ἡμᾶς
1396 3731 1411 3790 ό
1432 3731 1532 3812 κῦρισς·

249 3856 332 3913 ταῦτα
354 3853 404 3928 μὲν
426 3853 472 3913 τδν
494 3853 588 3932 φόρτον
610 3857 659 3929 τῆς
681 3851 865 3930 πολυκτησίας
892 3851 937 3912 διά
958 3857 1007 3928 τῆς
1030 3851 1068 3925 εἰς
1090 3852 1152 3923 τοίις
1175 3851 1322 3928 δεομένους
1343 3853 1469 3931 πτωχοὺς
1490 3849 1532 3911 καί

247 3975 365 4050 πένητας
388 3974 546 4046 ἀποθέσεως
567 3975 726 4054 προστάσσει
745 3975 811 4050 ἡμῖν
831 3972 1029 4054 ἀποβαλέσθαι,
1053 3975 1120 4054 όπερ
1141 3975 1171 4034 τό
1194 3973 1301 4050 πλῆθος
1322 3978 1376 4034 τῶν
1400 3975 1532 4055 άμαρτιιῦν

250 4094 295 4155 διά
325 4101 374 4172 τῆς
410 4089 593 4172 πολυκτησίας
630 4094 677 4158 καί
713 4093 875 4169 πλεονεξίας
907 4095 1080 4177 προσγίνεται
1117 4093 1164 4156 καὶ
1195 4094 1240 4156 διά
1269 4099 1318 4174 τῆς
1350 4095 1532 4172 ἐλεημσσόνης

248 4215 295 4277 καί
322 4213 526 4297 ἑξαγορεῦσεως
553 4217 751 4298 ἀπορρίψαντας
778 4217 962 4300 προσδραμεῖν
989 4217 1027 4298 τῷ
1055 4217 1226 4300 σταυροφόρῳ
1254 4217 1304 4298 βίῳ
1331 4223 1385 4278 τιῦν
1408 4223 1532 4296 μοναχῶν

248 4337 297 4414 τὴν
327 4339 387 4415 μετ’
410 4339 545 4415 ἀλλήλων
572 4340 644 4416 ζωὴν
671 4341 782 4412 ἑαυτοὺς
808 4339 968 4420 ἀσκοῦντες,
995 4341 1034 4418 μὴ
1062 4339 1101 4420 ἐφ’
1126 4339 1238 4422 ἑαυτῶν,
1266 4339 1339 4417 μηδὲ
1361 4339 1433 4400 κατὰ
1454 4341 1532 4416 μόνας

249 4459 446 4522 ἀσκείσθωσαν·
471 4460 599 4522 ἀδύνατον
622 4457 675 4542 γάρ
698 4457 767 4522 εἰναι
794 4463 839 4524 τὀν
861 4465 979 4524 τοιοῦτον
1007 4461 1065 4538 βίον
1087 4460 1173 4542 χωρίς
1195 4461 1318 4543 ὑποψίας,
1340 4459 1387 4522 καὶ
1410 4460 1532 4542 ῦσπερό

248 4583 429 4656 πνευματικός
454 4583 537 4657 νόμος
565 4581 613 4644 οῦκ
636 4581 784 4654 ἐλάττονας
808 4577 878 4644 είναι
904 4588 959 4644 τῶν
987 4577 1097 4644 δώδεκα
1120 4583 1248 4658 βούλεται
1273 4583 1335 4656 τοίις
1356 4584 1386 4642 τδ
1409 4585 1528 4658 μυστικόν

246 4703 342 4779 πάσχα
368 4699 505 4774 ἐσθίοντας
532 4703 561 4764 έν
589 4702 639 4786 μιᾷ
665 4701 711 4764 καὶ
737 4711 814 4785 κοινῇ
836 4705 969 4787 τραπέζῃ,
997 4705 1082 4776 οῦτως
1106 4703 1220 4766 ἐνταῦθα
1241 4705 1401 4776 πλεονάζειν
1424 4703 1530 4780 μαλλον
