3160 5292
279 353 342 416 236

279 548 415 630 σεβασμίᾳ
442 555 511 631 μονῇ
537 550 598 630 τρία
624 549 781 628 παλαιγενῆ
807 554 1012 630 προστάγματα,
1041 551 1118 611 ἀλλά
1145 552 1178 626 δὴ
1205 551 1253 612 καὶ
1281 553 1312 613 τό
1337 555 1503 634 πρόσταγμα
1529 562 1572 612 το]

279 669 400 746 ἀοιδίμου
423 671 574 752 βασιλέως,
599 675 644 732 τού
666 673 793 732 ούθέντου
819 671 865 732 καί
891 675 992 753 πατρός
1018 679 1067 749 τῆς
1095 673 1240 747 βασιλείας
1263 693 1328 749 μου·
1354 675 1398 734 διὰ
1419 675 1473 756 γὰρ
1498 683 1572 734 ταῦτα

280 791 405 870 ἐγεγόνει
430 792 468 872 τῷ
496 795 573 874 μέρει
600 799 649 870 τῆς
675 794 800 870 τοιαύτης
825 795 977 871 σεβασμίας
1004 803 1090 872 μονῆς
1120 795 1166 855 καί
1193 797 1324 878 όπαρὼν
1351 803 1400 874 τῆς
1427 797 1573 872 βασιλείοις

280 935 331 990 μου
354 915 464 994 ὁρισμός
487 913 526 987 είς
548 917 708 995 ἀσφάλειαν,
734 915 810 994 μηνὶ
833 912 929 997 μαίιρ,
954 917 1162 991 ἰνδικτιῶνος
1186 914 1235 978 ια’.
1258 919 1280 996 †

383 1043 526 1114 Ατσάσιμρ.
550 1045 636 1100 chart.
660 1047 737 1101 θύον.
760 1065 810 1100 nro
831 1048 870 1100 65
882 1066 904 1101 ο.
933 1047 1041 1102 Ταθυία
1063 1049 1169 1102 videtur
1191 1065 1246 1102 εσσε
1271 1048 1442 1118 imperatoris
1462 1049 1573 1102 Andro·

280 1150 335 1202 m'ci
350 1149 390 1204 II.
414 1155 439 1203 et
461 1150 530 1203 ααιιί
548 1151 633 1204 1283
654 1147 772 1220 (6791).

532 1435 568 1500 O.
593 1435 818 1522 6801-1292,
841 1461 951 1502 mense
973 1437 1149 1523 novembri,
1173 1439 1237 1504 ind.
1255 1439 1312 1504 VI.

282 1587 434 1654 Imperator
455 1585 624 1638 Andronicus
641 1585 682 1641 II.
707 1585 888 1657 Ραάτεοίαρυσ
914 1585 1053 1654 confirmat
1081 1588 1242 1640 monasterio
1270 1605 1358 1640 οιιιιιεε
1381 1589 1574 1657 possessiones.

383 1773 403 1848 †
427 1765 476 1830 Ὣι
496 1771 525 1829 τό
545 1776 594 1845 της
614 1769 723 1848 ἀγάπης
742 1775 791 1846 της
810 1772 878 1850 πρδς
897 1771 942 1830 τὀν
962 1771 1051 1830 κοινόν
1076 1771 1207 1846 δεσπότην
1232 1772 1359 1851 διάπυρον
1381 1773 1456 1851 παρὰ
1479 1780 1575 1831 τοσοῦ-

279 1913 325 1951 τον
347 1893 447 1970 γέγονε
470 1895 589 1970 γνήσιον,
617 1894 655 1963 ὡς
684 1892 787 1952 ἐκεῖθεν
816 1891 889 1964 αὖθις
915 1893 945 1951 τό
971 1892 1043 1952 πολύ
1069 1897 1118 1968 της
1141 1893 1279 1972 μακαρίας
1302 1893 1467 1970 ἀγαπήσεως
1493 1892 1574 1966 δέξα-

281 2015 342 2073 σθαι
368 2012 414 2073 καὶ
442 2017 517 2093 μόνῳ
543 2015 573 2072 τό
601 2018 647 2074 τού
674 2015 757 2074 πόθου
787 2016 930 2093 μυστήριον
957 2013 1101 2088 πάνδημον
1128 2014 1240 2074 τελέσαι
1266 2014 1394 2088 κλήσεως
1420 2017 1576 2096 γνώρισμα,

281 2136 339 2196 τίνοι
361 2157 401 2208 τις
428 2134 510 2196 είπίυν
537 2137 664 2196 ἀνάπτειν
690 2137 735 2196 τὀν
758 2138 850 2216 πόθον,
878 2139 974 2217 μέτρια
1001 2135 1047 2195 καί
1070 2136 1164 2214 λέγειν
1190 2133 1237 2195 καὶ
1258 2139 1345 2196 ποιεῖν
1368 2139 1576 2216 νομισθησεται;

282 2253 304 2336 ᾧ
328 2258 358 2317 δὲ
380 2257 414 2316 τά
435 2263 481 2318 τού
503 2259 586 2318 πόθου
613 2257 685 2334 μηδὲ
712 2261 828 2336 πέρυκεν
857 2255 941 2329 ἀξίως
968 2260 1086 2338 μετρεῖν,
1112 2259 1195 2317 πόθεν
1223 2259 1254 2316 ἀν
1281 2279 1322 2330 τις
1348 2257 1393 2318 καί
1419 2259 1497 2338 παρὰ
1529 2259 1578 2318 τῶν

283 2359 370 2459 ἔργωίι
392 2381 422 2438 τδ
447 2377 519 2450 είκδς
543 2379 761 2459 έκπληριύσειεν,
785 2379 853 2438 ἀλλ’
867 2379 962 2453 ἐπειδὴ
985 2381 1024 2454 μὴ
1046 2381 1113 2459 πρός
1137 2381 1215 2439 αύτδν
1237 2379 1340 2438 ἐκεῖνον
1361 2379 1460 2439 δύναιτ’
1479 2377 1516 2438 α“ν
1532 2402 1577 2454 τις,

281 2505 332 2560 πού
363 2501 397 2576 δὴ
424 2499 470 2560 καί
496 2501 564 2582 προς
590 2502 648 2562 τίνα
675 2497 796 2562 ἀποτίσει
822 2503 871 2576 τὴν
894 2501 1005 2580 όρειλὴν
1037 2502 1099 2572 τούς
1125 2503 1257 2581 ὁσημέραι
1284 2503 1368 2580 τούτῳ
1396 2505 1579 2582 προσανέχειν

283 2623 432 2696 ἑλομένους
459 2624 660 2706 παραδραμών;
691 2627 741 2683 πού
772 2623 803 2682 δὲ
832 2623 943 2698 μᾶλλον
973 2621 1019 2682 καὶ
1048 2621 1167 2695 ἀποδούς
1196 2625 1354 2703 πρεπόντως
1384 2625 1502 2700 ἀποδοίη
1536 2623 1578 2682 καὶ

283 2743 355 2822 αύτῷ
377 2766 411 2824 γε
434 2746 505 2804 κατὰ
528 2749 640 2826 σκιατόν,
664 2747 702 2821 μὴ
725 2748 832 2818 τούτους
856 2739 884 2805 εύ
907 2748 993 2836 ποιεῖν
1016 2745 1216 2825 προελόμενοςς
1240 2746 1325 2805 τοίνυν
1347 2743 1394 2804 καί
1415 2748 1434 2822 ἡ
1457 2745 1494 2805 ἑκ
1520 2749 1578 2806 θεοῦ

283 2865 410 2941 βασιλεία
441 2889 493 2943 μου
527 2871 559 2927 τά
589 2889 618 2927 τε
654 2869 730 2928 ἀλλα
764 2868 825 2950 περὶ
858 2870 907 2943 τἠν
940 2868 1044 2927 ἐκείνου
1074 2867 1225 2942 σεβασμίαν
1258 2871 1352 2946 μονίμ,
1382 2871 1416 2942 ἣν
1446 2869 1463 2941 ί,
1499 2877 1578 2944 νῆσος

283 2989 396 3064 [Ιοίτμος
423 2987 466 3050 ἐπί
492 2989 530 3068 τῷ
557 2989 622 3068 θείῳ
649 2993 723 3070 ρέρει
748 2992 841 3050 τούτου
868 2991 979 3066 όνόματι
1002 2989 1169 3068 ριλωδιύρως
1193 2990 1258 3066 ἔσχε
1281 2987 1327 3048 καὶ
1348 2991 1512 3070 προμηθῶς,
1537 2987 1578 3047 καί

283 3113 317 3187 δὴ
340 3111 386 3172 καί
409 3117 454 3172 νύν
475 3117 531 3184 τοῖς
555 3113 584 3171 ἐν
607 3114 673 3195 αὑτῇ
696 3114 865 3193 ριλοσορούσι
887 3113 922 3172 τά
944 3111 1112 3187 πνευματικὰ
1134 3109 1180 3171 καὶ
1203 3114 1333 3191 μετάρσια
1352 3117 1441 3171 πᾶσαν
1461 3113 1518 3185 μὲν
1534 3112 1577 3184 την

284 3235 316 3294 ἐκ
341 3239 394 3294 τῶν
421 3237 496 3294 κάτω
522 3235 621 3313 τύρβην
647 3241 805 3316 περιαιρεῖν,
832 3237 900 3315 πρός
923 3235 954 3296 δὲ
979 3235 1027 3312 σἠν
1050 3231 1106 3295 οἷνω
1129 3235 1227 3310 ταύτην
1254 3232 1301 3294 καί
1323 3235 1437 3312 θεοριλῆ
1463 3235 1577 3314 πορείαν

284 3357 435 3436 ἐλευθέρως
466 3357 540 3432 ἔχειν
571 3355 658 3433 ἀνίησι
693 3357 799 3433 μηδένα
828 3358 931 3428 τούτοις
961 3357 1047 3435 όχλσν
1079 3356 1226 3416 ἐπιπίπτειν
1259 3355 1359 3428 ἔξωθεν
1389 3359 1552 3436 προνοουμέ·

283 3484 335 3537 τῶν
362 3485 504 3556 ταπεινῶν,
532 3477 604 3553 μηδὲ
630 3483 684 3537 τῶν
710 3481 785 3538 κάτω
808 3481 962 3557 συρομένων
985 3477 1031 3538 καί
1054 3479 1198 3559 βριθόντων
1222 3477 1265 3538 ἐπὶ
1287 3479 1321 3537 τά
1341 3480 1492 3558 πρόσγεια·
1520 3480 1576 3537 ἐπι-

282 3602 398 3679 χορηγεῖ
419 3599 474 3678 γὰρ
495 3600 598 3671 τούτοις
624 3601 669 3660 τὀν
691 3604 812 3680 παρόντα
833 3601 1038 3680 χρυσόβουλλον
1061 3601 1148 3678 λόγον
1171 3602 1263 3679 αύτῆ-ς,
1291 3601 1330 3670 ὡς
1356 3599 1505 3680 ᾐτήσαντο,
1534 3599 1576 3658 καί

284 3722 319 3782 δι’
343 3725 421 3781 αύτού
448 3725 608 3802 προστάσσει
631 3745 661 3782 τε
688 3721 734 3782 καὶ
761 3724 979 3802 παρακελεύεται
1006 3725 1093 3783 πάντα
1120 3718 1154 3781 τάι
1179 3725 1314 3800 προσόντα
1340 3729 1373 3803 τῇ
1395 3723 1507 3804 τοιαύτη
1531 3743 1574 3780 σε-

284 3845 389 3928 βασμίηι
412 3851 481 3928 μονῇ
504 3845 550 3906 καί
575 3847 603 3916 ἐς
627 3849 704 3925 δεῦρο
727 3848 792 3926 παρ’
815 3849 898 3922 αὑτῆς
924 3849 1101 3924 κατεχόμενα
1128 3847 1293 3924 κατέχεσθαι
1320 3844 1367 3904 καὶ
1395 3842 1435 3916 εἰς
1456 3847 1488 3903 τό
1515 3842 1573 3916 ἑξῆς

283 3969 347 4047 παρ’
371 3969 466 4048 αύτης,
490 3973 582 4050 ὥσπερ
606 3969 639 4044 δὴ
662 3967 709 4028 καί
732 3972 814 4048 μέχρι
836 3975 882 4029 τού
905 3974 959 4050 νύν,
988 3969 1188 4047 διατηρούμενα
1215 3969 1243 4039 ἐς
1266 3969 1297 4026 τό
1318 3967 1454 4036 παντελὲς
1481 3963 1573 4024 ἀνενό-

282 4090 375 4167 χλητοί
404 4112 433 4149 τε
466 4089 513 4150 καί
544 4091 709 4170 ἀδιάσειστα,
742 4093 809 4172 πρός
839 4092 870 4150 δέ
906 4091 951 4150 καί
986 4089 1164 4170 ἀναραίρετα,
1199 4093 1217 4148 ἀ
1248 4089 1280 4164 δὴ
1314 4088 1360 4148 καί
1392 4085 1464 4148 κατὰ
1497 4091 1575 4165 μέρος

284 4213 390 4288 ἔχουσιν
418 4214 518 4284 οθτως·
542 4215 560 4289 ἡ
583 4213 739 4289 δηλωθεῖσα
771 4221 852 4289 νῆσος
880 4219 930 4288 τῆς
954 4211 1064 4288 Ποίτμου
1094 4212 1165 4272 κατὰ
1194 4213 1242 4288 την
1270 4213 1390 4272 καθόλου
1418 4211 1575 4270 δεσποτείαν

283 4332 329 4394 καί
351 4337 503 4418 κυριότητα,
528 4337 565 4406 ὡς
586 4337 734 4416 εὑρίσκεται
754 4337 928 4412 κατεχομένη
951 4334 1025 4413 παρὰ
1047 4340 1100 4393 τῶν
1124 4341 1263 4412 μοναχῶν,
1286 4333 1320 4392 τά
1340 4333 1402 4414 περὶ
1426 4334 1509 4407 αύτὴν
1534 4333 1573 4391 δύο

283 4457 397 4538 νησίδια,
426 4460 455 4518 τ“ο
482 4463 532 4534 τῆς
552 4459 670 4535 Λειψούς
692 4457 739 4516 καί
761 4459 791 4516 τό
814 4457 1020 4534 Ἀγαθσνήσιον·
1049 4458 1175 4534 μετόχιον
1206 4453 1267 4536 περὶ
1297 4457 1341 4514 τόν
1369 4454 1574 4534 Μαίανδρον,

285 4581 401 4659 Πύργος,
429 4579 498 4655 μετά
525 4586 578 4637 τῶν
604 4580 756 4659 προσόντων
784 4577 855 4655 αύτῷ
883 4577 991 4637 δικαίων
1018 4575 1065 4636 καὶ
1094 4577 1125 4636 τό
1156 4576 1271 4654 πλησίον
1306 4577 1398 4636 τούτου
1428 4580 1572 4656 χωροίριεν.

283 4701 312 4758 τ“ο
338 4705 387 4774 τῆς
410 4701 429 4758 Γ
431 4699 513 4772 ωνίας
541 4700 785 4776 ἐπονομαζόμενον,
812 4699 877 4759 ὡσεὶ
905 4699 1053 4780 ζευγαρίων
1081 4701 1112 4757 δν
1142 4701 1295 4778 τεσσάρων·
1319 4699 1447 4776 μετόχιον
1485 4698 1514 4755 ἐν
1544 4704 1570 4776 τῇ
