3228 5294
1302 365 1342 426 41

55 551 87 614 ὑν
108 557 135 616 τό
156 557 187 614 ἓν
210 555 371 632 ἡμίσκεπον.
400 557 492 634 ἕτερον
523 555 648 630 όοπητιον
672 555 901 634 ἀνωγοκάτωγον,
933 553 1063 636 δίρρυτον,
1087 557 1340 636 λιθοπηλόκτιστον,

55 679 227 758 ὑποκέραμον,
255 677 400 755 όθὺρωτον,
424 677 438 734 δ
464 679 551 748 πάτος
578 679 657 736 αὑτοῦ
685 675 857 756 δωματηρός,
886 679 1081 752 συμπτωμένον
1108 679 1185 750 ὄντος
1211 683 1257 738 τοὺ
1285 681 1345 749 ἑνός

56 803 144 878 μέρους
174 800 264 860 αὑτοῦ.
297 799 390 878 ἕτερον
417 797 558 868 κελλίτζιν
589 797 719 878 δίρρυτον,
750 798 941 878 σμικρότατον,
969 798 1151 880 ὑποκέραμον,
1174 801 1343 880 χρηματίζον

55 925 201 1000 μαγειρεῑον
223 919 271 980 καὶ
292 923 479 1000 ρονρναρείσν·
510 920 745 999 περικλεισμένων
773 921 871 979 τοὺτων
898 922 1006 980 πάντων
1036 919 1080 980 διὰ
1106 926 1152 988 τοῦ
1180 923 1344 1002 ἐγρωρηγοο

54 1041 280 1124 τερπειχίοματσς
301 1045 348 1102 τοὺ
368 1042 487 1103 τοιοὺτου
511 1041 576 1100 όλσυ
598 1043 716 1121 κέστρου
738 1045 784 1101 τοὺ
807 1041 970 1102 Παντελίου.

147 1165 189 1224 Ἠ
210 1171 293 1240 νῆσος
314 1165 332 1238 ἡ
356 1164 452 1242 Λειψὼ
479 1162 575 1242 εὑρέθη
605 1163 706 1241 ἔχουσα
733 1168 786 1242 γῆν
809 1165 940 1243 σπόριμον
970 1164 1006 1243 α’,
1034 1164 1059 1239 β’
1083 1163 1131 1225 καὶ
1152 1165 1179 1244 γ’
1203 1168 1346 1242 ποιότητος

55 1287 146 1362 ροδίων
168 1284 205 1344 ν’·
231 1287 250 1360 ἡ
274 1285 306 1346 δέ
328 1285 412 1360 λοιπὴ
435 1293 472 1364 γῆ
494 1287 587 1346 τοὺτου
610 1287 725 1368 ὑπάρχει
749 1285 850 1366 όρεινη,
873 1285 1029 1366 νομαδιαία,
1053 1287 1198 1366 πετρώδης
1219 1286 1266 1348 καὶ
1290 1287 1343 1348 δα-

56 1409 147 1482 οὑδης.
178 1403 315 1483 ἐκκλησία
338 1408 353 1466 δ
376 1409 455 1486 ἅγιος
478 1407 630 1488 Νικόλαος,
652 1407 907 1486 λιθοπηλόκτιστος,
930 1408 1113 1489 ὑπακέραμος,
1133 1410 1343 1490 όζωγράριστος.

54 1529 145 1590 κελλία
172 1530 415 1608 λιθοιιηλόκτιστα,
443 1531 615 1610 ὑποκέραμα,
642 1531 816 1610 τεθυρωμένα
839 1528 908 1609 τρία.
938 1531 1030 1610 ἕτερον
1050 1530 1175 1605 δσπητιον
1204 1531 1343 1612 δρομικόν,

54 1652 298 1732 λιθοπηλόκτιστον,
322 1653 507 1732 ὑποκέραμον,
529 1651 698 1730 χρηματίζοι
724 1651 841 1722 σταὺλος
867 1657 920 1710 τῶν
948 1649 1070 1726 βοιδίων.
1100 1653 1191 1733 ἕτερον
1219 1652 1345 1727 όπιητιον

56 1772 184 1854 δρομικόν,
206 1773 375 1853 γρηματΐζον
404 1775 499 1852 ὡραῖαι
523 1819 692 1835 ......
716 1769 951 1852 λιθοξυλόκτιστα,
980 1773 1192 1853 βρουλλόσκεπα
1220 1776 1344 1854 διάφορα,

54 1895 246 1972 γρηματίζοντα
268 1895 308 1968 εἰς
330 1896 490 1972 καταμονόις
513 1893 632 1972 μισθίων.
660 1897 760 1956 τοὺτων
788 1897 873 1968 οὑτως
894 1896 1082 1976 πραχθέντων,
1109 1897 1201 1968 καθὼς
1225 1895 1252 1955 αἱ
1274 1897 1344 1956 θεῖαι

54 2015 93 2074 καὶ
113 2015 293 2097 προσκυνηταὶ
320 2015 481 2098 προστάξεις
510 2016 659 2098 διαρρήδην
685 2018 915 2098 παρεκελεύοντο,
942 2020 973 2078 τό
999 2019 1086 2097 παρδν
1107 2021 1255 2097 πρακτικόν
1279 2015 1344 2090 ἑξε-

55 2139 144 2217 θέμην,
176 2142 242 2220 όπερ
272 2137 319 2198 καί
350 2141 521 2218 ὑπογρσραϊς
551 2136 707 2217 ἀξιολόγων
738 2142 889 2220 προσώπων
919 2137 1110 2218 κατσχυρωθὲν
1142 2137 1189 2198 καὶ
1221 2145 1255 2220 τῇἸ
1280 2141 1343 2220 παρ’

54 2259 125 2332 ἡμῶν
157 2261 264 2334 σονήθει
296 2261 405 2342 βοὺλλῃ
436 2259 591 2336 βεβαιωθέν
621 2260 660 2338 τῷ
690 2262 768 2340 μέρει
798 2266 847 2334 τῆς
878 2266 963 2336 μονῆς
994 2257 1033 2333 είς
1061 2259 1164 2320 οἰκείαν
1195 2261 1344 2340 άσράλειαν

56 2379 162 2454 ἐπεδόθη
185 2380 263 2456 μηνὶ
290 2380 346 2441 καὶ
373 2380 556 2442 ένδικτιῶνι
582 2384 654 2452 τοῖς
681 2381 1002 2462 προγεγραμμένοις
1025 2384 1055 2460 †.

147 2521 346 2600 γδίιχαήλ,
369 2521 492 2594 ὑπατος
514 2522 529 2579 ό
553 2521 789 2602 Μαυρόποδος,
812 2523 950 2601 πάρειμι
974 2517 1026 2580 ἐπὶ
1048 2519 1091 2598 τῷ
1106 2521 1245 2600 παρόντι
1266 2541 1344 2602 πρα-

55 2642 149 2722 κτικῷ
177 2642 233 2703 καὶ
263 2649 300 2726 τῇ
331 2643 516 2724 παραδόσει
542 2643 604 2704 τῶν
632 2644 665 2703 ἐν
691 2645 794 2723 τούτῳ
822 2643 1102 2718 ἀναταττομένων
1131 2644 1272 2722 πάντων,
1303 2644 1346 2714 ὡς

55 2765 86 2822 τό
110 2767 184 2844 ὑρσς
213 2765 322 2844 δηλοῖ,
350 2763 405 2824 καί
433 2771 607 2844 μαρτυρῶν
634 2765 809 2844 ὑπέγραψα
831 2767 862 2844 †.

147 2909 168 2984 †
191 2905 365 2985 Ἰωάννης,
389 2905 404 2962 ό
427 2905 568 2978 εὑτελὴς
591 2907 747 2984 νοτάρισς
770 2905 784 2962 ό
807 2901 1037 2983 Θεολογίτης,
1060 2905 1199 2983 πάρειμι
1223 2901 1275 2962 ἐπὶ
1300 2901 1345 2980 τῷ

55 3028 180 3106 παρόντι
209 3024 384 3106 πρακτικῷ
413 3023 470 3085 καὶ
496 3031 537 3108 τῇ
564 3025 749 3106 παραδόσει
775 3031 838 3084 τῶν
867 3025 900 3083 ἐν
930 3026 1032 3104 τοὺτιρ
1063 3025 1345 3100 ἀναταττομένων

55 3149 181 3225 πάντων,
209 3149 253 3220 ὡς
279 3148 313 3206 τδ
340 3147 418 3226 ὑρος
445 3147 558 3226 δηλοῖ,
585 3139 644 3206 καί
666 3151 839 3226 μαρτυρῶν
862 3147 1041 3226 ὑπέγραψα
1064 3149 1113 3236 †.¹

146 3289 166 3367 †
194 3285 365 3363 Ἰωάννης,
389 3283 544 3367 νοτάριος
573 3287 588 3344 ό
618 3287 763 3364 Ἁντζᾶς,
786 3289 925 3366 πάρειμι
949 3283 1001 3345 ἐπὶ
1024 3284 1067 3363 τῷ
1096 3287 1233 3365 παρόντι
1262 3307 1343 3365 πρα-

56 3407 144 3488 κτικῷ
169 3407 227 3468 καὶ
253 3413 292 3490 τῇ
317 3407 502 3488 παραδόσει
532 3413 594 3466 τῶν
622 3407 657 3468 έν
686 3409 788 3488 τοὺτῳ
819 3408 1095 3482 ἀναταττομένων
1125 3409 1271 3488 πάντων,
1302 3409 1346 3480 ὡς

57 3530 85 3587 τό
105 3531 179 3609 ὑρος
208 3529 323 3609 δηλοῖ,
351 3527 407 3589 καὶ
435 3535 607 3610 μαρτυρῶν
633 3529 809 3610 ὑπέγραψα
831 3532 861 3609 †.

146 3673 166 3748 †
190 3667 412 3740 Βασίλειοςό
440 3667 635 3742 Κοκλάνος,
658 3664 795 3748 πάρειμι
822 3667 878 3727 καὶ
909 3673 1084 3747 μαρτυρῶν
1114 3669 1289 3748 ὑπέγραψα
1313 3671 1343 3750 ψ’.

146 3811 166 3886 †
190 3807 335 3885 Μιχαὴλ
358 3807 372 3866 ό
395 3811 449 3866 τοὺ
473 3807 614 3881 Ἰσμαὴλ
636 3808 775 3885 πάρειμι
800 3805 851 3866 ἐπὶ
874 3805 917 3884 τῷ
938 3807 1076 3886 παρόντι
1098 3806 1268 3886 πρακτικῷ
1288 3804 1346 3866 καὶ

60 3933 88 4006 τῇ
106 3929 286 4010 παραδόσει
308 3934 372 3988 τῶν
396 3928 429 3987 ἐν
451 3928 555 4008 τοὺτῳ
579 3927 810 4002 ἀναττομένων
833 3929 977 4008 πάντων,
1000 3929 1048 3999 ’ὡς
1070 3931 1105 3986 τό
1127 3929 1204 4007 ὑρος
1232 3929 1344 4006 δηλοῖ,

60 4047 104 4106 καὶ
124 4059 296 4131 μαρτυρῶν
318 4049 497 4129 ὑπέγραψα
520 4051 550 4128 †.

151 4191 171 4268 †
193 4189 368 4265 Ἰωάννης,
391 4189 515 4260 ὑπατος
537 4188 551 4246 ό
575 4188 779 4263 Κουτοὺνης,
802 4191 939 4265 πάρειμι
963 4187 1015 4247 ἐπὶ
1037 4187 1080 4266 τῷ
1107 4192 1242 4267 παρόντι
1268 4209 1345 4270 πρα-

61 4308 148 4386 κτικῷ
169 4309 225 4370 καί
248 4316 286 4391 τῇ
308 4309 493 4389 παραδόσει
515 4315 578 4368 τῶν
602 4310 635 4369 ἐν
658 4310 762 4388 τοὺπιρ
781 4309 1058 4384 ἀνατρεπομένων
1077 4312 1221 4388 πάντων,
1246 4313 1288 4382 ὡς
1310 4311 1345 4370 τ“ο

62 4425 123 4502 ὑρος
143 4427 253 4510 δηλοῖ,
277 4430 333 4490 καὶ
357 4436 529 4512 μαρτυρῶν
552 4431 730 4510 ὑπέγραψα
752 4433 782 4510 †.

148 4569 370 4646 ’ρΕὑοτάθιος
396 4569 598 4648 στρατηγός,
621 4570 636 4628 ό
658 4571 848 4649 προνοητὴς
871 4569 981 4644 Σάμου
1008 4567 1063 4628 καί
1086 4565 1259 4648 ἄνθρωπος
1286 4577 1345 4646 τῆς

66 4679 248 4764 ἁγίαςήμῶν
265 4689 461 4770 δεσποίνης,
478 4691 492 4752 ό
509 4689 746 4771 Χαρσιανίτης,
769 4691 804 4750 τό
827 4693 930 4770 παρὀν
952 4692 1136 4770 πρακτικόν
1161 4690 1345 4766 ἐκθέμενος
