3160 5292
276 357 338 424 180

274 601 636 618 ............
665 555 803 635 τεσσάρων
832 603 838 615 .
865 601 871 616 .
897 599 904 615 .
930 601 936 614 .
961 601 968 616 .
994 601 1000 614 .
1031 555 1117 630 αἰλῆς
1149 553 1201 615 ἀπὸ
1227 556 1318 630 πάσης
1344 552 1391 614 καί
1420 550 1563 637 [παντοίας]

274 676 417 758 έπηρείας,
441 676 636 756 ψωμοζημίας,
660 676 810 758 άγγαρείας
841 723 1301 740 ...............
1327 681 1503 738 σπνιταστικού
1525 677 1563 736 καί

273 799 369 878 ἑτέρας
405 799 610 874 θποιασδήτινος
644 798 816 875 ἀπαιτήσεως
852 796 900 859 καί
936 793 1201 884 παρεισπρ[άξεως],
1236 796 1283 858 καί
1316 797 1377 860 οὔτε
1409 802 1467 872 τοῖς
1501 799 1563 859 κατὰ

272 923 366 1001 χώραν
394 917 492 1000 δουξίν,
520 918 580 980 οὔτε
606 922 663 992 τοῖς
678 919 777 1012 Ιἐκεῖσε
803 919 1015 1000 παραβάλλουσι
1045 915 1112 1006 [διά]
1140 941 1214 992 τινας
1241 921 1414 995 δημοσιακὰς
1443 919 1562 991 δουλείας

274 1038 380 1114 ἐξέσται
406 1040 590 1122 παρακύπτειν
618 1039 658 1114 είς
684 1041 734 1117 τὴν
760 1041 885 1117 τοιαύτην
913 1043 998 1118 μονὴν
1025 1040 1072 1102 καί
1099 1039 1186 1102 οἰκίαν
1216 1089 1351 1104 .....
1375 1042 1406 1102 τδ
1428 1038 1563 1126 οίονδήίτι]

273 1163 468 1243 ἐπηρεαστικθν
492 1164 605 1241 ἐπάγειν
628 1164 694 1246 αύτῄ
716 1161 763 1224 καί
786 1163 941 1239 ἐπιζήμιον·
966 1162 989 1224 εἰ
1012 1167 1067 1245 γάρ
1089 1185 1155 1224 ποτε
1177 1163 1224 1224 καί
1245 1185 1286 1236 τις
1310 1163 1477 1244 ἐπιχειρήσει
1499 1167 1563 1223 κατέ

272 1306 296 1344 τι
318 1283 469 1366 ἐπηρεάσαι
497 1286 578 1368 αἰτῇ,
606 1284 710 1366 ὀφείλει
736 1285 751 1346 θ
774 1285 920 1367 ἱερώτατος
948 1285 1161 1368 [μητροπολίτης
1190 1287 1303 1367 Ἐφέσου
1331 1332 1561 1348 ........

273 1452 442 1468 ......
465 1410 512 1467 τοῦ
535 1408 634 1489 μέρους
661 1412 710 1484 τῆς
731 1409 856 1482 τοιαύτης
883 1414 970 1485 μονῆς
994 1456 1000 1469 .
1026 1455 1032 1470 .
1058 1455 1066 1469 .
1091 1454 1098 1468 .
1124 1458 1130 1470 .
1155 1455 1163 1471 .
1188 1457 1195 1470 .
1221 1407 1265 1468 ἐπί
1286 1408 1371 1488 τούτῳ
1394 1407 1448 1488 γὰρ
1469 1406 1518 1468 καί
1538 1409 1564 1467 τύ

270 1529 357 1607 πορθν
371 1529 578 1606 χρυσύβουλλον
594 1528 729 1610 σιγιλλιον
752 1525 812 1615 [τῆς
832 1528 976 1604 βασιλείας
991 1551 1042 1605 μου
1064 1530 1189 1610 ἐγεγόνει
1211 1530 1250 1610 τῷ
1266 1529 1441 1610 διαληφθέντι
1456 1531 1563 1611 Ἰωάννη

269 1650 308 1730 τῷ
326 1647 478 1736 Παλανίτῃ]
502 1651 542 1725 είς
564 1652 725 1732 ἀσφάλειαν.
749 1651 826 1728 μηνί
848 1651 1027 1734 οἰπριλλίῳ,
1050 1651 1259 1724 ίνδικτιῶνος
1281 1650 1316 1714 δ’.
1340 1653 1362 1730 †

374 1775 395 1854 †
417 1773 477 1834 Διὰ
500 1772 681 1855 Θεοδώρου
703 1775 868 1850 σεβαστοῦ
890 1773 946 1836 καί
970 1821 1238 1838 .........
1261 1775 1282 1853 †

373 1901 516 1974 Ατούείφρ.
533 1903 618 1958 chart.
636 1905 711 1958 Hor.
732 1921 782 1958 ιονο
801 1905 847 1974 76,
873 1905 921 1974 qui
936 1910 1021 1974 putat
1043 1904 1165 1959 cabutam
1188 1921 1243 1958 εεεε
1264 1893 1441 1972 imperatorie
1464 1903 1566 1958 Ῑεασείί

270 2007 369 2078 Ακφείί
393 2013 443 2062 συί
464 2008 556 2062 Alata·
577 2009 642 2076 ΙΙῙ,·
673 2007 816 2064 Sakketion
842 2027 901 2064 eam
929 2009 1023 2063 tribuit
1052 2009 1214 2078 imperatori
1239 2007 1376 2062 Τίοοοάοπο
1398 2008 1520 2062 Ιιαοσαιέ
1543 2013 1565 2060 et

270 2127 342 2166 αιακο
368 2113 466 2166 1216:
488 2113 565 2168 πούίε
588 2131 621 2169 ea
641 2113 723 2168 valde
745 2120 784 2168 est
804 2119 940 2183 ειιιρεοία.

520 2398 642 2464 LXIV.
667 2399 743 2464 Sine
766 2421 861 2483 anno,
885 2421 995 2465 mense
1019 2401 1141 2485 martio,
1165 2399 1229 2465 ind.
1254 2399 1312 2464 lx.

357 2565 511 2636 Imperator
533 2564 674 2640 confimqt
696 2566 857 2620 ιοαιοαείετάο
883 2565 996 2620 ίιύεταια
1015 2566 1209 2636 ροεεωιιίσκεικ
1230 2564 1353 2620 ιινεεοσίιίί
1373 2565 1479 2636 Pyryii.

372 2750 393 2827 †
416 2749 505 2810 Ούδέν
529 2744 584 2829 ἄρα
604 2753 655 2828 τῆς
676 2749 748 2810 κατὰ
770 2751 831 2810 θεδν
855 2749 997 2830 διαγωγῆς
1020 2751 1227 2830 εὐτολμότερον,
1251 2748 1314 2810 ούδὲ
1335 2755 1390 2808 τῶν
1412 2748 1474 2808 κατ’
1497 2748 1563 2826 έρε-

268 2871 316 2946 την
346 2869 474 2944 βιούντων
503 2867 550 2931 καί
578 2870 628 2943 τὰς
654 2869 770 2944 ἐλπίδος
800 2871 887 2932 αἰετῶν
918 2869 958 2944 είς
987 2872 1035 2948 τὴν
1066 2869 1097 2945 ἐξ
1125 2873 1207 2950 ύψους
1237 2872 1431 2951 κραταιοτέραν
1462 2871 1564 2944 σκέπην

269 2991 444 3072 θναρτώντων
472 2992 690 3074 ἀκινδυνοτερον·
718 2991 741 3052 οί
769 2993 822 3072 γὰρ
848 2997 962 3054 τοιοῦτοι
989 2995 1019 3052 ού
1050 2995 1132 3069 μόνον
1159 2994 1212 3054 ἀπδ
1240 2998 1288 3069 τῆς
1318 2991 1430 3072 ἐνέδρας
1459 2996 1503 3052 τοῦ

268 3113 384 3193 ἀφανοῦς
412 3114 567 3190 βάλλοντος
593 3114 749 3192 άρχεκάκσυ
777 3115 911 3190 πολεμίου
934 3115 1158 3195 διαφυλάττονται
1181 3115 1337 3196 τίσινίαστοι,
1362 3113 1440 3174 άλλά
1461 3134 1495 3192 γε
1517 3111 1563 3174 καί

269 3237 355 3296 αίιτῶν
382 3236 553 3317 θπερτεροίνσι
580 3241 633 3296 τῶν
662 3236 853 3312 ἐπιτιθεμένων
877 3237 910 3296 ἐκ
930 3241 977 3297 τοῦ
999 3240 1151 3317 προφανοῦς
1172 3235 1219 3296 καί
1242 3237 1302 3298 κατ’
1327 3235 1449 3312 αίοθηοιν
1472 3235 1564 3295 ύποῑέν

267 3379 291 3418 τι
312 3357 360 3418 τεαὶ
384 3357 427 3417 έπί
448 3359 504 3430 τοῖς
528 3357 735 3432 ένασκουμένοις
756 3364 789 3441 τῇ
812 3359 882 3419 κατὰ
909 3360 959 3434 την
981 3365 1062 3435 νῆσον
1087 3357 1197 3434 Πάτμον
1221 3359 1359 3440 σεβασμίφ
1379 3362 1428 3418 τοῦ
1449 3358 1562 3437 ἠγαπη-

268 3483 351 3556 μένου
374 3479 518 3558 Θεολόγου
546 3486 615 3564 μονῇ
642 3481 828 3561 θεωρούμενον
855 3479 908 3540 ίδοι
930 3499 986 3553 τις·
1016 3474 1088 3540 οὗτοι
1110 3478 1157 3541 καί
1179 3475 1232 3560 γὰρ
1259 3482 1348 3540 πάντα
1375 3478 1430 3560 θεῷ
1457 3479 1502 3540 καί
1522 3479 1561 3556 τῷ

268 3603 440 3681 ἠγαπημένῳ
463 3600 600 3681 Θεολύγῳ
627 3603 660 3662 τὰ
682 3603 742 3662 κατ’
767 3602 862 3676 αύτούς
885 3603 1078 3684 ἐπιτρέψαντες
1104 3601 1151 3663 καί
1174 3602 1203 3662 έν
1225 3601 1264 3680 τῷ
1287 3601 1458 3683 ἠπειρωτικῷ
1480 3603 1561 3680 τούτῳ

267 3730 317 3801 της
349 3725 490 3799 θαλάσσης
522 3725 725 3800 έπαναστηματι
752 3727 790 3798 ὡς
816 3724 921 3786 νεοσσοί
946 3725 1036 3806 κυρίου
1066 3725 1115 3797 τὰς
1145 3723 1250 3794 οἰκείας
1278 3721 1433 3800 πηξάμενοι
1461 3723 1560 3794 καλιὰς

269 3847 309 3921 είς
336 3849 464 3926 μεγάλην
488 3847 594 3925 ἀγέλην
618 3847 771 3925 μοναχικὴν
793 3843 991 3928 προεχώρησαν
1014 3843 1060 3906 καί
1083 3831 1181 3906 οὔτεύ
1204 3847 1301 3922 νοητθς
1323 3847 1432 3926 δράκων
1455 3845 1560 3924 ἴσχυσεν

268 3972 442 4051 έμφωλεῦται
463 3971 580 4044 τούτοις,
615 3971 653 4041 ὡς
687 3967 726 4041 εἰς
760 3970 840 4044 βυθδν
873 3967 1102 4041 καταποντισθείς,
1138 3967 1215 4028 ἀλλὰ
1248 3967 1295 4028 καί
1328 3968 1353 4028 οἱ
1389 3968 1561 4047 ἑγχαίνοντες

269 4095 357 4165 αύτοῖς
393 4095 546 4173 παράνομοι
583 4091 707 4171 πειραταὶ
743 4091 788 4151 διὰ
821 4097 870 4166 τῆς
904 4095 1088 4168 πνευματικῆς
1122 4089 1201 4171 ἀργοί
1234 4089 1407 4150 καθίστανται
1439 4093 1557 4170 χάριτος.

268 4217 352 4288 ούτως
381 4215 560 4290 εὐλαβούνται
589 4215 651 4286 τούς
678 4213 821 4294 ἐναρέτους
851 4211 899 4273 καί
929 4213 955 4272 οἱ
982 4213 1177 4293 έχθρύφρονες·
1205 4213 1279 4288 πλὴν
1307 4213 1375 4273 ἀλλ’
1398 4213 1491 4286 ἐπειδὴ
1512 4211 1559 4270 καί

268 4336 292 4396 οἰ
314 4337 348 4396 τὰ
369 4337 538 4411 πνευματικά
565 4339 761 4416 μετερχόμενοι
790 4335 837 4396 καί
864 4337 913 4395 ύπθ
940 4340 985 4396 τοῦ
1012 4333 1085 4395 θείου
1107 4335 1190 4411 νόμου
1212 4340 1262 4411 τῆς
1285 4335 1387 4395 ἑαυτῶν
1411 4331 1560 4414 ἀσφαλείας

267 4459 412 4538 φροντίζειν
439 4457 668 4538 έξεδιδάχθηοαν,
696 4458 759 4518 ούδὲ
789 4457 860 4518 κατὰ
886 4463 962 4518 τούτο
990 4457 1015 4518 οἱ
1039 4455 1179 4534 [Ιατμηνοί
1206 4463 1259 4517 τῶν
1285 4457 1400 4518 πολλῶν
1428 4457 1560 4537 ἐφάνησαν

268 4580 442 4660 ἐνδεέστεροι.
476 4583 547 4660 ὅθεν,
580 4581 624 4639 ἵνα
658 4580 696 4656 μὴ
730 4583 785 4652 τοῖς
818 4579 889 4640 κατὰ
917 4580 966 4656 την
999 4584 1081 4655 νῆσον
1113 4578 1331 4654 ἐπιβουλεύουσιν
1365 4578 1561 4658 είιεπιχείρητοι

268 4703 412 4782 έκκεινται,
442 4708 491 4777 τῆς
518 4701 620 4775 οἰκείας
643 4702 794 4782 ἀσφαλείας
819 4705 1019 4782 προενοήοαντο
1046 4705 1255 4781 συναιρουμένης
1281 4703 1382 4774 τούτοις
1409 4711 1459 4778 τῆς
1480 4701 1556 4774 βασι-
