3160 5292
1253 329 1316 396 239

44 527 114 596 ιιιίἰῶς
139 523 187 586 καί
211 526 263 586 ἀπό
285 527 331 586 τόν
356 527 468 606 εἰιγενὴν
493 527 631 604 ἄνθρωπον
654 525 744 606 κόριον
769 524 903 598 Ἰάκωβον
927 527 1089 606 Μπαρότζη,
1117 523 1181 584 ποτὲ
1205 526 1316 606 ρετοόρη

45 643 138 728 ἰτιίων,
162 648 232 724 ἤχεν
257 646 346 722 δωόην
369 655 423 726 γῆς
449 651 495 707 τοῦ
522 649 600 708 αὑτοῦ
628 646 770 722 οἰκονόμου
797 651 844 706 τοῦ
871 648 950 707 αυτοῦ
978 646 1168 726 μσνασόηρίου,
1196 648 1214 722 ἡ
1237 647 1316 706 όττοῖοι

42 773 75 828 τόν
90 771 179 848 καιρόν
202 769 306 829 ἐκεῖνον
328 769 423 844 ἦτονεν
447 769 612 844 όιακτίοιμον
636 768 744 828 στιτίων
767 768 811 827 διὰ
834 767 895 838 τοὺς
917 769 1088 848 καλογέρους
1110 772 1156 826 τοῦ
1178 769 1315 848 ἡρημένου

41 885 202 970 μονατθηρίου
224 889 271 950 καὶ
293 896 342 965 τῆς
363 891 504 962 κατοικίας
526 911 589 971 των,
612 891 630 967 ἡ
653 890 732 950 ὁποῖα
754 896 808 966 γῆς
829 890 889 948 τότε
914 888 959 948 δὲν
983 889 1149 968 ἐγραότηκεν
1176 893 1220 948 τοῦ
1242 890 1314 969 ἠρτ-

41 1014 105 1085 μένου
126 1007 294 1096 [οἰίκονόμου
317 1013 427 1074 αὺτόνον
451 1013 538 1072 αἰιτοῦ.
564 1011 609 1072 διὰ
630 1015 707 1072 τοῦτο
730 1012 764 1070 νό
783 1016 888 1091 γραριῆ
912 1009 958 1070 καὶ
980 1011 1014 1070 νὰ
1036 1013 1314 1091 καταπηχηχαρισθῆ

39 1133 63 1190 ιὰ
85 1135 186 1210 τυχένει
216 1133 251 1192 νὰ
279 1137 423 1212 κάμοιμεν,
451 1132 521 1194 διατί
548 1135 654 1194 ἐτοῦτον
683 1133 745 1210 έτζη
774 1135 853 1192 αυτοῦ
883 1133 1021 1208 δωομὲνον
1051 1133 1098 1192 καὶ
1129 1133 1315 1208 συμαόεμένον

38 1255 84 1328 ἤτοι
104 1256 155 1314 ότο
184 1257 230 1315 τόν
262 1255 342 1335 ῥηθὲν
368 1257 459 1335 κύριον
487 1255 621 1332 Ἰάκωβον
649 1257 810 1334 Μταρότζη,
837 1253 902 1314 τοτὲ
934 1255 1046 1334 ρετοὺρη
1073 1255 1192 1334 Χανίων,
1223 1255 1256 1314 νίι
1286 1255 1315 1314 τό

37 1378 142 1456 τροβάρη
168 1377 213 1438 διὰ
239 1378 343 1449 καλοὺς
369 1376 415 1436 καί
443 1376 535 1450 ἀξίους
561 1377 718 1458 μαριτίρους.
746 1377 808 1436 ὅθεν
835 1377 967 1449 θέλοντας
995 1378 1073 1436 αἰιτοῦ
1100 1381 1145 1436 τοῦ
1172 1374 1315 1452 οἰκονόμου

36 1497 70 1568 τὲς
90 1495 205 1574 ζητηξες
226 1499 466 1579 νάρηκραοτοῡμεν
490 1499 640 1580 ἔμπροσθεν
661 1501 750 1576 ἡμῶν.
776 1499 832 1559 έδίυ
853 1495 940 1576 ἦλθεν
963 1499 1128 1579 Ἀνδριόλης
1150 1497 1196 1560 καὶ
1212 1501 1315 1578 Μακρ-

36 1621 144 1700 ηνέλος,
169 1621 297 1700 ρονβάροι
318 1626 372 1680 τῶν
388 1619 506 1700 Χανίων,
529 1621 591 1692 τοὺς
614 1621 721 1692 ὁποίους
744 1620 898 1698 έσρηξαμεν
921 1621 1017 1680 ἀπάνω
1040 1619 1079 1692 εἰς
1103 1621 1181 1680 αὐτόν
1203 1623 1233 1680 τό
1257 1619 1314 1679 δῶ-

35 1763 102 1822 τμον,
127 1743 158 1802 τό
181 1744 353 1820 κατέχουσιν,
376 1741 410 1800 νὰ
431 1743 538 1820 τυρένει
560 1742 594 1800 νόι
614 1745 707 1802 τοῡοιν
733 1741 780 1800 καί
803 1741 837 1800 νὰ
860 1744 1070 1820 μαρτυρήσουσιν
1097 1743 1146 1815 τὴν
1171 1741 1313 1816 ἀλήθειαν.

33 1871 80 1935 τῶς
105 1865 219 1924 σὐτοίνοι
251 1865 381 1938 ἀποτητις
407 1863 491 1938 ἦσκνε
522 1861 562 1936 εἰς
591 1865 621 1923 τό
651 1865 794 1944 μέτρημαν
824 1871 872 1938 τῆς
903 1864 985 1938 αὐτῆς
1011 1869 1078 1942 γῆς,
1106 1863 1155 1939 τὴν
1182 1863 1277 1924 ότοῖαν
1300 1863 1314 1920 ό

33 1983 172 2058 λεγόμενος
200 1986 291 2064 κύριος
314 1985 448 2060 Ἰάκωβος
471 1985 638 2064 Μταρότζης
664 1989 710 2045 τοῦ
737 1983 891 2062 λεγομένου
919 1983 1062 2061 οἰκονόμου
1091 1983 1195 2044 ἔδωκεν
1221 1982 1261 2056 εἰς
1283 1985 1314 2044 τό

33 2105 118 2178 Ξνομαν
145 2111 193 2168 τοῦ
215 2106 353 2186 ἠρημένου
380 2107 568 2188 μονασθηρίσυ.
599 2105 643 2168 διὰ
669 2111 745 2168 τοῦτο
768 2109 959 2186 γνωρήζοντας
985 2107 1082 2182 ταύτην
1110 2107 1159 2181 τἠν
1183 2106 1315 2180 ἀλήθειαν

33 2225 136 2302 ἰίὄωμεν
163 2226 211 2288 καὶ
234 2229 411 2310 ἀριερόνομεν
436 2227 552 2301 αἰωνίως
578 2233 623 2288 τοῦ
646 2231 726 2290 αὺτοῦ
749 2229 861 2288 Παϋλου
884 2227 1028 2302 οἰκονόμου
1054 2231 1101 2288 τοῦ
1123 2229 1314 2307 τροηρημένου

32 2351 197 2429 μονοισιηρίου
231 2355 277 2412 τοῦ
311 2351 388 2430 ἁγίου
420 2353 548 2412 Ἰωάννου
581 2355 627 2412 τοῦ
660 2351 764 2411 Στόλου
797 2350 843 2410 καὶ
878 2350 923 2410 διὰ
956 2349 1057 2424 όνομαν
1090 2354 1136 2408 τοῦ
1171 2348 1315 2429 εἰρημένου

30 2473 198 2552 μονοτόηρίου
226 2473 275 2547 τὴν
304 2475 497 2552 τροηρημένην
528 2479 591 2552 γῆν,
625 2473 672 2546 τἠν
703 2473 797 2532 ότοῖαν
828 2475 842 2531 ό
873 2471 955 2552 ῥηθὲν
987 2471 1077 2550 κόριος
1109 2471 1241 2546 Ἰάκωβος
1270 2477 1316 2530 τοῦ

31 2589 161 2670 εἰρημένου
190 2593 370 2674 μονοιοόηρίου
398 2595 501 2654 ἔδωκεν
530 2593 576 2654 καὶ
605 2593 839 2672 ἑκωντζεδέρησεν
868 2593 921 2654 ἀπό
944 2593 991 2668 τὴν
1015 2599 1067 2671 γῆν
1090 2597 1136 2652 τοῦ
1158 2593 1316 2668 κουμουνίου

30 2735 74 2786 μσς
95 2722 149 2774 τῶν
173 2717 282 2776 Χανίων
304 2717 381 2792 σημίι
404 2715 444 2788 εἰς
466 2719 511 2776 τόν
534 2719 627 2794 τοῖχον
649 2722 698 2792 τῆς
721 2716 871 2790 ἐκκλησίας
893 2721 940 2776 τοῦ
963 2715 1041 2794 άγίου
1065 2715 1215 2776 Νικολάου.
1241 2711 1315 2776 ἄλλο

28 2837 83 2894 Ξτσυ
109 2833 220 2912 εἰναιὴ
249 2834 335 2917 οἶμος,
362 2841 429 2898 ὅπου
457 2833 528 2898 εἰναι
553 2839 587 2898 τὰ
615 2838 704 2898 στίτια
730 2842 776 2896 τοῦ
799 2839 878 2897 αἰιτοϋ
906 2836 1097 2917 μονασθηρίου,
1120 2839 1137 2912 ἡ
1161 2838 1241 2896 ότοῐα
1262 2841 1315 2916 γῆς

29 2961 125 3034 ττρένει
149 2965 228 3018 νᾶναι
250 2961 302 3019 σίττό
325 2961 355 3018 τ“ο
378 2960 502 3038 κεράλην
524 2961 592 3038 πρός
614 2961 658 3018 τόν
680 2961 808 3018 ποννέντε
831 2959 923 3037 όργίες
945 2956 967 3038 ρ’
996 2957 1042 3018 καί
1069 2959 1122 3018 ἀπὸ
1144 2959 1192 3035 τἠν
1215 2961 1314 3036 ράτζαν

26 3087 67 3154 τῆς
88 3083 294 3160 τραμουντάνας
317 3081 407 3161 όργιες
429 3080 452 3139 ν’
476 3081 523 3140 καὶ
545 3082 597 3140 ἀπό
620 3081 668 3156 τὴν
691 3083 790 3158 ράτζοιν
813 3084 858 3138 τοῦ
880 3079 1000 3154 λεβάνιε
1024 3079 1115 3161 όργιες
1138 3078 1162 3160 ρ’
1188 3079 1235 3140 καί
1262 3081 1314 3140 ἀπο

25 3201 64 3274 τ’ςν
86 3204 189 3279 ράτζαν
211 3209 261 3278 τῆς
282 3203 388 3283 όοτριας
407 3203 499 3282 όργιες
514 3201 547 3264 ν’.
571 3205 677 3274 τέτοιας
699 3204 789 3282 λογῆς
810 3203 877 3262 ότοῦ
900 3202 1144 3282 ἀποτραληζουντα
1166 3203 1238 3278 μέσα
1261 3203 1314 3262 όλο

26 3323 52 3379 τί
73 3325 162 3382 οπίτια
184 3329 230 3383 τοῦ
254 3327 333 3384 αὺτοῦ
356 3325 536 3404 μονασθηρίου
559 3327 630 3399 μέσα
653 3324 702 3384 στόι
725 3325 866 3403 λεγόμενοι
889 3327 1029 3403 κονρήνια,
1052 3325 1082 3384 τό
1104 3326 1181 3384 ποῖον
1203 3323 1315 3399 δῶσμον

24 3443 98 3520 ἤγουν
121 3447 325 3518 κονκοντζεσίος
347 3452 395 3522 τῆς
417 3448 610 3526 προηρημένης
633 3452 685 3524 γῆς
709 3447 761 3505 ἀπό
786 3446 821 3505 δὰ
842 3445 888 3505 καί
912 3445 1014 3526 όμπρός
1037 3447 1051 3504 ό
1071 3447 1151 3516 αἰκτος
1170 3446 1315 3522 οἰκονόμος

24 3564 62 3623 καὶ
83 3567 108 3624 οἰ
132 3566 267 3646 διάδωχοί
288 3587 334 3626 του
356 3569 389 3626 νὰ
413 3569 505 3646 έχουσι
531 3567 577 3626 καί
605 3567 638 3626 νόι
660 3572 801 3647 κροτοῦσιν
829 3567 876 3626 καί
899 3568 932 3626 νὰ
955 3565 1152 3640 ἑξουσιάζουσιν
1174 3569 1222 3643 τὴν
1244 3589 1313 3650 τιρο-

24 3691 157 3766 ηρημένην
179 3694 230 3768 γῆν
256 3687 304 3748 καὶ
325 3687 364 3760 εἰς
393 3689 474 3764 αὐτὴν
502 3691 550 3766 τὴν
580 3695 632 3768 γῆν
663 3687 708 3750 καί
738 3690 783 3749 ἀπ’
806 3689 887 3767 αἰνὴν
919 3691 1008 3749 ἑόικόν
1032 3711 1085 3750 των
1117 3693 1164 3750 έναι
1195 3695 1314 3752 ποιοῦσιν
1389 3741 1392 3750 .

27 3811 137 3886 ιῐιρελον.
164 3813 236 3883 τινὰς
259 3813 344 3870 οὔτῶν
367 3811 401 3870 νὰ
424 3813 478 3887 μὴν
500 3818 554 3870 τῶν
577 3812 734 3888 ἐναντιωθῇ,
758 3813 779 3890 †

119 3933 347 4010 †l'evo'1mov
380 3937 493 3994 τοῦτον
528 3937 673 4014 σήμερον
712 3935 749 3992 ἐκ
781 3939 839 4011 τῆς
873 3937 1074 4014 σαρκώσεως
1110 3939 1166 3994 τοῦ
1203 3935 1314 4015 κυρίου

23 4055 107 4126 ἡμῶν
125 4055 232 4130 Ἰησοῦ
248 4056 388 4133 Χριστοῦ
411 4053 520 4137 'aul-1&
545 4054 622 4132 μηνὶ
645 4054 843 4136 ἰαννουαρίῳ
865 4058 994 4136 ἡμέρας
1015 4061 1105 4136 τρεῖς
1128 4059 1213 4132 μέσα
1236 4059 1313 4132 στὴν

25 4173 213 4236 ἱνδικτιῶνα
234 4179 292 4251 τὴν
316 4177 513 4238 ἐνόικτιῶνα
534 4179 592 4252 τὴν
616 4177 744 4254 ἐνάτην.
769 4178 789 4257 †

123 4305 200 4360 Ftor.
223 4323 273 4358 nro
296 4308 366 4359 111.
397 4307 508 4361 Εάέίυαι
530 4325 549 4360 α
573 4305 729 4360 Saldcelione
751 4306 780 4358 ιἰι
797 4306 946 4377 periodica,
976 4307 1022 4359 συί
1047 4305 1141 4359 titulus
1169 4300 1313 4380 Πανδώρα,

33 4408 101 4461 rom.
119 4407 204 4478 m,
223 4427 256 4478 p.
274 4411 345 4464 νου.
