3162 5278
34 571 300 644 γὈῬαιδεστοθ
318 570 373 630 καὶ
505 573 636 650 Μελχι-
690 573 712 652 †
736 574 770 633 ‘0
795 619 980 634 ......
1004 573 1025 650 †

106 693 211 754 σεδέκ.
236 695 257 772 †
690 696 711 772 †
734 696 769 755 ‘0
795 742 945 758 .....
970 696 1163 776 Γρηγόριος.
1188 697 1208 773 †

31 817 96 890 †‘0
120 815 227 896 Πάρου
251 817 445 895 Παρθένιος.
470 821 491 896 †
690 820 711 896 †
734 818 769 877 ‘0
794 815 930 898 Ἄνδρου
954 819 1139 898 Μακάριος.
1163 820 1183 896 †

120 943 262 1014 Archetyp.
283 946 390 1000 membr.
415 963 475 1000 cum
498 945 573 1000 θωίόα
592 947 730 1016 plumbea.
755 947 830 999 θέον.
852 947 891 1000 ΙΙ.
914 963 964 1000 nro
982 949 1030 1000 50.
1056 946 1146 998 Error
1168 947 1196 999 ιἰι
1219 947 1310 1000 indict.

183 1284 353 1350 CXXXII.
378 1283 629 1372 [7155-1647],
652 1308 762 1350 mense
785 1285 958 1368 februum,
982 1285 1047 1350 ind.
1072 1285 1146 1348 XV.

30 1432 183 1486 Patriarcha
203 1434 357 1486 Ιοσπνιίοένσ
372 1433 412 1486 ΙΙ.
431 1433 571 1502 confirmat
586 1435 755 1486 donationem
770 1433 914 1502 olivarum,
933 1451 1013 1503 quam
1031 1433 1155 1503 Ιριιαιίιισ
1174 1433 1314 1486 θοιιιοόσοιι

24 1536 78 1600 fecit
93 1537 218 1592 σσοίσοέσσ
231 1537 260 1592 S.
275 1537 387 1591 Mariae
400 1537 565 1592 salvatricis
580 1539 608 1592 in
622 1539 726 1604 Palmo,
745 1545 769 1592 σι
785 1539 994 1592 excommunicat
1006 1537 1152 1592 Antonium
1162 1537 1313 1590 'Canubium

538 1649 562 1696 σθ
585 1643 641 1696 eius
664 1643 786 1697 amitam.

117 1827 138 1904 ’ρ
163 1824 383 1902 Ἰωαννίκιος,
413 1825 498 1904 ἐλέῳ
521 1827 597 1886 θεοῦ
620 1825 883 1906 ἀρχιεπίσκοπος
906 1825 1311 1903 Κωνσταντινουπόλεως,

26 1943 105 2017 Νέας
130 1947 274 2026 Ῥώμης,
297 1945 353 2005 καί
376 1945 611 2022 οίκουμενικδς
633 1950 852 2028 πατριάρχης.
877 1951 898 2028 †

117 2157 138 2234 †
163 2155 307 2234 Ἰερώτατε
340 2157 527 2235 μητροπολῖτα
558 2157 668 2237 Ῥόδου,
705 2157 833 2237 Ιόπέρτιμε
868 2155 914 2216 καὶ
946 2153 1048 2236 έξοιρχε
1078 2163 1132 2215 τῶν
1155 2156 1311 2216 Κυκλάδων

24 2279 101 2348 νήσων
132 2279 161 2336 έν
190 2279 260 2358 άγίῳ
287 2279 417 2354 πνεύματι
446 2279 570 2358 ἀγαπητὲ
597 2279 700 2359 ἀδελφέ
729 2278 776 2339 καί
804 2280 1008 2360 συλλειτουργέ,
1040 2278 1086 2338 καί
1118 2279 1312 2354 ευλαβέστατοι

24 2397 94 2476 ἱερεῖς
121 2399 168 2458 καί
198 2396 331 2479 ἄρχοντες
358 2405 488 2479 χρήσιμοι
516 2401 541 2460 οί
569 2399 606 2472 εἰς
634 2403 681 2476 την
705 2403 863 2477 Κάλνμνον,
890 2405 973 2480 χάρις
996 2401 1038 2478 εἴη
1063 2402 1123 2476 ὑμῖν
1149 2399 1195 2461 καὶ
1220 2399 1312 2480 εἰρήνη

24 2515 66 2578 iria
93 2523 165 2581 θεοῦ.
203 2521 312 2601 ἐπειδή,
340 2525 378 2594 ὡς
406 2524 565 2599 ἀνέγνωμεν
596 2523 652 2582 ἴσον
680 2525 832 2601 ὁμολογίας
858 2527 905 2584 τοῦ
932 2525 1022 2583 αθτόθι
1051 2528 1130 2583 παπά
1157 2522 1312 2602 Ἀντωνίου,

24 2641 68 2700 υίοῦ
91 2643 245 2720 Μιχοηλσυ
265 2643 402 2722 Γεωργίου
423 2644 589 2718 Κσυκουβίου
613 2643 809 2724 ἑπιστώθημ.εν,
834 2649 873 2704 ότι
895 2651 1041 2724 χρεωστῶν
1063 2643 1102 2723 τῷ
1125 2645 1177 2710 ἀπὸ
1202 2645 1314 2720 Πάτμον

24 2763 138 2841 Ἰγνατίω
161 2765 343 2824 Κοντολέοντι
372 2766 462 2845 οἷσπρα
487 2765 618 2844 χιλιάδας
644 2767 723 2824 πέντε
751 2765 798 2826 καί
824 2770 974 2846 τριακόσιαι
1002 2765 1071 2826 δέκα
1099 2767 1178 2824 ἐννέα
1205 2763 1251 2824 καί
1274 2765 1312 2841 μὴ

24 2886 86 2961 ἔχων
112 2891 197 2946 ταῦτα
224 2886 369 2966 πληρῶσαι
398 2887 501 2947 ἔδωκεν
530 2886 601 2965 αὐτῷ
630 2885 669 2959 είς
695 2888 849 2967 πληρωμὴν
875 2893 929 2946 τῶν
957 2889 1067 2968 άσπρων
1092 2890 1180 2964 αυτοῦ,
1210 2884 1312 2960 είδήσει

22 3007 59 3064 καὶ
84 3009 197 3082 θελήσει
224 3007 271 3068 καὶ
293 3011 448 3090 προαιρέσει
474 3007 521 3068 καί
548 3016 598 3086 τῆς
625 3009 700 3080 θείας
727 3010 815 3087 αὐτοῦ,
844 3007 943 3089 δένδρα
971 3009 1073 3068 ἐλαιῶν
1100 3011 1312 3088 τεσσαράκοντα,

22 3133 125 3203 ποιήσας
154 3131 236 3189 αθτδν
262 3131 353 3208 κθριον
379 3137 433 3190 τῶν
464 3131 584 3211 δένδρων
612 3131 698 3190 αδτῶν
726 3133 867 3210 παρόντων
896 3128 1054 3203 ἀξιοπίστων
1080 3135 1251 3209 χριστιανῶν,
1280 3131 1313 3201 δίς

24 3249 179 3331 αριερώσατο
203 3251 218 3309 ὁ
242 3253 375 3328 Ἰγνάτιος
402 3253 482 3324 αθτδς
505 3253 533 3311 ἐν
555 3251 594 3331 τῷ
617 3251 674 3332 ναῷ
696 3259 745 3329 τῆς
767 3252 916 3332 ίαπεραγίας
940 3273 991 3326 μου
1018 3253 1145 3311 θεοτόκου
1172 3256 1221 3326 τῆς
1244 3251 1312 3309 Δια-

24 3375 157 3448 σωζοΰσης.
197 3375 289 3434 ἔπειτα
317 3376 377 3448 μετ’
406 3375 501 3454 ὀλίγον
529 3375 681 3447 ἐπαναστὰς
713 3375 726 3432 ό
753 3381 831 3434 παπᾶ
855 3368 996 3446 Ἀντώνιος
1021 3375 1099 3445 αθτδς
1125 3371 1171 3432 καί
1199 3373 1313 3452 ἀγωγὴν

22 3499 124 3568 ποιήσας
147 3495 211 3574 περὶ
237 3503 285 3573 τῆς
312 3497 468 3570 ὑποθέσεως
495 3499 592 3574 τοιόιης
619 3498 667 3558 καὶ
690 3499 949 3575 δικαιολογούμενος
973 3497 1049 3556 ἔθετο
1073 3495 1195 3577 αἱρετοὺς
1219 3496 1313 3576 κριτὰς

22 3617 145 3696 θεωρῆσαι
175 3620 224 3693 τἠν
248 3619 371 3678 ίοισόθεσιν
392 3619 500 3698 ταύτην,
529 3625 582 3678 τῶν
606 3619 636 3679 δὲ
661 3619 764 3680 δίκαιον
788 3621 866 3679 αὐτδν
890 3619 1106 3698 ἀπορηναμένων
1130 3617 1217 3693 μηδὲν
1240 3618 1314 3689 όλως

22 3743 158 3815 κεκτῆσθαι
188 3742 227 3812 ὡς
253 3741 376 3818 πώλησιν
403 3742 513 3801 τελείαν
540 3744 690 3816 ποιήσαντα
715 3743 750 3802 τόι
777 3741 875 3822 δένδρη
905 3742 1006 3820 ἐκεῖνα,
1035 3741 1208 3821 παρακλήσει
1235 3745 1313 3799 τινῶν

22 3861 104 3942 ρίιων,
139 3863 255 3938 μᾶλλον
290 3864 321 3922 δὲ
355 3867 400 3924 τοῦ
434 3863 603 3942 Καισαρείας
637 3863 759 3923 δέδωκεν
795 3862 866 3942 αὐτῷ
900 3865 914 3922 ὁ
945 3864 1078 3942 Ἰγνάτιος
1111 3863 1190 3933 αδτδς
1224 3859 1313 3940 ἄσπρα

21 3983 138 4056 χιλιάδας
171 3983 218 4043 δύο
245 3983 291 4043 καὶ
320 3985 407 4060 έλαβε
435 3987 520 4065 πέρας
542 3987 560 4062 ἡ
584 3985 723 4066 ὑπόθεσις,
752 3983 815 4058 δοίος
844 3983 891 4045 καί
917 3987 1034 4064 γράμμα
1062 3985 1241 4063 έμμάρτυρον,
1269 3983 1314 4042 ἵνα

24 4101 54 4174 είς
73 4107 101 4164 τό
125 4104 194 4180 ἑξῆς
220 4104 268 4164 καί
296 4107 348 4165 ἀπδ
371 4111 417 4165 τοῦ
444 4111 488 4166 νῦν
517 4107 559 4182 εἴη
583 4107 792 4184 ἀναπολόγητος
821 4107 849 4166 ἐν
876 4105 955 4166 παντὶ
981 4105 1118 4186 κριτηρίῳ.
1149 4105 1183 4164 τὰ
1210 4108 1254 4163 νῦν
1282 4103 1313 4164 δὲ

23 4225 166 4299 ἐπαναστάς
196 4231 280 4288 πάλιν
310 4229 421 4307 ἐνοχλεῖ
449 4229 520 4307 αὐτῷ
550 4227 597 4289 καί
627 4229 749 4288 σπεόδων
778 4229 933 4288 ἀποσπάσαι
962 4229 996 4287 τὰ
1023 4228 1196 4308 άριερωμένα
1223 4227 1314 4286 ἀθετεῖ

22 4349 60 4422 τὴν
86 4349 241 4430 όμολογίαν
265 4353 353 4430 αὺτοῦ,
384 4352 476 4411 τούτου
498 4353 578 4432 χάριν
607 4352 810 4430 ἀποφαινόμεθα
842 4348 1004 4428 συνοδικῶς,
1035 4349 1079 4408 ἵνα
1108 4355 1162 4408 τῶν
1194 4347 1313 4429 δένδρων

24 4469 120 4532 ἐκείνων
151 4472 237 4533 όντων
264 4473 361 4544 καλῶς
390 4473 546 4548 δεδομένων
578 4473 606 4532 ἐν
632 4479 665 4554 τῇ
697 4471 833 4552 ἐκκλησίᾳ
862 4477 912 4547 τῆς
941 4469 1082 4549 [Ιαναγίας
1113 4468 1161 4529 καὶ
1192 4470 1311 4549 ἀριερω-

22 4595 108 4672 μένων,
134 4597 148 4653 ό
174 4593 226 4668 μὲν
248 4599 341 4666 παπάς
365 4595 509 4665 Ἀντώνιος
537 4595 616 4666 ουτδς
640 4593 680 4670 εἴη
706 4596 789 4672 ἀργός
811 4591 900 4668 πάσης
924 4589 1110 4674 ίερσπραξίας,
1137 4595 1313 4672 καταρρονῶν

23 4713 47 4772 δέ
64 4723 110 4792 τῆς
130 4716 230 4797 ἀργίας
251 4717 437 4797 ἀρωριομένος
460 4717 513 4778 ἀπό
536 4719 608 4798 θεοῦ,
632 4718 670 4788 ὡς
691 4714 767 4788 ἄξιος
787 4717 972 4797 καθαιρέσεως
994 4714 1106 4788 τελείας
1127 4713 1175 4775 καί
1198 4715 1313 4795 έοτερη-
1369 4763 1372 4769 Α
