3228 5294
1311 392 1354 456 53

61 595 146 641 ιπιαιιί
175 589 224 642 nub
255 589 313 642 κσίι
345 589 481 656 11-14,
513 605 626 657 quorum
654 589 778 642 ultimum
812 590 995 658 subscriptum
1026 597 1080 644 est:
1118 585 1153 643 ‘0
1184 587 1278 665 κριτὴς
1308 592 1353 646 τού

62 685 143 759 βηλου
158 683 204 743 καὶ
219 687 331 763 γενικδς
346 687 427 744 Λέων
443 685 458 744 θ
474 685 706 764 Μοναστηριὼτης
724 686 755 744 τδ
778 688 864 765 παρἀν
886 686 943 746 ἴσον
966 686 1005 765 τῷ
1027 690 1195 769 πρωτοτύπῳ
1218 689 1283 768 θείῳ
1306 690 1353 750 καί

62 787 189 866 βασιλικῷ
203 787 404 868 χρυσοβούλλιρ
420 787 575 862 ἀντιβαλὼν
598 790 751 868 ὑπέγραψα.
776 797 814 850 Et
836 815 854 850 α
878 803 951 868 ίινρο
973 799 1064 852 eadem
1081 814 1182 854 manu:
1198 792 1263 870 μηνί
1279 789 1352 874 μαίῳ

62 891 219 964 ἶνδυιτιῶνος
243 891 277 954 δ’.
301 917 351 953 nro
375 902 426 954 13.
455 891 567 952 ἐκδοθὲν
598 891 643 952 διὰ
671 893 797 954 Ἰωάννου
824 899 870 954 τού
897 895 997 974 Δούκα,
1026 897 1065 968 ὡς
1092 897 1199 956 ὄπισθεν
1222 897 1350 976 ραίνεται.

233 1133 325 1200 XVI.
350 1131 603 1222 [6596-1088],
627 1133 679 1198 die
703 1132 744 1198 23
768 1137 886 1200 mensis
910 1138 995 1220 maii,
1018 1135 1083 1200 ind.
1108 1137 1167 1202 XI.

65 1301 205 1370 Imperator
225 1301 338 1379 Αίαιοίιιι
354 1301 378 1354 Ι.
399 1301 546 1354 Comama
568 1301 664 1354 ι’ίεινιινι
685 1300 824 1370 confimat
840 1302 958 1356 ιἰισιιίαινι
974 1303 1100 1356 Palmum
1124 1309 1149 1356 τι
1170 1304 1227 1357 eius
1250 1304 1352 1358 ιἰιοοίαν

423 1411 556 1476 ιαανιριοι
579 1422 635 1460 αισα
658 1406 693 1460 αθ
716 1405 837 1460 οιιινιίθυι
861 1407 977 1462 tributis.

156 1555 204 1614 Τδ
231 1554 303 1615 ίσον
332 1559 388 1614 τού
416 1554 526 1630 τιμίου
555 1553 609 1613 καὶ
639 1559 868 1634 προσκυνητού
896 1555 1073 1630 βασιλικοῦ
1099 1558 1271 1616 πιπτακίου
1297 1563 1352 1618 τού

62 1677 347 1756 καταπεμρθέντος
371 1674 419 1748 είς
446 1677 482 1736 τδ
509 1677 667 1756 σέκρετον
690 1682 752 1736 τῶν
775 1675 954 1736 οίκειακῶν
976 1676 1032 1736 καί
1059 1681 1351 1756 καταστρωθέντος

63 1799 91 1856 έν
122 1795 202 1876 αύτῷ
236 1799 320 1858 κατὰ
349 1799 403 1857 τὀν
435 1800 531 1873 μοίϊον
566 1803 653 1875 μῆνα
683 1803 743 1874 τῆς
775 1799 945 1878 παρούσης
980 1799 1024 1859 ια’
1056 1799 1264 1873 ίνδικτιῶνος
1295 1800 1350 1861 καί

62 1921 270 2000 περιέχοντος
293 1919 408 1991 ούτως·

155 2043 175 2120 †
200 2040 231 2102 Εἰ
253 2043 326 2120 τάχα
350 2040 395 2101 διὰ
421 2047 471 2116 τῆς
496 2041 692 2120 προγεγονυίας
722 2040 896 2122 προστάξεως
923 2049 972 2116 τῆς
999 2042 1143 2116 βασιλείας
1171 2064 1222 2118 μου
1251 2043 1348 2121 ἐλογί-

63 2164 151 2238 σθησαν
174 2164 219 2224 διὰ
240 2161 426 2242 κινναβάρεως
448 2161 520 2242 χειρί
542 2166 589 2222 τού
611 2167 716 2242 πρώτου
738 2163 871 2242 προέδρου
897 2163 1213 2236 Κωνοταντινουπάλεως
1234 2163 1281 2224 καί
1306 2163 1349 2224 ἐπὶ

62 2291 107 2342 τῶν
136 2286 255 2360 δεήσεων
287 2289 333 2345 τού
361 2285 577 2365 Χοιροσράκτου,
609 2283 656 2344 καὶ
685 2282 853 2360 ἐξεκέπησαν
887 2285 917 2345 αἵ
940 2305 971 2344 τε
999 2287 1129 2367 στρατιαί,
1159 2287 1186 2346 αί
1212 2287 1349 2346 συνδοσίαι

63 2405 102 2464 καί
122 2407 153 2466 τὰ
175 2405 294 2482 δημόσια
316 2408 404 2466 πάντα
428 2405 498 2486 βάρη
521 2404 567 2466 καί
590 2407 659 2482 τέλη
683 2413 733 2481 της
760 2406 804 2466 διὰ
831 2407 1038 2487 χρυσοβούλλον
1064 2408 1151 2486 λόγου
1178 2408 1347 2488 δωρηθείσης

62 2531 133 2600 νήσου
163 2529 275 2603 Πάτμου
304 2527 343 2606 τῷ
375 2527 567 2606 εύλαβεστάτῳ
599 2527 715 2606 μονσχῷ
744 2525 791 2586 καί
820 2529 960 2610 ᾐσυχαοτῇ
991 2527 1063 2608 κυρῷ
1096 2525 1286 2608 Χρισιοδούλῳ
1309 2527 1348 2607 τῷ
1425 2595 1430 2606 ¹

62 2649 198 2730 λστρηνῴ,
224 2649 298 2714 ἀλλ’,
316 2647 361 2708 ούν
385 2649 518 2728 λογισμδς
549 2648 688 2728 ὑπέδραμε
718 2651 764 2708 τὀν
796 2650 874 2708 αύτδν
903 2651 1063 2724 τιμιώτατον
1086 2650 1216 2729 γέροντα,
1249 2653 1349 2724 μήπως

61 2771 121 2828 κατὰ
146 2773 235 2845 λήθην
262 2769 453 2850 ύπεκρύβησαν
482 2771 580 2830 τούτων
607 2770 667 2830 τινὰ
692 2769 740 2830 καί
764 2773 813 2830 ούκ
841 2767 1025 2849 ἑξεκέπησαν,
1049 2768 1096 2830 καί
1118 2771 1265 2846 ὑπόμνησιν
1287 2771 1349 2852 περὶ

62 2893 142 2952 τούτου
164 2893 309 2965 ἐποιήσατο
333 2893 401 2972 προς
423 2893 471 2966 τἠν
495 2889 637 2964 βασιλείαν
661 2913 721 2966 μου.
751 2893 812 2951 ὅθεν
839 2891 885 2950 καί
913 2892 1048 2968 ηθδάκησε
1076 2893 1105 2951 τ“ο
1132 2895 1232 2972 κράτος
1258 2894 1348 2972 ἡμῶν,

61 3013 96 3071 ’ἕνα
117 3012 142 3072 εί
160 3035 185 3073 τι
207 3013 272 3084 ἴσως
287 3011 342 3080 ,καὶ
364 3012 534 3094 παρελείφθη
558 3011 715 3092 ἀλόγιστον,
743 3016 782 3085 ὡς
811 3013 928 3074 ἐκκοπέν
955 3013 1002 3073 καὶ
1029 3013 1157 3092 λογισθὲν
1186 3013 1230 3072 διὰ
1257 3033 1347 3073 κιννα-

62 3134 156 3214 βάρεως
183 3137 213 3195 τδ
240 3139 360 3195 τοιοῦτον
387 3134 538 3212 νομίζηται,
566 3138 610 3194 νῦν
633 3155 662 3193 τε
686 3133 732 3194 καί
756 3134 795 3206 είς
817 3135 879 3206 τούς
902 3131 968 3210 ἑξῆς
996 3137 1117 3206 ἅπαντας
1144 3132 1191 3194 καί
1214 3133 1348 3210 διηνεκεῖς

61 3259 176 3336 χαύνους,
202 3255 251 3316 καὶ
277 3259 347 3332 μήτε
375 3255 606 3334 παρεκβάλληται
636 3259 746 3316 πώποτε
777 3257 829 3316 άπδ
856 3262 910 3316 τῶν
937 3257 978 3335 ύρ’
1007 3257 1077 3332 ύμάς
1105 3257 1252 3336 σεκρέτων,
1281 3256 1345 3332 μηθ’

63 3376 126 3449 ὅλως
146 3379 265 3456 δχλῆται
292 3377 385 3438 τούτου
417 3379 510 3436 ἕνεκεν
533 3379 551 3452 ἡ
574 3378 649 3458 παρὰ
669 3381 716 3437 τού
738 3376 989 3458 προδιαληρθέντος
1014 3379 1143 3458 γέροντος
1167 3378 1195 3438 ἐν
1218 3384 1251 3460 τῇ
1274 3380 1348 3454 νήσῳ

65 3497 162 3580 Hm),
185 3500 232 3559 σύν
256 3497 332 3578 θεῷ,
356 3499 599 3578 ἁναγερθησομένη
624 3501 704 3576 μονή,
732 3500 770 3570 ὡς
797 3497 910 3580 ἀβαρῶς
936 3497 983 3558 καί
1011 3499 1119 3569 ἀτελῶς
1146 3505 1196 3574 τῆς
1222 3500 1348 3575 τοιαύτης

65 3619 122 3695 Ξλης
145 3625 225 3696 νησον
250 3621 389 3692 δεσπόζειν
413 3619 559 3699 δρειλουσα
584 3617 631 3678 καὶ
659 3620 697 3695 μὴ
724 3622 798 3698 παρά
820 3641 892 3692 τινος
915 3619 1057 3698 ὀχλεῖσθαι
1086 3621 1178 3680 ένεκέν
1205 3641 1276 3692 τινος
1299 3619 1347 3698 δη-

64 3748 177 3812 μοιιακού
199 3745 446 3822 λειτουργήματος,
472 3741 517 3800 διὰ
538 3743 568 3801 το
595 3745 691 3817 πάντα,
721 3743 772 3802 δσα
798 3745 831 3801 ἂν
858 3741 904 3801 καί
932 3734 976 3802 οἶα
1002 3745 1168 3821 τυγχάνωσι,
1198 3744 1347 3820 έκκαιιῆναι

63 3865 123 3942 παρὰ
142 3871 188 3943 τῆς
216 3863 361 3939 βασιλείας
388 3885 439 3939 μου
466 3861 513 3923 καὶ
535 3861 623 3946 πάντη
651 3863 800 3945 ἐλευθέραν
825 3865 875 3939 πἠν
902 3869 982 3939 νῆσον
1006 3861 1037 3936 ἐξ
1061 3863 1231 3944 ὁλοκληρίας
1253 3863 1267 3922 δ
1293 3885 1346 3944 ρη-

64 3983 128 4059 θηναι
147 3994 179 4070 τῇ
201 3989 312 4066 τοιαύτῃ
340 3991 420 4066 μονῇ.
449 3987 668 4066 καταστρωθήτω
694 3984 780 4046 τοίνυν
802 3987 820 4060 ί,
843 3989 964 4066 παροῦσα
990 3982 1136 4064 πρόσταξις
1164 3986 1191 4044 ἐν
1214 3987 1270 4057 τοῖς
1291 3991 1345 4046 τῶν

65 4105 96 4184 ὑφ’
112 4107 176 4184 ύμῖις
195 4112 332 4190 σενρέτων
355 4107 487 4189 χαρτίοις,
511 4105 558 4168 καὶ
580 4106 637 4168 ίσον
661 4109 758 4184 ταύτης
781 4109 913 4188 γενέσθω,
937 4105 983 4168 καὶ
1006 4105 1160 4187 ύπογραρὲν
1182 4107 1246 4186 παρ’
1270 4107 1345 4182 ὑμῶν

65 4247 87 4284 τε
109 4227 223 4290 καὶτῶν
251 4231 292 4309 ὑφ’
315 4231 388 4306 ὑμᾶς
411 4235 574 4310 σεκρετικῶν
598 4231 704 4306 δοθητω
727 4229 766 4308 τῷ
787 4232 979 4310 προειρημένῳ
1006 4231 1113 4310 γέροντι
1136 4227 1244 4308 καὶτῷ
1268 4231 1345 4312 μέρει

65 4354 102 4422 τίς
120 4351 175 4411 κατ’
199 4353 279 4412 αύτδν
303 4359 390 4429 μονῆς
414 4351 453 4423 εἰς
477 4353 639 4431 οἰσράλειαν.
663 4353 684 4430 †
706 4353 746 4411 Τὸ
770 4352 817 4412 δέ·
842 4349 921 4428 μηνί
944 4345 1030 4430 μαίῳ
1057 4349 1111 4429 κγ’
1135 4349 1345 4423 ἰνδικτιῶνος

66 4469 100 4527 ια’
123 4473 172 4532 διὰ
202 4476 410 4554 γραμμάτων
440 4453 495 4534 τάύ
523 4474 901 4553 μσγαλεπιρανεστάτου
927 4471 1259 4554 πρωτονοβελισίμου
1290 4473 1346 4536 καὶ

66 4589 228 4670 λογοθέτου
255 4599 318 4656 τῶν
346 4597 525 4677 σεκρέτων,
553 4593 608 4656 καί
634 4597 652 4670 ἡ
682 4593 736 4654 διὰ
763 4599 867 4676 κηραύ
893 4595 1046 4675 σφραγίς,
1076 4593 1119 4674 τῷ
1151 4593 1344 4672 βουλλωτη-

67 4711 110 4790 ρίῳ
128 4723 182 4792 τῆς
204 4718 304 4797 άγίας
325 4718 418 4792 ἡμῶν
441 4715 632 4794 δεσποίνης.
