3186 5286
1259 346 1327 409 413

135 535 241 586 Archet
255 551 316 586 oum
328 535 418 602 sigillo
431 539 521 602 magui
534 537 671 603 magistri,
681 552 742 586 cum
755 535 1005 603 liu.:[s]1‚0r1vs
1019 535 1068 586 DE
1081 535 1326 588 WIGNACOUR'I'

37 622 100 673 111.
114 659 172 674 ....
194 624 219 672 Δ
236 629 327 690 tergo:
346 623 454 674 Lettere
476 626 580 690 patenti
602 639 651 690 per
668 623 689 674 li
706 623 782 690 padri
805 624 942 674 Hieremia
963 624 990 674 di
1012 623 1117 674 Mattan
1140 631 1168 672 et
1186 623 1326 674 Clemente

37 708 182 760 Hierasimo
200 709 315 762 caloceri
333 713 406 776 greci
424 711 467 760 del
487 711 649 762 monasterio
667 710 693 760 di
712 710 848 761 Pathmos.
868 712 960 776 Bayet,
973 727 1021 760 uro
1037 712 1076 774 16,
1089 727 1115 778 p.
1129 713 1274 762 113-114.

173 935 332 1001 XXVIH.
358 935 583 1020 7123-1614,
607 935 658 1001 23.
682 938 801 1000 mensis
824 934 963 1000 octobris
988 933 1064 1023 [ind.
1089 933 1178 1024 XH].

38 1057 103 1122 Papa
116 1058 219 1108 Paulus
231 1059 263 1110 V.
277 1062 403 1126 magistro
422 1059 543 1124 generali
563 1059 711 1126 Hospitalis
730 1059 756 1110 S.
775 1060 884 1110 Ioannis
908 1059 1139 1124 hierosolymitani
1158 1061 1326 1112 commendat

447 1147 591 1198 monachos
609 1147 732 1198 coenobii
750 1149 776 1196 S.
796 1147 912 1198 loannis.

134 1273 264 1332 Paulus
286 1275 380 1350 Papa
402 1274 438 1331 V.

134 1395 253 1453 Dilecta
283 1395 343 1466 fili,
378 1397 502 1454 salutern
533 1401 564 1454 et
593 1397 784 1473 apostolicam
815 1396 1060 1482 benedictionem.
1095 1395 1211 1474 Exponi
1242 1397 1325 1456 nobis

34 1519 124 1575 nuper
153 1500 289 1558 lecerunt
317 1501 420 1557 dilecti
448 1501 514 1571 fllii,
543 1501 657 1558 monaci
681 1507 711 1558 et
733 1500 801 1559 laici
825 1501 939 1558 insulae
962 1503 1081 1560 Patmos
1110 1503 1202 1576 Aegei
1225 1503 1324 1574 maris,

34 1605 107 1680 quod
130 1604 203 1662 licet
225 1605 281 1680 ipsi
305 1603 407 1662 fideles
430 1605 544 1662 sintae
567 1605 598 1662 in
625 1604 721 1679 gratia
750 1610 781 1663 et
808 1606 1013 1664 communione
1043 1606 1122 1664 sedis
1149 1607 1326 1683 apostolicae

34 1708 133 1766 divina
156 1709 253 1784 gratia
274 1709 378 1770 vivant
400 1729 433 1767 ao
456 1710 593 1768 triremes
616 1729 667 1767 seu
689 1711 747 1768 alia
770 1711 889 1784 navigia
914 1711 1000 1770 istius
1030 1711 1164 1787 hospitii,
1195 1731 1262 1770 oum
1288 1713 1325 1769 ad

34 1832 77 1868 eos
102 1815 266 1884 divertunt,
290 1813 417 1888 henigne
440 1815 591 1890 excipiant
613 1833 647 1872 ac
669 1815 842 1873 humaniter
863 1821 1000 1887 tractent,
1024 1815 1129 1894 qu'ihus
1144 1821 1266 1892 possunt
1280 1818 1326 1874 iu-

34 1919 136 1988 vando,
167 1919 362 1976 nihilominus
390 1939 441 1996 pro
473 1919 624 1978 beneficiis
655 1919 800 1978 maleficia
827 1921 977 1978 interdum
1000 1921 1148 1997 recipiunt
1171 1928 1202 1980 et
1223 1923 1260 1980 ab
1283 1923 1326 1980 eis

34 2023 148 2081 iniuriis
171 2031 202 2081 et
225 2023 340 2082 damnis
363 2023 534 2082 afficiuntur
556 2031 658 2082 contra
680 2025 858 2082 christianae
880 2025 1034 2083 charitatis
1057 2031 1088 2084 et
1114 2026 1248 2084 iustitiae
1275 2028 1325 2084 de-

33 2129 135 2186 bitum.
164 2128 351 2205 Quapropter
373 2128 466 2186 Nobis
489 2129 645 2187 humiliter
667 2129 825 2206 supplicari
848 2129 992 2200 fecerunt,
1016 2136 1050 2189 ut
1071 2131 1131 2188 illis
1154 2131 1251 2209 aliquo
1275 2151 1325 2208 op-

33 2241 156 2308 portuno
178 2234 311 2292 remedio
336 2233 492 2310 providere
516 2233 553 2290 de
575 2235 760 2308 benignitate
783 2233 943 2310 apostolica
965 2235 1163 2310 dignaremur.
1188 2237 1248 2294 Nos
1268 2236 1324 2310 igi-

33 2345 85 2407 tur,
110 2338 218 2415 quibus
241 2339 372 2396 omnium
388 2337 499 2395 Christi
523 2337 656 2396 fidelium
679 2357 748 2396 cura
771 2338 925 2411 incumbit,
950 2340 1112 2416 cupientes,
1137 2347 1170 2398 ut
1193 2341 1270 2398 iuste
1294 2347 1325 2399 11

33 2443 76 2517 pie
99 2463 202 2500 omnes
224 2443 329 2503 vivant
352 2450 382 2500 et
404 2463 422 2500 a
444 2443 578 2519 proximo
602 2445 746 2502 laedendo
769 2445 944 2516 abstineant,
977 2464 1030 2502 neo
1052 2445 1231 2516 dubitantes,
1256 2447 1327 2522 quin

33 2547 100 2604 haec
123 2551 234 2625 absque
257 2556 309 2606 tua
331 2548 455 2605 scientia
474 2547 698 2607 committantur
721 2554 751 2606 et
774 2549 845 2626 quin
869 2556 912 2620 tu,
937 2569 974 2607 ne
997 2555 1205 2626 perpetrentur
1227 2551 1257 2607 iu
1278 2569 1329 2627 po·

34 2657 141 2709 sternm
173 2671 226 2728 pro
254 2657 306 2709 tua
334 2653 446 2728 pietate
478 2656 508 2710 et
536 2651 633 2710 officio
664 2654 835 2729 provisurus
866 2655 905 2710 sis
933 2659 964 2711 11
990 2655 1108 2712 omnino
1131 2655 1271 2726 facturus,
1296 2662 1330 2713 11

35 2756 141 2814 Christi
173 2755 275 2814 fideles
305 2756 485 2827 huiusmodi,
517 2757 568 2834 qui
599 2757 630 2814 in
660 2756 826 2815 infidelium
856 2763 1002 2833 potestate
1030 2757 1137 2816 misere
1167 2759 1287 2833 degunt,
1312 2778 1330 2816 a

34 2861 173 2919 fratribus
203 2867 234 2920 et
262 2861 433 2918 bominibus
463 2861 549 2918 istius
579 2859 702 2937 hospitii
734 2860 886 2919 beneficiis
914 2861 1011 2938 potius
1034 2863 1212 2934 afficiantur,
1241 2869 1329 2939 prout

34 2967 158 3024 debetur
180 2965 216 3023 ab
239 2967 375 3023 omnibus
398 2965 543 3036 fidelibus,
575 2965 749 3042 praesertim
772 2984 790 3022 a
810 2965 968 3040 religiosis,
1000 2965 1056 3023 tibi
1084 2969 1202 3024 eosdem
1229 2985 1328 3024 mona·

33 3073 99 3127 chos
130 3078 162 3128 et
193 3071 284 3128 laicos
315 3071 561 3142 commendamus,
595 3077 746 3146 sperantes
776 3070 1061 3128 commendationem
1083 3071 1253 3128 huiusmodi
1277 3089 1329 3128 no-

33 3183 118 3233 stram
151 3181 267 3233 tantum
299 3175 359 3232 illis
383 3175 576 3251 profuturam,
608 3181 642 3232 ut
668 3176 705 3232 de
732 3173 902 3232 triremibus
930 3179 961 3232 et
990 3174 1056 3232 aliis
1080 3174 1207 3249 navigiis
1231 3168 1329 3256 [istius

32 3271 167 3362 hospitii]
192 3279 333 3357 conqueri
355 3280 481 3356 amplius
504 3297 562 3336 uon
585 3278 706 3354 possint,
735 3279 785 3336 sed
809 3280 906 3355 potius
928 3278 1052 3355 hospitii
1076 3278 1168 3356 ipsius
1190 3299 1328 3356 personas

32 3385 163 3455 laudare,
187 3385 263 3461 quod
287 3389 319 3441 et
341 3389 392 3441 tuo
416 3381 514 3441 officio
538 3383 715 3442 conveniens
737 3388 768 3441 et
783 3384 847 3441 Deo
869 3389 1023 3460 acceptum
1045 3383 1186 3461 nobisque
1208 3389 1239 3442 et
1261 3403 1329 3462 apo·

33 3489 152 3547 stolicae
168 3489 231 3546 sedi
253 3487 454 3563 gratissimum
474 3488 542 3545 erit.
575 3487 702 3545 Datum
726 3489 855 3546 Romae
878 3489 969 3565 apud
993 3489 1157 3546 Sanctam
1180 3489 1329 3547 Mariam

33 3594 213 3663 Maiorem,
245 3594 306 3650 sub
329 3594 459 3651 annulo
482 3593 684 3668 piscatoris,
718 3592 814 3666 XXiij
837 3592 993 3650 octobris
1016 3593 1189 3668 MDCXiiij,
1214 3593 1328 3670 ponti·

33 3698 166 3756 ficatus
189 3697 304 3755 nostri
327 3717 415 3755 anno
439 3697 584 3754 decimo.

999 3785 1029 3842 S.
1052 3785 1285 3842 Cobellutius.

137 3885 245 3937 Archet.
270 3885 379 3936 membr.
398 3901 459 3934 cum
482 3883 572 3950 sigillo
597 3886 625 3934 iu
648 3883 766 3950 capsula.
794 3884 816 3934 A
839 3889 928 3949 tergo:
947 3883 1055 3934 Dilecto
1078 3883 1142 3946 lilio,
1166 3885 1278 3948 Aloysio
1296 3885 1330 3935 de

34 3975 224 4040 Wiguacourt,
252 3973 400 4040 Hospitalis
424 3972 517 4024 Sancti
543 3973 652 4027 lomois
679 3971 911 4037 hierosolymitani
939 3987 1037 4037 magno
1064 3973 1200 4037 magistro.
1233 3973 1328 4036 Rayet,

34 4077 80 4111 uro
103 4063 143 4124 11,
161 4080 186 4128 p.
208 4063 351 4112 lot-roo.

201 4284 361 4352 XXVIII.
386 4284 610 4368 ilio—1617,
637 4283 686 4348 19.
709 4285 829 4347 mensis
850 4285 956 4346 martii
980 4281 1055 4368 [ind.
1079 4281 1165 4370 XV].

34 4413 191 4476 Gregorius,
209 4411 292 4462 abbas
305 4411 467 4472 monasterii,
486 4408 605 4458 declarat
623 4407 844 4461 hioromonachos
862 4407 1025 4456 Hieremiam
1043 4413 1070 4455 et
1085 4405 1211 4455 Iacobum
1228 4405 1331 4456 electos

157 4514 215 4549 esse
234 4503 418 4564 procuratores
436 4495 577 4561 generales
596 4495 719 4546 coenobii
738 4501 765 4546 et
783 4493 964 4544 habitatorum
983 4492 1088 4542 insulae
1107 4493 1203 4542 Patmi.

139 4626 299 4698 Gregorius
321 4621 579 4691 hieromonachus‚
611 4623 698 4679 abbas
720 4620 900 4680 venerahilis
923 4619 1093 4676 monasterii
1119 4619 1218 4676 Sancti
1241 4620 1329 4676 Ioan-

33 4730 81 4787 nis
107 4730 294 4804 Evangeliste
317 4728 412 4785 insule
435 4727 541 4797 Patmi,
570 4726 705 4784 omnibus
727 4726 780 4782 has
802 4731 916 4782 nostras
939 4725 1040 4782 literas
1063 4723 1248 4800 inspecturis,
1271 4723 1329 4780 lec-
