3162 5278
1266 387 1325 452 341

46 576 186 648 σεβασμίων
214 583 307 652 μονῶν
335 577 383 652 τήν
411 578 547 656 ὠφέλειαν
574 579 620 638 καί
643 581 673 638 το
696 582 831 660 χρήσιμον
855 579 1045 640 ἐπιδείκνυται.
1075 581 1158 662 ταύτῃ
1179 599 1221 640 σοι
1242 579 1289 639 καί
1312 583 1329 656 ή

46 699 95 756 καθ’
108 700 182 774 ἡμᾶς
205 703 252 759 τοῦ
272 700 389 776 Χριστοῦ
412 701 525 778 μεγάλη
550 700 686 775 ἐκκλησία
708 701 755 762 καί
778 700 802 762 σί
824 701 896 761 κατὰ
917 702 1028 782 καιροὺς
1051 703 1112 774 τοῦς
1134 701 1330 777 πνευματικοῦς

47 821 113 894 αῦτής
147 819 247 890 οἴακας
281 820 506 900 ἐπιτετραμμένοι
541 822 635 881 θεέθεν
668 823 830 902 κυβερνῆται
864 823 898 881 τὰ
930 825 1102 901 πανταχόθεν
1135 825 1330 902 προααγόμενα

45 940 186 1018 παλαιγενῆ
214 939 263 1000 καί
290 937 394 1021 σἰρχαῑα
421 941 554 1022 σιγίλλια,
583 945 634 1004 ὅσα
661 944 733 1003 κατὰ
758 943 869 1024 καιροὺς
893 944 1016 1022 εῦλθγως
1043 943 1089 1002 καί
1112 945 1247 1024 θεοφιλῶς
1270 944 1329 1004 διε-

44 1063 168 1138 τίχθησαν
207 1064 446 1142 ατανροπηγιακὴν
480 1065 632 1143 φιλοτιμίαν
671 1065 882 1146 ἑπιβραβεὺαντα
919 1066 1060 1142 ἐπισήμοις
1093 1065 1139 1125 καί
1174 1065 1330 1140 βασιλικαῖς

44 1185 138 1256 οεπταῑς
168 1187 267 1258 μανείς
296 1187 327 1245 τδ
359 1185 504 1266 έλεῦθερον
535 1188 627 1256 αῦταῖς
660 1185 707 1247 καί
737 1187 893 1248 ἀδούλωτον
928 1185 973 1247 διὰ
1006 1187 1159 1266 πρανομίων
1195 1188 1329 1266 ἑπιχορη·

42 1309 126 1381 γοῦντα
141 1306 270 1386 πολλῶν,
293 1309 324 1366 αθ
344 1309 427 1381 μόνον
449 1306 581 1386 ἐγκρίνειν
607 1309 727 1383 εθμενῶς
748 1309 795 1368 καί
819 1308 1003 1387 ἀποδέχεσθαι
1027 1311 1227 1387 μεμαθήκασιν,
1252 1308 1329 1368 ἀλλὰ

42 1425 78 1484 καί
109 1433 230 1487 συνιστᾶν
266 1427 314 1488 καί
348 1429 487 1509 κρατθνειν
523 1429 699 1502 σπουδάζουσι
732 1430 779 1490 καί
811 1431 984 1507 έπιβεβαιοῦν
1016 1431 1060 1492 διὰ
1091 1432 1329 1510 μεταγενεστέρων

40 1555 232 1628 τατριαρχικῶν
256 1549 400 1627 σιγιλλίων
423 1551 471 1610 οῦκ
495 1547 693 1630 άπαναίνονται,
722 1553 797 1624 ὅπως
818 1559 852 1634 τῇ
874 1554 984 1634 τοιαύτη
1006 1554 1078 1612 κατὰ
1101 1552 1235 1630 διαδοχὴν
1258 1551 1328 1611 ἀνα-

40 1673 124 1731 νεῶσεε
151 1677 242 1731 πᾶσαν
271 1671 456 1750 ἐνδεχομένην
480 1671 589 1748 βλάβην
616 1672 662 1732 καί
690 1673 818 1752 ἐπήρειαν
842 1673 1060 1756 ἂπακρσῦσωνται
1087 1672 1135 1734 καί
1162 1681 1215 1733 τῶν
1238 1693 1327 1754 καιρι-

40 1799 86 1849 κῦν
109 1793 213 1872 ἐρίδων
238 1791 381 1872 ἀνωτέρως
405 1793 434 1866 ἐς
457 1793 499 1854 άεί
522 1798 732 1870 καταστήσουσιν.
764 1795 858 1870 ἐπειδὴ
881 1801 1023 1877 τοιγαροῦν
1044 1795 1242 1874 προσκομισθὲν
1267 1795 1327 1854 ἐνε-

39 1915 138 1989 ρανίσθη
169 1916 225 1991 ήδη
255 1917 321 1990 ήμίν
350 1919 571 1996 προκαθημένοις
601 1917 748 1990 συνοδικῶς
777 1921 894 2000 γράμμα
922 1919 1106 1998 πρεσβυγενὲς
1134 1919 1328 1998 πατριαρχικσν

38 2037 167 2096 σοισδικδν
193 2036 220 2094 ἐν
244 2037 417 2118 μεμβράναις
440 2038 617 2120 σιγιλλιῶδες
640 2043 686 2099 τοῦ
709 2039 737 2098 έν
761 2039 883 2122 μακαρίᾳ
904 2047 938 2120 τῇ
961 2039 1044 2114 λήξει
1064 2042 1215 2118 γενομένου
1239 2038 1327 2098 ἀοιδί-

37 2178 80 2228 μου
100 2161 271 2238 πατριάρχου
294 2155 340 2218 καί
363 2158 532 2238 συναδελροῦ
554 2162 644 2239 ήμῶν,
666 2165 749 2240 κυροῦ
765 2158 946 2236 Καλλινίκου,
970 2161 1099 2236 βεβαιοῦν
1122 2159 1199 2220 άλλα
1221 2180 1326 2240 προγε-

36 2279 140 2359 νέστερα
163 2283 315 2360 γράμματα
337 2287 390 2340 τῶν
413 2282 553 2361 τρίπαλαι
577 2282 707 2358 ἀοιδίμων
729 2287 915 2364 πατριαρχῶν,
940 2281 1164 2358 διαλαμβάνοντα
1184 2283 1272 2341 πάντα
1294 2282 1329 2340 τὰ

36 2400 160 2460 ἀνέκαθεν
184 2402 395 2478 ριλοτιμηθένια
419 2405 553 2483 προνάμια
576 2401 621 2463 διαί
635 2423 666 2464 τε
685 2404 901 2484 χρυσοβοθλλων
923 2405 1017 2482 λέγων
1040 2403 1190 2479 βασιλικῶν
1212 2400 1260 2462 καί
1283 2401 1328 2461 διὰ

35 2525 197 2597 γραμμάτων
224 2529 400 2604 πατριαρχῶν
429 2523 613 2604 σιγιλλιωδῶν
641 2532 673 2607 τῇ
697 2525 759 2606 ίερᾷ
782 2524 829 2586 καί
852 2525 996 2608 σεβασμίᾳ,
1021 2525 1152 2606 βασιλικῇ
1175 2522 1222 2584 καί
1245 2545 1326 2584 σταυ-
1399 2545 1400 2548 ’

35 2651 182 2725 ροπηγιακῄ
205 2647 329 2727 ἡμετέρᾳ
354 2651 538 2727 πατριαρχικῇ
567 2651 636 2726 μονῇ
663 2651 709 2706 τοῦ
736 2646 824 2725 ἁγίου,
854 2644 963 2718 ἐνδόξου
989 2644 1036 2705 καί
1058 2647 1233 2722 πανευρήμου
1257 2645 1326 2706 αἰτο-

35 2766 126 2826 σιέλσυ
152 2764 200 2824 καί
229 2767 426 2845 εῦαγγελιστοῦ
450 2767 577 2826 Ἰωάννου
604 2771 649 2827 τοῦ
672 2766 817 2846 Θεολθγου
843 2768 914 2827 κατὰ
940 2769 989 2842 σἠν
1015 2773 1097 2844 νῆσον
1122 2767 1247 2841 ΙΙαίτμσν·
1276 2767 1326 2825 αθ·

33 2885 87 2944 τίκα
109 2894 175 2968 γάρ,
200 2907 287 2968 ρησιν,
311 2890 325 2947 ά
348 2893 397 2963 τής
420 2885 532 2961 αίωνίας
554 2892 665 2966 μνήμης
692 2889 808 2962 εῦσεβής
835 2888 966 2963 βασιλεῦς
990 2885 1115 2959 ’.ίλέξιος
1144 2887 1327 2961 άΚομνηνθς

33 3009 233 3085 γρυσάβουλλσν
266 3007 423 3090 ἐδωρήσατο
454 3010 491 3090 τῷ
521 3013 630 3089 κτήτορι
660 3017 709 3088 τῆς
740 3010 822 3086 αθιής
852 3017 951 3088 μονῆς,
982 3007 1098 3087 μσναχῴ
1122 3007 1326 3087 Χριστοδοῦλῳ,

34 3125 63 3185 δι’
86 3124 116 3188 οὗ
139 3130 348 3210 έπιβραβεῦεται
375 3132 458 3212 ταύτῃ
484 3137 574 3192 πᾶσαν
600 3132 768 3214 ἐλευθερίαν,
797 3130 956 3205 αῦτσνσμίαν
979 3150 1009 3190 τε
1032 3129 1078 3188 καί
1102 3129 1327 3190 αῦτοδεσποτείαν

33 3251 71 3308 σῦν
98 3248 268 3332 άταξαπάοῃ
299 3259 332 3334 τῇ
363 3255 438 3333 νήσῳ
466 3253 571 3332 Πάτμῳ
602 3253 673 3329 μετὰ
702 3259 752 3330 τῆς
782 3253 851 3330 ὅλης
880 3257 1013 3332 περιοχῆς
1044 3249 1092 3311 καί
1123 3251 1327 3330 διακρατήσεως

32 3371 108 3446 αῦτη-ς
141 3371 185 3433 ἐπ’
217 3373 386 3454 άναραιρέτῳ
419 3373 466 3434 καί
496 3375 619 3452 διηνηκεῑ
650 3375 792 3457 δεσποτεία
821 3372 867 3434 καί
897 3377 1031 3454 κυριοτητι
1062 3372 1184 3454 άτελῶς,
1216 3371 1328 3452 σίβαρῶς

31 3492 72 3550 καί
93 3497 185 3568 πάσης
210 3495 418 3575 άπηλλαγμένῃ
441 3503 600 3576 σεκρετικῆς
623 3499 808 3574 συζητήσεως,
832 3499 905 3568 ὅπως
928 3498 988 3570 ήτε
1003 3497 1067 3576 παρ’
1084 3497 1163 3556 αὐτοῦ
1185 3495 1329 3575 ἑγερθεῖσα

32 3619 95 3692 μανίη
123 3615 172 3676 καί
201 3615 226 3677 σί
253 3618 296 3677 ὕπ’
322 3619 400 3678 αῦτθν
423 3617 541 3696 μοναχσί
563 3621 700 3697 κατέχωσι
723 3617 770 3678 καί
794 3619 943 3688 δεσπόζωσι
965 3619 1014 3692 τὴν
1037 3623 1118 3693 νῆσον
1140 3618 1238 3693 ταύτην
1263 3619 1329 3677 ἀτε-

31 3737 93 3816 λῶς,
118 3739 246 3818 άβαρῶς,
271 3739 370 3817 κυρίως
391 3737 438 3798 καί
462 3739 609 3818 αῦθεντῶς,
634 3740 817 3820 ἀναραιρέτως
833 3759 861 3798 τε
885 3735 932 3798 καί
956 3735 1086 3817 αίωνίως,
1111 3740 1208 3813 τοῶσην
1228 3759 1259 3797 τε
1282 3738 1330 3811 τὴν

31 3857 198 3931 δηλωθείσαν
230 3859 353 3939 διορίζων
385 3859 537 3936 σεβασμίαν
568 3862 654 3934 μονὴν
685 3859 882 3920 αῦτοδέσποτσν
911 3858 958 3918 καί
987 3855 1156 3932 αῦτεξοῦσισν
1185 3858 1255 3932 μετὰ
1281 3865 1330 3932 τῆς

31 3979 94 4052 ἒλης
116 3983 201 4056 νήσου
225 3980 362 4055 διαμένειν
387 3979 416 4053 ές
439 3981 482 4040 ἀεί
505 3983 568 4040 καθ’
594 3981 690 4058 ἑαυτήν
719 3981 858 4057 άγομένην
885 3979 933 4041 καί
956 3981 1172 4058 διευθυνομένην,
1201 3977 1248 4039 καί
1271 3977 1330 4038 οὔτε

31 4101 90 4176 αῦτη
114 4103 133 4176 ή
158 4104 240 4182 μονή,
265 4100 326 4161 οὔτε
348 4103 382 4162 τά
404 4102 571 4178 ὑποκείμενα
594 4104 677 4184 ταῦτη
701 4105 827 4180 μετάχιαι,
851 4101 905 4162 οὔθ’
924 4105 1014 4163 ἅπασα
1033 4104 1051 4177 ή
1071 4107 1154 4178 νήσας
1176 4100 1226 4159 ῦπδ
1249 4099 1329 4173 βασι-

29 4221 91 4281 λικά
114 4227 133 4298 ἢ
157 4223 343 4302 πατριαρχικίι
366 4225 383 4298 ἢ
407 4223 623 4303 μητροπσλιτικὰ
645 4227 663 4298 ἢ
688 4223 852 4282 ἐπισκαπικὰ
873 4227 892 4298 ἢ
916 4223 1171 4298 ἑκκλησιαστικὰή
1198 4223 1248 4281 θπθ
1271 4241 1330 4280 τινα

30 4345 101 4418 ὅλως
126 4345 250 4406 ἰδιωτικὰ
272 4347 474 4424 ῦπαχθήσσνται
495 4347 638 4426 πρόσωπα,
667 4344 734 4404 ἀλλ’
758 4345 974 4424 έλευθεριοίσσυσι
1000 4343 1130 4424 καθαρῶς
1154 4343 1234 4424 σίχρις
1262 4339 1331 4402 αἰῶ-

29 4489 72 4540 νος
87 4471 216 4538 παντὸς.»
245 4468 391 4527 κάντεῦθεν
413 4469 481 4546 προς
503 4475 535 4549 τῇ
559 4468 689 4548 βασιλικῇ
712 4468 794 4548 ταύτῃ
819 4465 957 4546 φιλοτιμίᾳ
979 4463 1026 4524 καί
1047 4467 1243 4545 πατριαρχικθν
1264 4465 1331 4524 ἑπε-

28 4589 178 4666 ἒαῦιλεθθη
207 4589 347 4669 σιγίλλιον
375 4591 421 4648 τοῦ
444 4593 590 4663 τηνικαῦτα
616 4589 662 4647 τὀν
684 4589 879 4667 πατριαρχικθν
907 4585 1041 4656 ίθίιναντος
1063 4587 1157 4666 θρόνον
1181 4587 1332 4664 αίγιωτοίτου

27 4715 203 4793 πατριάρχου,
230 4715 313 4792 κυροῦ
336 4711 476 4793 Ἰωάννου,
506 4709 726 4772 κατακολουθοῦν
755 4708 806 4784 μὲν
833 4707 875 4770 ἐπὶ
898 4714 963 4770 πᾶσι
990 4711 1046 4780 ταῖς
1073 4708 1268 4790 ἐμρερομένοις
1294 4707 1332 4788 τῷ
