3160 5292
1250 337 1313 400 245

40 532 165 609 γογγῦζειν
194 531 303 602 τούτους
336 529 383 590 ταὶ
413 530 576 611 ἀποτρατεϊν
609 537 658 608 τῆς
690 530 753 606 ἴσης
784 529 881 610 χρείας
913 533 1002 608 πάσης
1035 537 1085 606 τῆς
1117 531 1312 610 ἀδελφότητος,

40 653 115 724 ισθῦς
137 651 166 712 δέ
197 650 245 712 ταί
270 653 433 732 προέγραψα
458 649 520 730 περὶ
546 659 600 712 τῶν
629 653 755 731 βιβλίων,
783 646 820 712 ὧν
847 653 984 732 ἀριέρωσα
1012 651 1051 724 είς
1077 654 1121 712 τδν
1145 652 1313 732 Ἀσιίιματον,

39 775 72 831 ἵνα
94 775 207 848 μένωσιν
235 774 454 854 ἀπαράθρσωστα,
478 775 553 852 ἔχειν
576 774 608 835 δέ
634 773 681 834 ταὶ
707 775 752 833 τδν
779 777 902 854 μοναχδν
925 774 1087 836 Θεόττιστον
1111 775 1140 834 τθ
1163 774 1313 854 Πατεριτδν

37 897 59 954 τό
76 895 250 972 βαμβατηνδν
270 893 309 968 εἰς
330 901 419 956 πάσαν
444 897 524 957 αὐτοῦ
546 893 679 976 ἐξουσίαν,
703 898 756 967 έως
778 895 812 956 ἀν
836 895 864 956 έν
886 899 942 967 τοῖς
965 899 1044 966 ζῶσιν
1066 893 1136 956 ἐστὶν
1158 894 1205 956 ταὶ
1226 915 1313 975 προσ-

36 1019 94 1098 μένῃ
121 1017 149 1077 έν
176 1023 211 1099 τῇ
239 1023 319 1098 μονῇ.
353 1017 449 1092 ἐπειδὴ
481 1017 512 1078 δὲ
535 1017 663 1078 διέλαθεν
685 1018 760 1094 ἡμᾶς
786 1038 846 1078 τινα
875 1015 922 1078 ταὶ
949 1020 979 1078 οῦ
1008 1019 1161 1092 τατέθησαν
1192 1015 1232 1089 είς
1265 1017 1314 1092 τὴν

35 1137 91 1197 ἰδίαν
123 1137 301 1220 ἀτολουθίαν,
335 1135 527 1216 ἀνατάττωμεν
560 1139 627 1200 οάιτά
653 1144 708 1221 νῦν,
742 1134 798 1202 οἷον
832 1141 1048 1222 χαλτοστάμνιν,
1081 1137 1210 1220 ταρδάριν
1231 1137 1315 1214 ,μετὰ

33 1261 145 1339 έτιχῦτου
171 1260 220 1322 ταὶ
247 1261 399 1342 σαπουνίου,
427 1263 604 1342 μουχροίιτια,
637 1262 759 1340 γαβάδια
787 1261 898 1324 δῶδετα
929 1261 977 1322 ταὶ
1010 1258 1158 1324 στουταλια
1191 1258 1312 1335 δῶδειια,

34 1383 117 1441 ἰἀλινα
145 1382 310 1463 γαβαδίτζια
339 1383 387 1444 δίο
415 1382 463 1444 ταὶ
490 1384 520 1444 έν
545 1384 634 1463 μέγαν
660 1385 766 1444 πινάτιν
797 1381 844 1442 ταί
871 1385 1027 1444 στουτέλιον
1055 1383 1164 1445 ῦάλινον
1192 1383 1312 1462 βένετον,

30 1507 166 1584 ταυροῦπια
195 1505 281 1586 τρανά
310 1502 409 1566 ὑάλινα
432 1503 491 1585 τρία
517 1503 565 1566 ταὶ
591 1507 655 1584 βίτη
682 1505 796 1586 μεγάλα
817 1525 848 1566 τε
878 1504 926 1566 ταὶ
956 1509 1049 1588 μιτρά,
1079 1507 1212 1582 βιτοθήτη
1244 1503 1315 1580 μετά

30 1635 74 1686 τῶν
99 1629 194 1704 βιαίων
222 1617 319 1708 αὐτῆς,
346 1631 463 1710 ποτήρια
489 1632 573 1709 μιτρά
595 1650 626 1690 τε
647 1627 695 1690 ταὶ
717 1629 842 1712 μεγάλα,
870 1621 915 1688 οία
936 1626 983 1689 ταὶ
1005 1629 1056 1688 ὅσα
1078 1623 1153 1690 εἰσίν.
1184 1626 1230 1688 ταί
1252 1625 1314 1706 περὶ

29 1749 71 1822 μέν
95 1752 197 1811 τσίτων
224 1753 278 1824 έως
308 1747 378 1830 ὦδε,
401 1749 463 1831 περὶ
487 1751 518 1812 δὲ
540 1756 593 1812 τῶν
616 1749 913 1833 τρεβατοστρωσιτζίων
936 1771 998 1830 μου,
1024 1749 1069 1810 ἵνα
1091 1747 1143 1810 εἰσὶ
1163 1747 1224 1830 τρία
1245 1769 1313 1829 τρε-

28 1871 141 1944 ξατίτζια
169 1870 210 1943 εἰς
235 1873 285 1948 τὴν
311 1877 365 1932 τῶν
392 1869 593 1953 είοερχομένων
620 1872 667 1934 ταί
695 1872 886 1954 ἐξερχομένων
913 1869 998 1946 ξένων
1025 1871 1171 1932 ἀνάπαυσιν
1197 1869 1246 1932 ταὶ
1270 1870 1314 1930 ίνα

28 1991 83 2050 είτὶν
107 2041 193 2056 ,...
217 1992 409 2070 ῦπαπλῶματα
431 1993 465 2054 τά
488 1993 657 2072 βαμβατηνά
686 1993 733 2056 ταὶ
759 1997 789 2055 τδ
812 1995 842 2054 έν
863 1996 881 2070 ἡ
903 1995 989 2072 τζόχα
1010 1995 1029 2069 ἡ
1052 1995 1082 2054 τδ
1104 1993 1313 2072 τοτουλάριτον,

27 2115 121 2190 ἔνδυμα
145 2117 249 2194 ἔχουσα
272 2113 312 2190 εἷς
330 2118 361 2176 τ“ο
380 2117 492 2197 τοθένα,
516 2116 549 2177 τά
566 2117 596 2177 δέ
613 2117 660 2177 δῦο
682 2115 895 2197 ταθαρομέταξα
917 2116 1119 2194 έπαπλῶματα,
1142 2114 1186 2174 ἵνα
1208 2115 1314 2193 φυλάσ-

25 2257 108 2296 σονται
131 2235 181 2296 ταὶ
204 2239 249 2298 ότε
270 2235 382 2320 είσέλθη
405 2236 552 2318 ἀξιόλογος
575 2241 714 2320 άνθρωτος
736 2239 770 2298 νά
794 2240 900 2317 ἔχουσιν
926 2242 1009 2298 ταῦτα
1035 2236 1075 2310 είς
1096 2241 1193 2317 χρῆσιν
1217 2235 1314 2296 αὐτῶν.

24 2358 63 2416 ταί
85 2363 173 2419 ταῦτα
196 2359 246 2434 μέν
269 2360 362 2433 οῦτως.
387 2363 440 2434 ἕως
464 2359 495 2422 δέ
517 2362 532 2420 δ
554 2362 648 2443 παρὼν
671 2363 730 2438 βίος
754 2363 868 2435 ἀστατος
890 2360 937 2422 ταὶ
960 2361 1109 2437 ἀνώμαλος
1135 2356 1182 2419 ταί
1205 2356 1315 2433 ἀλλην-

25 2481 115 2552 ιλλως
147 2487 202 2542 τῶν
228 2485 396 2562 πραγμάτων
425 2483 452 2542 αί
478 2484 698 2564 περιστροβησεις
725 2487 856 2562 γινόμενα
885 2482 931 2544 ταί
963 2483 1149 2562 ἀπογινόμενα
1276 2480 1316 2556 μὴ

25 2598 75 2682 δῴη
103 2605 201 2685 τῦριος
231 2605 245 2664 δ
275 2605 353 2686 θεός,
389 2605 459 2680 μετά
488 2605 536 2680 την
566 2610 611 2666 τοῦ
640 2607 847 2686 καθηγουμένου
879 2605 1042 2687 παρέλευσιν
1076 2603 1122 2664 ταί
1152 2609 1205 2662 τῶν
1234 2607 1316 2682 τριῶν

22 2729 165 2806 γερόντων,
196 2730 242 2786 τοῦ
263 2747 294 2786 τε
321 2729 481 2802 τιμιωτάτου
507 2729 636 2808 γέροντος
667 2733 747 2808 τυροῦ
770 2727 907 2806 Νεορῦτου
936 2725 983 2787 ταὶ
1009 2731 1055 2787 τοῦ
1083 2729 1205 2804 μοναχοῦ
1235 2727 1317 2804 τυροῦ

22 2846 189 2927 λαβρεντίου
211 2846 257 2908 ταὶ
280 2852 326 2908 τοῦ
350 2857 472 2926 μοναχοῦ
495 2853 576 2930 τυροῦ
600 2849 757 2930 Γρηγορίου,
781 2851 847 2928 ’άπερ
871 2849 1031 2927 ἀντέχομαι,
1054 2844 1210 2933 γενησε[ται
1231 2841 1312 2931 ταῦ]-

21 2971 177 3048 ηγσῦρενος
206 2970 362 3050 ἀνατρέπων
392 2971 453 3042 τοῦς
482 2971 579 3044 τῦπους
609 2975 659 3048 τῆς
690 2976 790 3050 μονῆς,
824 2976 873 3046 τῆς
905 2972 1050 3049 θεογενοῦς
1082 2975 1131 3044 τῆς
1165 2967 1316 3044 έττλησίας

20 3094 167 3154 καταλύων
196 3090 245 3165 τάς
267 3113 297 3154 τε
324 3093 487 3174 ἀγρυπνίας,
515 3092 692 3172 στιχολογίας
721 3091 768 3152 ταὶ
796 3087 964 3172 ἀναγνώσεις
990 3089 1036 3152 ταί
1057 3091 1092 3150 τά
1117 3089 1202 3150 λοιπά
1227 3090 1317 3148 πάντα

21 3214 191 3296 ἀνατρέπων,
218 3211 358 3293 ταράσσων
380 3215 427 3275 ταί
450 3215 511 3290 τοῦς
534 3216 668 3297 ἀδελροῦς
690 3213 737 3274 ταὶ
764 3215 825 3276 τοτ’
842 3216 992 3290 ἑμπάθειαν
1014 3214 1122 3284 τοῦτους
1143 3211 1274 3286 πολεμῶν
1298 3211 1316 3285 ἢ

22 3337 175 3418 έτδαίιτων,
202 3337 246 3397 ἵνα
266 3339 374 3398 πάντων
396 3343 450 3398 τῶν
473 3336 601 3416 ἀδελφῶν
625 3339 776 3414 ένουμένων
802 3336 849 3398 ταί
872 3337 1071 3413 ὁμοτονοῦντων
1099 3334 1230 3394 έτδιῶτον
1252 3336 1315 3393 τοῦ·

19 3479 60 3516 ’,ον
92 3462 200 3519 ἀτοντα
229 3457 276 3519 ταὶ
307 3460 346 3537 μὴ
377 3459 545 3536 βουλόμενον
573 3466 621 3536 τῆς
652 3465 738 3536 μονῆς
771 3458 818 3519 ταὶ
846 3459 907 3531 τοῦς
937 3459 1015 3518 αὐτδν
1049 3456 1315 3533 ἀναλαμβάνοντας,

19 3585 102 3640 ποιεῖν
132 3581 178 3664 δέ,
212 3583 283 3654 ὅστις
313 3585 345 3641 ἀν
375 3583 424 3657 τὴν
452 3584 531 3643 αῦτοῦ
557 3584 646 3661 ψυχὴν
673 3580 774 3656 τίθησιν
801 3580 866 3661 ι’νπὲρ
893 3585 947 3640 τῶν
975 3579 1103 3659 ἀδελφῶν
1129 3576 1176 3638 ταὶ
1203 3577 1317 3657 ἀγαπῶν

22 3703 114 3775 inab<
149 3703 189 3776 ῶς
215 3705 297 3762 τέτνα
324 3706 424 3782 γνήσια
451 3703 498 3764 ταὶ
525 3709 578 3763 τῶν
607 3699 727 3763 ἀσθενῶν
756 3705 841 3762 αδτῶν
871 3703 910 3771 ὡς
940 3699 1016 3760 ἰδίων
1048 3697 1318 3776 ἀντιλαμβανόμενος

19 3819 63 3884 ταὶ
89 3823 159 3904 περὶ
189 3823 240 3900 μέν
262 3825 363 3884 τοῦτων
385 3821 493 3884 πάντων
517 3823 672 3904 ἀδελριτῶς
700 3825 756 3900 ἅμα
779 3821 827 3882 ταί
847 3829 986 3904 πατρικῶς
1011 3829 1134 3903 παραινῶ
1156 3819 1203 3882 ταί
1224 3841 1316 3901 παρα-

19 3947 98 4007 ταλῶ
129 3947 328 4026 διαπορηθῆναι
353 3945 400 4006 ταὶ
429 3946 646 4026 διαρυλαχθῆναι
672 3946 706 4005 τά
732 3946 796 4023 παρ’
820 3943 882 4019 ἐμοὶ
910 3945 1117 4004 διατυπωθέντα.
1146 3943 1180 4001 τά
1202 3942 1233 4002 δέ
1256 3941 1319 4022 περὶ

18 4075 65 4142 τῆς
93 4067 252 4144 έττλησίας
283 4066 483 4128 διατυπωθέντα
510 4066 556 4126 ταὶ
582 4067 771 4147 παραδοθέντα
798 4066 869 4126 τατά
895 4067 943 4140 τἠν
970 4069 1016 4126 τοῦ
1039 4068 1148 4125 τιττιτοῦ
1174 4063 1318 4143 περίληψιν

19 4191 123 4266 δεσμόν
155 4189 351 4269 ἀσυγχώρητον
379 4189 628 4265 ταθυποβάλλομαι
655 4189 708 4249 ἀπδ
734 4193 783 4264 τῆς
810 4191 941 4258 ζωοποιοῦ
967 4187 1014 4246 ταί
1036 4187 1188 4268 ἀδιαιρέτου
1210 4185 1318 4266 τριάδος

18 4311 62 4371 ταὶ
92 4313 151 4372 ἀπδ
177 4315 231 4371 τῶν
259 4311 338 4371 θείων
366 4311 535 4372 ἀποστόλων
554 4309 601 4371 ταὶ
623 4317 675 4370 τῶν
700 4304 785 4389 άγίων
807 4312 930 4390 πατέρων
952 4313 999 4369 τοῦ
1022 4304 1091 4368 εἶναι
1112 4309 1317 4388 κεχωρισμένον

17 4434 62 4494 ταὶ
93 4435 183 4509 αῦτῆς
208 4438 258 4510 τῆς
285 4431 391 4493 εἰσόδου
419 4439 469 4508 τῆς
495 4433 572 4505 θείας
599 4429 748 4507 έττλησίας
773 4432 819 4490 τόν
847 4430 1015 4504 βουληθέντα
1042 4435 1060 4506 ἢ
1086 4428 1272 4509 παραθραῦοαί
1295 4449 1319 4488 τι

16 4561 61 4617 τοῦ
85 4557 203 4616 τυπιιιοῦ
223 4553 271 4614 ταὶ
294 4555 363 4614 ἔστω
385 4555 403 4629 ἠ
427 4553 506 4636 μερὶς
528 4557 614 4615 αῦτῶν
637 4555 707 4629 μετὰ
729 4558 782 4613 τῶν
807 4553 970 4632 τραζόντων·
996 4549 1070 4633 ἆρον,
1094 4548 1167 4634 ἆρον,
1195 4539 1318 4631 σταύρωὲ

17 4698 62 4736 σον
85 4679 138 4736 τὀν
161 4675 218 4736 υίδν
239 4679 286 4736 τοῦ
307 4677 379 4736 θεοῦ.
409 4674 456 4736 ταὶ
482 4673 544 4756 περὶ
571 4675 622 4750 μὲν
648 4675 748 4738 τούτων
775 4675 829 4744 ἕως
855 4667 921 4736 ὦδε.
953 4673 1014 4734 ἐπεὶ
1040 4674 1071 4734 δὲ
1095 4674 1221 4743 διέλαθεν
1243 4674 1319 4754 ἡμᾶς
