<?xml version="1.0" encoding="UTF-8"?>
<!DOCTYPE html PUBLIC "-//W3C//DTD XHTML 1.0 Transitional//EN"
    "http://www.w3.org/TR/xhtml1/DTD/xhtml1-transitional.dtd">
<html xmlns="http://www.w3.org/1999/xhtml" xml:lang="en" lang="en">
 <head>
  <title>
</title>
<meta http-equiv="Content-Type" content="text/html;charset=utf-8" />
  <meta name='ocr-system' content='tesseract 3.04.00' />
  <meta name='ocr-capabilities' content='ocr_page ocr_carea ocr_par ocr_line ocrx_word'/>
</head>
<body>
  <div class='ocr_page' id='page_1' title='image "./actaetdiplomata02miklgoog_0143.png"; bbox 0 0 3184 5288; ppageno 0'>
   <div class='ocr_carea' id='block_1_1' title="bbox 257 367 318 432">
    <p class='ocr_par' dir='ltr' id='par_1_1' title="bbox 257 367 318 432">
     <span class='ocr_line' id='line_1_1' title="bbox 257 367 318 432; baseline 0 0"><span class='ocrx_word' id='word_1_1' title='bbox 257 367 318 432; x_wconf 77' lang='lat'>128</span> 
     </span>
    </p>
   </div>
   <div class='ocr_carea' id='block_1_2' title="bbox 250 557 1583 2593">
    <p class='ocr_par' dir='ltr' id='par_1_2' title="bbox 250 557 1583 2593">
     <span class='ocr_line' id='line_1_2' title="bbox 255 557 1547 640; baseline -0.002 -20"><span class='ocrx_word' id='word_1_2' title='bbox 255 566 320 639; x_wconf 87' lang='grc' dir='ltr'>μιὰς</span> <span class='ocrx_word' id='word_1_3' title='bbox 348 562 416 640; x_wconf 84' lang='grc' dir='ltr'>πρός</span> <span class='ocrx_word' id='word_1_4' title='bbox 442 565 474 640; x_wconf 85' lang='grc' dir='ltr'>τῇ</span> <span class='ocrx_word' id='word_1_5' title='bbox 497 557 618 640; x_wconf 82' lang='grc' dir='ltr'>ήμισείφι,</span> <span class='ocrx_word' id='word_1_6' title='bbox 646 559 741 636; x_wconf 87' lang='grc' dir='ltr'>μικρόν</span> <span class='ocrx_word' id='word_1_7' title='bbox 763 578 788 616; x_wconf 91' lang='grc' dir='ltr'>τι</span> <span class='ocrx_word' id='word_1_8' title='bbox 814 559 900 617; x_wconf 81' lang='grc' dir='ltr'>πλέον</span> <span class='ocrx_word' id='word_1_9' title='bbox 923 561 941 631; x_wconf 81' lang='grc' dir='ltr'>ἢ</span> <span class='ocrx_word' id='word_1_10' title='bbox 965 558 1093 639; x_wconf 85' lang='grc' dir='ltr'>ἔλασσον,</span> <span class='ocrx_word' id='word_1_11' title='bbox 1129 559 1304 639; x_wconf 64' lang='grc' dir='ltr'>ἐγρωρούντὰ</span> <span class='ocrx_word' id='word_1_12' title='bbox 1326 581 1356 619; x_wconf 94' lang='grc' dir='ltr'>τε</span> <span class='ocrx_word' id='word_1_13' title='bbox 1384 560 1419 619; x_wconf 87' lang='grc' dir='ltr'>τά</span> <span class='ocrx_word' id='word_1_14' title='bbox 1445 571 1547 620; x_wconf 67' lang='grc' dir='ltr'>τοιαῦτα</span> 
     </span>
     <span class='ocr_line' id='line_1_3' title="bbox 253 677 1546 761; baseline -0.002 -17"><span class='ocrx_word' id='word_1_15' title='bbox 253 683 340 744; x_wconf 85' lang='grc' dir='ltr'>πλοῖα</span> <span class='ocrx_word' id='word_1_16' title='bbox 365 681 461 740; x_wconf 78' lang='grc' dir='ltr'>πλέειν</span> <span class='ocrx_word' id='word_1_17' title='bbox 490 680 648 758; x_wconf 78' lang='grc' dir='ltr'>ἁπανταχοῦ</span> <span class='ocrx_word' id='word_1_18' title='bbox 670 683 722 738; x_wconf 90' lang='grc' dir='ltr'>τῶν</span> <span class='ocrx_word' id='word_1_19' title='bbox 745 683 794 754; x_wconf 78' lang='grc' dir='ltr'>τῆς</span> <span class='ocrx_word' id='word_1_20' title='bbox 818 679 961 759; x_wconf 83' lang='grc' dir='ltr'>ῥωμαῖκῆς</span> <span class='ocrx_word' id='word_1_21' title='bbox 983 677 1157 760; x_wconf 76' lang='grc' dir='ltr'>ἐπικρατείας</span> <span class='ocrx_word' id='word_1_22' title='bbox 1180 685 1271 761; x_wconf 94' lang='grc' dir='ltr'>μερῶν</span> <span class='ocrx_word' id='word_1_23' title='bbox 1301 679 1348 741; x_wconf 87' lang='grc' dir='ltr'>καὶ</span> <span class='ocrx_word' id='word_1_24' title='bbox 1371 683 1546 761; x_wconf 77' lang='grc' dir='ltr'>διατηρείσθω</span> 
     </span>
     <span class='ocr_line' id='line_1_4' title="bbox 254 799 1546 884; baseline -0.002 -19"><span class='ocrx_word' id='word_1_25' title='bbox 254 805 378 883; x_wconf 83' lang='grc' dir='ltr'>ἀνώτερα</span> <span class='ocrx_word' id='word_1_26' title='bbox 403 803 495 878; x_wconf 89' lang='grc' dir='ltr'>πὰσης</span> <span class='ocrx_word' id='word_1_27' title='bbox 518 801 688 876; x_wconf 80' lang='grc' dir='ltr'>οἱασδήτινος</span> <span class='ocrx_word' id='word_1_28' title='bbox 711 803 882 878; x_wconf 85' lang='grc' dir='ltr'>συζηιήσεῶς</span> <span class='ocrx_word' id='word_1_29' title='bbox 903 821 934 860; x_wconf 89' lang='grc' dir='ltr'>τε</span> <span class='ocrx_word' id='word_1_30' title='bbox 955 799 1002 860; x_wconf 87' lang='grc' dir='ltr'>καὶ</span> <span class='ocrx_word' id='word_1_31' title='bbox 1031 801 1170 883; x_wconf 74' lang='grc' dir='ltr'>ἐπηρείας,</span> <span class='ocrx_word' id='word_1_32' title='bbox 1194 802 1305 883; x_wconf 79' lang='grc' dir='ltr'>ναύλου,</span> <span class='ocrx_word' id='word_1_33' title='bbox 1330 804 1499 884; x_wconf 87' lang='grc' dir='ltr'>ἁντινοιύλου,</span> <span class='ocrx_word' id='word_1_34' title='bbox 1522 806 1546 863; x_wconf 84' lang='grc' dir='ltr'>ού</span> 
     </span>
     <span class='ocr_line' id='line_1_5' title="bbox 255 917 1546 1007; baseline -0.002 -21"><span class='ocrx_word' id='word_1_35' title='bbox 255 929 347 1003; x_wconf 90' lang='grc' dir='ltr'>μέντοι</span> <span class='ocrx_word' id='word_1_36' title='bbox 369 944 403 1004; x_wconf 89' lang='grc' dir='ltr'>γε</span> <span class='ocrx_word' id='word_1_37' title='bbox 431 922 477 982; x_wconf 85' lang='grc' dir='ltr'>καί</span> <span class='ocrx_word' id='word_1_38' title='bbox 501 917 564 1006; x_wconf 82' lang='grc' dir='ltr'>[τῶν</span> <span class='ocrx_word' id='word_1_39' title='bbox 591 923 794 998; x_wconf 79' lang='grc' dir='ltr'>κεκωλυμένων</span> <span class='ocrx_word' id='word_1_40' title='bbox 822 917 914 1007; x_wconf 82' lang='grc' dir='ltr'>εἰδῶν]</span> <span class='ocrx_word' id='word_1_41' title='bbox 941 920 987 982; x_wconf 86' lang='grc' dir='ltr'>καὶ</span> <span class='ocrx_word' id='word_1_42' title='bbox 1015 921 1060 982; x_wconf 84' lang='grc' dir='ltr'>διὰ</span> <span class='ocrx_word' id='word_1_43' title='bbox 1085 927 1163 984; x_wconf 87' lang='grc' dir='ltr'>τούτο</span> <span class='ocrx_word' id='word_1_44' title='bbox 1189 925 1396 1003; x_wconf 80' lang='grc' dir='ltr'>προσελθόντων</span> <span class='ocrx_word' id='word_1_45' title='bbox 1423 931 1477 986; x_wconf 92' lang='grc' dir='ltr'>τῶν</span> <span class='ocrx_word' id='word_1_46' title='bbox 1503 933 1546 1001; x_wconf 78' lang='grc' dir='ltr'>τῆς</span> 
     </span>
     <span class='ocr_line' id='line_1_6' title="bbox 254 1043 1545 1130; baseline -0.002 -22"><span class='ocrx_word' id='word_1_47' title='bbox 254 1047 382 1130; x_wconf 84' lang='grc' dir='ltr'>ῥηθείσής</span> <span class='ocrx_word' id='word_1_48' title='bbox 410 1051 496 1122; x_wconf 83' lang='grc' dir='ltr'>μονῆς</span> <span class='ocrx_word' id='word_1_49' title='bbox 524 1051 654 1124; x_wconf 86' lang='grc' dir='ltr'>μοναχῶν</span> <span class='ocrx_word' id='word_1_50' title='bbox 678 1043 716 1123; x_wconf 83' lang='grc' dir='ltr'>τῷ</span> <span class='ocrx_word' id='word_1_51' title='bbox 739 1045 1001 1125; x_wconf 88' lang='grc' dir='ltr'>προβεβασιλευκότι</span> <span class='ocrx_word' id='word_1_52' title='bbox 1027 1043 1101 1125; x_wconf 85' lang='grc' dir='ltr'>κυρῷ</span> <span class='ocrx_word' id='word_1_53' title='bbox 1124 1045 1255 1126; x_wconf 90' lang='grc' dir='ltr'>Ἰσαακίῳ</span> <span class='ocrx_word' id='word_1_54' title='bbox 1277 1045 1317 1126; x_wconf 84' lang='grc' dir='ltr'>τῷ</span> <span class='ocrx_word' id='word_1_55' title='bbox 1341 1048 1482 1130; x_wconf 88' lang='grc' dir='ltr'>Ἀγγέλῳ,</span> <span class='ocrx_word' id='word_1_56' title='bbox 1504 1049 1545 1107; x_wconf 79' lang='grc' dir='ltr'>καὶ</span> 
     </span>
     <span class='ocr_line' id='line_1_7' title="bbox 254 1165 1545 1250; baseline -0.003 -18"><span class='ocrx_word' id='word_1_57' title='bbox 254 1171 443 1249; x_wconf 74' lang='grc' dir='ltr'>αἰτησαμένων</span> <span class='ocrx_word' id='word_1_58' title='bbox 475 1169 670 1248; x_wconf 82' lang='grc' dir='ltr'>ἐπικυρωθῆναι</span> <span class='ocrx_word' id='word_1_59' title='bbox 706 1165 757 1242; x_wconf 81' lang='grc' dir='ltr'>μέν</span> <span class='ocrx_word' id='word_1_60' title='bbox 787 1167 861 1246; x_wconf 82' lang='grc' dir='ltr'>παρὰ</span> <span class='ocrx_word' id='word_1_61' title='bbox 890 1173 939 1244; x_wconf 79' lang='grc' dir='ltr'>τῆς</span> <span class='ocrx_word' id='word_1_62' title='bbox 969 1167 1051 1244; x_wconf 88' lang='grc' dir='ltr'>ἁγίας</span> <span class='ocrx_word' id='word_1_63' title='bbox 1081 1169 1160 1228; x_wconf 85' lang='grc' dir='ltr'>αθτού</span> <span class='ocrx_word' id='word_1_64' title='bbox 1191 1167 1338 1242; x_wconf 83' lang='grc' dir='ltr'>βασιλείας</span> <span class='ocrx_word' id='word_1_65' title='bbox 1368 1170 1403 1229; x_wconf 89' lang='grc' dir='ltr'>τά</span> <span class='ocrx_word' id='word_1_66' title='bbox 1435 1171 1545 1250; x_wconf 77' lang='grc' dir='ltr'>ῥηθέντα</span> 
     </span>
     <span class='ocr_line' id='line_1_8' title="bbox 252 1285 1545 1374; baseline -0.005 -20"><span class='ocrx_word' id='word_1_67' title='bbox 252 1291 422 1374; x_wconf 88' lang='grc' dir='ltr'>προσκυνητὰ</span> <span class='ocrx_word' id='word_1_68' title='bbox 444 1289 640 1372; x_wconf 89' lang='grc' dir='ltr'>χρυσόβουλλα</span> <span class='ocrx_word' id='word_1_69' title='bbox 666 1293 712 1348; x_wconf 86' lang='grc' dir='ltr'>τού</span> <span class='ocrx_word' id='word_1_70' title='bbox 744 1287 867 1364; x_wconf 82' lang='grc' dir='ltr'>ἀοιδίμου</span> <span class='ocrx_word' id='word_1_71' title='bbox 898 1287 1037 1363; x_wconf 91' lang='grc' dir='ltr'>βασιλέως</span> <span class='ocrx_word' id='word_1_72' title='bbox 1062 1293 1144 1368; x_wconf 85' lang='grc' dir='ltr'>κυροῦ</span> <span class='ocrx_word' id='word_1_73' title='bbox 1171 1285 1297 1362; x_wconf 78' lang='grc' dir='ltr'>Ἀλεξίου</span> <span class='ocrx_word' id='word_1_74' title='bbox 1324 1295 1371 1350; x_wconf 84' lang='grc' dir='ltr'>τού</span> <span class='ocrx_word' id='word_1_75' title='bbox 1394 1291 1545 1370; x_wconf 77' lang='grc' dir='ltr'>Κομνηνοῡ,</span> 
     </span>
     <span class='ocr_line' id='line_1_9' title="bbox 251 1407 1583 1498; baseline -0.006 -20"><span class='ocrx_word' id='word_1_76' title='bbox 251 1419 414 1498; x_wconf 77' lang='grc' dir='ltr'>προπάππου</span> <span class='ocrx_word' id='word_1_77' title='bbox 441 1419 491 1488; x_wconf 84' lang='grc' dir='ltr'>τῆς</span> <span class='ocrx_word' id='word_1_78' title='bbox 518 1411 598 1491; x_wconf 88' lang='grc' dir='ltr'>ἁγίας</span> <span class='ocrx_word' id='word_1_79' title='bbox 621 1413 701 1472; x_wconf 82' lang='grc' dir='ltr'>αὺτοῦ</span> <span class='ocrx_word' id='word_1_80' title='bbox 729 1410 883 1490; x_wconf 87' lang='grc' dir='ltr'>βασιλείας,</span> <span class='ocrx_word' id='word_1_81' title='bbox 912 1409 1140 1490; x_wconf 83' lang='grc' dir='ltr'>ἐπιβραβευθήναι</span> <span class='ocrx_word' id='word_1_82' title='bbox 1167 1409 1211 1492; x_wconf 87' lang='grc' dir='ltr'>[δέ</span> <span class='ocrx_word' id='word_1_83' title='bbox 1233 1411 1280 1471; x_wconf 82' lang='grc' dir='ltr'>καὶ</span> <span class='ocrx_word' id='word_1_84' title='bbox 1302 1413 1351 1487; x_wconf 79' lang='grc' dir='ltr'>τήν</span> <span class='ocrx_word' id='word_1_85' title='bbox 1374 1407 1436 1497; x_wconf 72' lang='grc' dir='ltr'>τῆς]</span> <span class='ocrx_word' id='word_1_86' title='bbox 1464 1411 1545 1472; x_wconf 85' lang='grc' dir='ltr'>δεκα-</span> <span class='ocrx_word' id='word_1_87' title='bbox 1582 1417 1583 1428; x_wconf 75' lang='grc'>’</span> 
     </span>
     <span class='ocr_line' id='line_1_10' title="bbox 252 1530 1545 1615; baseline -0.007 -15"><span class='ocrx_word' id='word_1_88' title='bbox 252 1539 327 1610; x_wconf 87' lang='grc' dir='ltr'>τείας</span> <span class='ocrx_word' id='word_1_89' title='bbox 354 1534 539 1615; x_wconf 80' lang='grc' dir='ltr'>ἐξκουσσείαν,</span> <span class='ocrx_word' id='word_1_90' title='bbox 573 1530 621 1592; x_wconf 87' lang='grc' dir='ltr'>καὶ</span> <span class='ocrx_word' id='word_1_91' title='bbox 649 1538 682 1614; x_wconf 76' lang='grc' dir='ltr'>πή</span> <span class='ocrx_word' id='word_1_92' title='bbox 711 1532 803 1608; x_wconf 80' lang='grc' dir='ltr'>δεήσει</span> <span class='ocrx_word' id='word_1_93' title='bbox 832 1531 981 1613; x_wconf 82' lang='grc' dir='ltr'>σύνδρομον</span> <span class='ocrx_word' id='word_1_94' title='bbox 1009 1531 1104 1593; x_wconf 75' lang='grc' dir='ltr'>αὐτίκα</span> <span class='ocrx_word' id='word_1_95' title='bbox 1129 1537 1319 1614; x_wconf 88' lang='grc' dir='ltr'>πορισαμένων</span> <span class='ocrx_word' id='word_1_96' title='bbox 1342 1534 1545 1615; x_wconf 86' lang='grc' dir='ltr'>χρυσόβουλλσν</span> 
     </span>
     <span class='ocr_line' id='line_1_11' title="bbox 252 1653 1546 1740; baseline -0.003 -22"><span class='ocrx_word' id='word_1_97' title='bbox 252 1663 337 1740; x_wconf 91' lang='grc' dir='ltr'>λόγον</span> <span class='ocrx_word' id='word_1_98' title='bbox 365 1664 414 1735; x_wconf 82' lang='grc' dir='ltr'>ιής</span> <span class='ocrx_word' id='word_1_99' title='bbox 442 1657 523 1735; x_wconf 87' lang='grc' dir='ltr'>ἁγίας</span> <span class='ocrx_word' id='word_1_100' title='bbox 550 1656 629 1715; x_wconf 86' lang='grc' dir='ltr'>αύτοῦ</span> <span class='ocrx_word' id='word_1_101' title='bbox 652 1653 795 1730; x_wconf 87' lang='grc' dir='ltr'>βασιλείας</span> <span class='ocrx_word' id='word_1_102' title='bbox 820 1653 994 1734; x_wconf 83' lang='grc' dir='ltr'>ἐπικυροῦντα</span> <span class='ocrx_word' id='word_1_103' title='bbox 1016 1655 1067 1728; x_wconf 87' lang='grc' dir='ltr'>μὲν</span> <span class='ocrx_word' id='word_1_104' title='bbox 1098 1655 1171 1716; x_wconf 87' lang='grc' dir='ltr'>κατὰ</span> <span class='ocrx_word' id='word_1_105' title='bbox 1192 1656 1241 1730; x_wconf 80' lang='grc' dir='ltr'>τήν</span> <span class='ocrx_word' id='word_1_106' title='bbox 1265 1655 1370 1730; x_wconf 83' lang='grc' dir='ltr'>σίτησιν</span> <span class='ocrx_word' id='word_1_107' title='bbox 1394 1657 1481 1716; x_wconf 84' lang='grc' dir='ltr'>αύτῶν</span> <span class='ocrx_word' id='word_1_108' title='bbox 1504 1655 1546 1716; x_wconf 88' lang='grc' dir='ltr'>καί</span> 
     </span>
     <span class='ocr_line' id='line_1_12' title="bbox 252 1774 1544 1863; baseline -0.003 -20"><span class='ocrx_word' id='word_1_109' title='bbox 252 1783 287 1844; x_wconf 88' lang='grc' dir='ltr'>τὰ</span> <span class='ocrx_word' id='word_1_110' title='bbox 309 1781 521 1863; x_wconf 89' lang='grc' dir='ltr'>προπορισθέντα</span> <span class='ocrx_word' id='word_1_111' title='bbox 544 1783 578 1860; x_wconf 83' lang='grc' dir='ltr'>τῇ</span> <span class='ocrx_word' id='word_1_112' title='bbox 602 1777 668 1859; x_wconf 77' lang='grc' dir='ltr'>αύιῇ</span> <span class='ocrx_word' id='word_1_113' title='bbox 696 1782 766 1859; x_wconf 80' lang='grc' dir='ltr'>μονῇ</span> <span class='ocrx_word' id='word_1_114' title='bbox 793 1774 997 1857; x_wconf 91' lang='grc' dir='ltr'>χρυσόβουλλα,</span> <span class='ocrx_word' id='word_1_115' title='bbox 1026 1778 1100 1856; x_wconf 84' lang='grc' dir='ltr'>μέγα</span> <span class='ocrx_word' id='word_1_116' title='bbox 1123 1777 1154 1836; x_wconf 88' lang='grc' dir='ltr'>δέ</span> <span class='ocrx_word' id='word_1_117' title='bbox 1176 1797 1202 1837; x_wconf 89' lang='grc' dir='ltr'>τι</span> <span class='ocrx_word' id='word_1_118' title='bbox 1223 1776 1270 1838; x_wconf 85' lang='grc' dir='ltr'>καὶ</span> <span class='ocrx_word' id='word_1_119' title='bbox 1294 1779 1445 1860; x_wconf 90' lang='grc' dir='ltr'>πολύρρουν</span> <span class='ocrx_word' id='word_1_120' title='bbox 1470 1775 1488 1838; x_wconf 86' lang='grc' dir='ltr'>ἀ</span> <span class='ocrx_word' id='word_1_121' title='bbox 1510 1825 1544 1839; x_wconf 93' lang='grc'>..</span> 
     </span>
     <span class='ocr_line' id='line_1_13' title="bbox 253 1896 1545 1982; baseline -0.015 -12"><span class='ocrx_word' id='word_1_122' title='bbox 253 1946 652 1968; x_wconf 83' lang='lat'><strong>.............</strong></span> <span class='ocrx_word' id='word_1_123' title='bbox 676 1899 729 1958; x_wconf 72' lang='grc' dir='ltr'>ἇπθ</span> <span class='ocrx_word' id='word_1_124' title='bbox 763 1901 809 1957; x_wconf 73' lang='grc' dir='ltr'>τοῦ</span> <span class='ocrx_word' id='word_1_125' title='bbox 843 1896 915 1956; x_wconf 70' lang='grc' dir='ltr'>κατὰ</span> <span class='ocrx_word' id='word_1_126' title='bbox 948 1899 1070 1974; x_wconf 77' lang='grc' dir='ltr'>ποταμόν</span> <span class='ocrx_word' id='word_1_127' title='bbox 1101 1896 1140 1970; x_wconf 86' lang='grc' dir='ltr'>εἰς</span> <span class='ocrx_word' id='word_1_128' title='bbox 1170 1901 1259 1959; x_wconf 83' lang='grc' dir='ltr'>πάντα</span> <span class='ocrx_word' id='word_1_129' title='bbox 1288 1901 1392 1977; x_wconf 80' lang='grc' dir='ltr'>κόσμου</span> <span class='ocrx_word' id='word_1_130' title='bbox 1423 1901 1545 1982; x_wconf 68' lang='grc' dir='ltr'>ἐπιρρεό-</span> 
     </span>
     <span class='ocr_line' id='line_1_14' title="bbox 252 2019 1546 2104; baseline -0.003 -19"><span class='ocrx_word' id='word_1_131' title='bbox 252 2047 351 2097; x_wconf 87' lang='grc' dir='ltr'>οαντος</span> <span class='ocrx_word' id='word_1_132' title='bbox 383 2025 441 2085; x_wconf 90' lang='grc' dir='ltr'>πολ</span> <span class='ocrx_word' id='word_1_133' title='bbox 458 2065 1017 2085; x_wconf 85' lang='grc'><strong>..................</strong></span> <span class='ocrx_word' id='word_1_134' title='bbox 1047 2024 1093 2080; x_wconf 81' lang='grc' dir='ltr'>τοῦ</span> <span class='ocrx_word' id='word_1_135' title='bbox 1123 2019 1220 2093; x_wconf 80' lang='grc' dir='ltr'>ἐλέους</span> <span class='ocrx_word' id='word_1_136' title='bbox 1248 2025 1295 2082; x_wconf 80' lang='grc' dir='ltr'>τοῦ</span> <span class='ocrx_word' id='word_1_137' title='bbox 1323 2025 1442 2104; x_wconf 80' lang='grc' dir='ltr'>κράτους</span> <span class='ocrx_word' id='word_1_138' title='bbox 1472 2025 1546 2082; x_wconf 82' lang='grc' dir='ltr'>αύτσύ</span> 
     </span>
     <span class='ocr_line' id='line_1_15' title="bbox 250 2139 1546 2230; baseline -0.005 -20"><span class='ocrx_word' id='word_1_139' title='bbox 250 2154 305 2210; x_wconf 89' lang='grc' dir='ltr'>τῶν</span> <span class='ocrx_word' id='word_1_140' title='bbox 336 2147 517 2224; x_wconf 88' lang='grc' dir='ltr'>δηλωθέντων</span> <span class='ocrx_word' id='word_1_141' title='bbox 548 2147 678 2221; x_wconf 88' lang='grc' dir='ltr'>μοναχῶν</span> <span class='ocrx_word' id='word_1_142' title='bbox 709 2141 767 2201; x_wconf 73' lang='grc' dir='ltr'>διὰ,</span> <span class='ocrx_word' id='word_1_143' title='bbox 782 2147 832 2216; x_wconf 87' lang='grc' dir='ltr'>τῆς</span> <span class='ocrx_word' id='word_1_144' title='bbox 863 2140 986 2215; x_wconf 79' lang='grc' dir='ltr'>δεήσεως</span> <span class='ocrx_word' id='word_1_145' title='bbox 1016 2144 1113 2222; x_wconf 85' lang='grc' dir='ltr'>αάτῶν,</span> <span class='ocrx_word' id='word_1_146' title='bbox 1144 2145 1183 2215; x_wconf 87' lang='grc' dir='ltr'>ὡς</span> <span class='ocrx_word' id='word_1_147' title='bbox 1213 2143 1257 2203; x_wconf 90' lang='grc' dir='ltr'>διὰ</span> <span class='ocrx_word' id='word_1_148' title='bbox 1283 2139 1366 2229; x_wconf 73' lang='grc' dir='ltr'>τρινος</span> <span class='ocrx_word' id='word_1_149' title='bbox 1393 2139 1546 2230; x_wconf 77' lang='grc' dir='ltr'>χ]αρὰδρας</span> 
     </span>
     <span class='ocr_line' id='line_1_16' title="bbox 251 2258 1546 2352; baseline -0.002 -24"><span class='ocrx_word' id='word_1_150' title='bbox 251 2271 324 2332; x_wconf 77' lang='grc' dir='ltr'>κατὰ</span> <span class='ocrx_word' id='word_1_151' title='bbox 349 2271 467 2348; x_wconf 85' lang='grc' dir='ltr'>πρανοῦς</span> <span class='ocrx_word' id='word_1_152' title='bbox 495 2265 618 2346; x_wconf 77' lang='grc' dir='ltr'>ῥεούσης,</span> <span class='ocrx_word' id='word_1_153' title='bbox 641 2258 880 2348; x_wconf 79' lang='grc' dir='ltr'>ἑφελκήσαμὲνυν</span> <span class='ocrx_word' id='word_1_154' title='bbox 905 2311 1460 2329; x_wconf 92' lang='grc'>..................</span> <span class='ocrx_word' id='word_1_155' title='bbox 1463 2262 1474 2352; x_wconf 86' lang='grc'>]</span> <span class='ocrx_word' id='word_1_156' title='bbox 1500 2272 1546 2342; x_wconf 79' lang='grc' dir='ltr'>τῆς</span> 
     </span>
     <span class='ocr_line' id='line_1_17' title="bbox 252 2384 1546 2470; baseline -0.005 -17"><span class='ocrx_word' id='word_1_157' title='bbox 252 2390 397 2461; x_wconf 89' lang='grc' dir='ltr'>δεκατείας</span> <span class='ocrx_word' id='word_1_158' title='bbox 419 2385 626 2470; x_wconf 88' lang='grc' dir='ltr'>χρυσόβουλλον</span> <span class='ocrx_word' id='word_1_159' title='bbox 649 2385 734 2464; x_wconf 88' lang='grc' dir='ltr'>λόγον</span> <span class='ocrx_word' id='word_1_160' title='bbox 757 2389 806 2461; x_wconf 80' lang='grc' dir='ltr'>τῆς</span> <span class='ocrx_word' id='word_1_161' title='bbox 830 2384 911 2464; x_wconf 81' lang='grc' dir='ltr'>ἁγίας</span> <span class='ocrx_word' id='word_1_162' title='bbox 934 2387 1012 2444; x_wconf 85' lang='grc' dir='ltr'>αύτού</span> <span class='ocrx_word' id='word_1_163' title='bbox 1036 2384 1191 2468; x_wconf 87' lang='grc' dir='ltr'>βασιλείας,</span> <span class='ocrx_word' id='word_1_164' title='bbox 1215 2387 1260 2446; x_wconf 85' lang='grc' dir='ltr'>τόν</span> <span class='ocrx_word' id='word_1_165' title='bbox 1283 2387 1394 2447; x_wconf 86' lang='grc' dir='ltr'>ούτωσίν</span> <span class='ocrx_word' id='word_1_166' title='bbox 1419 2387 1447 2448; x_wconf 87' lang='grc' dir='ltr'>ἐν</span> <span class='ocrx_word' id='word_1_167' title='bbox 1471 2391 1546 2468; x_wconf 84' lang='grc' dir='ltr'>μέρει</span> 
     </span>
     <span class='ocr_line' id='line_1_18' title="bbox 251 2506 1545 2593; baseline -0.005 -20"><span class='ocrx_word' id='word_1_168' title='bbox 251 2515 432 2593; x_wconf 88' lang='grc' dir='ltr'>περιέχοντα·</span> <span class='ocrx_word' id='word_1_169' title='bbox 468 2507 551 2568; x_wconf 82' lang='grc' dir='ltr'>«ἐπεὶ</span> <span class='ocrx_word' id='word_1_170' title='bbox 582 2507 613 2567; x_wconf 88' lang='grc' dir='ltr'>δὲ</span> <span class='ocrx_word' id='word_1_171' title='bbox 643 2506 668 2567; x_wconf 88' lang='grc' dir='ltr'>οί</span> <span class='ocrx_word' id='word_1_172' title='bbox 698 2506 769 2566; x_wconf 83' lang='grc' dir='ltr'>κατὰ</span> <span class='ocrx_word' id='word_1_173' title='bbox 801 2507 850 2582; x_wconf 80' lang='grc' dir='ltr'>τήν</span> <span class='ocrx_word' id='word_1_174' title='bbox 882 2507 1007 2586; x_wconf 77' lang='grc' dir='ltr'>ῥηθεῖσαν</span> <span class='ocrx_word' id='word_1_175' title='bbox 1038 2507 1188 2583; x_wconf 90' lang='grc' dir='ltr'>σεβασμίαν</span> <span class='ocrx_word' id='word_1_176' title='bbox 1220 2508 1306 2584; x_wconf 87' lang='grc' dir='ltr'>μονὴν</span> <span class='ocrx_word' id='word_1_177' title='bbox 1335 2509 1471 2592; x_wconf 69' lang='grc' dir='ltr'>ᾐτήσαντο</span> <span class='ocrx_word' id='word_1_178' title='bbox 1501 2511 1545 2584; x_wconf 74' lang='grc' dir='ltr'>τἠν</span> 
     </span>
    </p>
   </div>
   <div class='ocr_carea' id='block_1_3' title="bbox 252 2627 1546 2711">
    <p class='ocr_par' dir='ltr' id='par_1_3' title="bbox 252 2627 1546 2711">
     <span class='ocr_line' id='line_1_19' title="bbox 252 2627 1546 2711; baseline -0.003 -17"><span class='ocrx_word' id='word_1_179' title='bbox 252 2633 395 2710; x_wconf 87' lang='grc' dir='ltr'>βασιλείαν</span> <span class='ocrx_word' id='word_1_180' title='bbox 426 2655 477 2707; x_wconf 92' lang='grc' dir='ltr'>μου</span> <span class='ocrx_word' id='word_1_181' title='bbox 508 2628 732 2704; x_wconf 76' lang='grc' dir='ltr'>ἐξκουσσεύεσθαι</span> <span class='ocrx_word' id='word_1_182' title='bbox 761 2629 794 2688; x_wconf 90' lang='grc' dir='ltr'>τὰ</span> <span class='ocrx_word' id='word_1_183' title='bbox 824 2633 935 2688; x_wconf 84' lang='grc' dir='ltr'>τοιαῦτα</span> <span class='ocrx_word' id='word_1_184' title='bbox 963 2627 1048 2688; x_wconf 86' lang='grc' dir='ltr'>πλοῖα</span> <span class='ocrx_word' id='word_1_185' title='bbox 1080 2627 1127 2688; x_wconf 84' lang='grc' dir='ltr'>καὶ</span> <span class='ocrx_word' id='word_1_186' title='bbox 1159 2631 1211 2690; x_wconf 83' lang='grc' dir='ltr'>ἀπό</span> <span class='ocrx_word' id='word_1_187' title='bbox 1241 2634 1288 2691; x_wconf 87' lang='grc' dir='ltr'>τού</span> <span class='ocrx_word' id='word_1_188' title='bbox 1316 2631 1470 2711; x_wconf 89' lang='grc' dir='ltr'>κεφαλαίου</span> <span class='ocrx_word' id='word_1_189' title='bbox 1500 2639 1546 2707; x_wconf 78' lang='grc' dir='ltr'>τῆς</span> 
     </span>
    </p>
   </div>
   <div class='ocr_carea' id='block_1_4' title="bbox 252 2749 1545 2852">
    <p class='ocr_par' dir='ltr' id='par_1_4' title="bbox 252 2749 1545 2852">
     <span class='ocr_line' id='line_1_20' title="bbox 252 2749 1545 2852; baseline -0.008 -32"><span class='ocrx_word' id='word_1_190' title='bbox 252 2757 395 2828; x_wconf 87' lang='grc' dir='ltr'>δεκατείας</span> <span class='ocrx_word' id='word_1_191' title='bbox 417 2755 477 2830; x_wconf 89' lang='grc' dir='ltr'>ήτοι</span> <span class='ocrx_word' id='word_1_192' title='bbox 503 2758 550 2814; x_wconf 85' lang='grc' dir='ltr'>τοῦ</span> <span class='ocrx_word' id='word_1_193' title='bbox 576 2752 755 2834; x_wconf 88' lang='grc' dir='ltr'>κομμερκίου,</span> <span class='ocrx_word' id='word_1_194' title='bbox 778 2757 837 2852; x_wconf 72' lang='grc' dir='ltr'>πῶς</span> <span class='ocrx_word' id='word_1_195' title='bbox 860 2751 910 2811; x_wconf 85' lang='grc' dir='ltr'>οἶικ</span> <span class='ocrx_word' id='word_1_196' title='bbox 931 2753 1001 2826; x_wconf 84' lang='grc' dir='ltr'>ἁνή</span> <span class='ocrx_word' id='word_1_197' title='bbox 1025 2749 1154 2826; x_wconf 88' lang='grc' dir='ltr'>βασιλεία</span> <span class='ocrx_word' id='word_1_198' title='bbox 1177 2773 1227 2827; x_wconf 90' lang='grc' dir='ltr'>μου</span> <span class='ocrx_word' id='word_1_199' title='bbox 1250 2753 1299 2829; x_wconf 89' lang='grc' dir='ltr'>τὴν</span> <span class='ocrx_word' id='word_1_200' title='bbox 1323 2753 1427 2830; x_wconf 81' lang='grc' dir='ltr'>αἴτησιν</span> <span class='ocrx_word' id='word_1_201' title='bbox 1449 2754 1545 2813; x_wconf 88' lang='grc' dir='ltr'>τούτων</span> 
     </span>
    </p>
   </div>
   <div class='ocr_carea' id='block_1_5' title="bbox 248 2869 1545 4664">
    <p class='ocr_par' dir='ltr' id='par_1_5' title="bbox 248 2869 1545 4664">
     <span class='ocr_line' id='line_1_21' title="bbox 250 2869 1545 2960; baseline -0.006 -20"><span class='ocrx_word' id='word_1_202' title='bbox 250 2875 448 2960; x_wconf 76' lang='grc' dir='ltr'>προσεδέξατο,</span> <span class='ocrx_word' id='word_1_203' title='bbox 475 2873 555 2936; x_wconf 82' lang='grc' dir='ltr'>«ἀντὶ</span> <span class='ocrx_word' id='word_1_204' title='bbox 575 2875 629 2955; x_wconf 82' lang='grc' dir='ltr'>γὰρ</span> <span class='ocrx_word' id='word_1_205' title='bbox 651 2879 705 2934; x_wconf 90' lang='grc' dir='ltr'>τῶν</span> <span class='ocrx_word' id='word_1_206' title='bbox 727 2875 851 2954; x_wconf 87' lang='grc' dir='ltr'>πατέρων</span> <span class='ocrx_word' id='word_1_207' title='bbox 875 2874 1057 2952; x_wconf 84' lang='grc' dir='ltr'>ἐγεννήθησαν</span> <span class='ocrx_word' id='word_1_208' title='bbox 1081 2871 1160 2935; x_wconf 75' lang='grc' dir='ltr'>υἱοί.»</span> <span class='ocrx_word' id='word_1_209' title='bbox 1188 2869 1268 2954; x_wconf 75' lang='grc' dir='ltr'>ἐφ’ἀρ</span> <span class='ocrx_word' id='word_1_210' title='bbox 1290 2872 1337 2934; x_wconf 83' lang='grc' dir='ltr'>καί</span> <span class='ocrx_word' id='word_1_211' title='bbox 1360 2877 1427 2953; x_wconf 81' lang='grc' dir='ltr'>ὅπερ</span> <span class='ocrx_word' id='word_1_212' title='bbox 1449 2876 1464 2934; x_wconf 91' lang='grc' dir='ltr'>ό</span> <span class='ocrx_word' id='word_1_213' title='bbox 1489 2875 1545 2934; x_wconf 89' lang='grc' dir='ltr'>ἀσί-</span> 
     </span>
     <span class='ocr_line' id='line_1_22' title="bbox 251 2993 1544 3076; baseline -0.004 -14"><span class='ocrx_word' id='word_1_214' title='bbox 251 3001 329 3076; x_wconf 88' lang='grc' dir='ltr'>διμος</span> <span class='ocrx_word' id='word_1_215' title='bbox 354 3001 458 3072; x_wconf 87' lang='grc' dir='ltr'>ἐκεῖνος</span> <span class='ocrx_word' id='word_1_216' title='bbox 485 2997 616 3074; x_wconf 77' lang='grc' dir='ltr'>βασιλεὺς</span> <span class='ocrx_word' id='word_1_217' title='bbox 645 2993 692 3055; x_wconf 89' lang='grc' dir='ltr'>καὶ</span> <span class='ocrx_word' id='word_1_218' title='bbox 713 2998 876 3075; x_wconf 74' lang='grc' dir='ltr'>πρόπαππος</span> <span class='ocrx_word' id='word_1_219' title='bbox 902 3000 951 3070; x_wconf 78' lang='grc' dir='ltr'>τῆς</span> <span class='ocrx_word' id='word_1_220' title='bbox 974 2993 1118 3070; x_wconf 88' lang='grc' dir='ltr'>βασιλείας</span> <span class='ocrx_word' id='word_1_221' title='bbox 1141 3015 1193 3070; x_wconf 85' lang='grc' dir='ltr'>μου</span> <span class='ocrx_word' id='word_1_222' title='bbox 1221 2995 1323 3073; x_wconf 82' lang='grc' dir='ltr'>ἀφῆκεν</span> <span class='ocrx_word' id='word_1_223' title='bbox 1348 2995 1544 3076; x_wconf 83' lang='grc' dir='ltr'>ἁτέλεστον,ή</span> 
     </span>
     <span class='ocr_line' id='line_1_23' title="bbox 251 3114 1545 3200; baseline -0.004 -17"><span class='ocrx_word' id='word_1_224' title='bbox 251 3123 380 3200; x_wconf 88' lang='grc' dir='ltr'>βασιλεία</span> <span class='ocrx_word' id='word_1_225' title='bbox 403 3140 454 3198; x_wconf 90' lang='grc' dir='ltr'>μου</span> <span class='ocrx_word' id='word_1_226' title='bbox 476 3120 543 3199; x_wconf 82' lang='grc' dir='ltr'>πρός</span> <span class='ocrx_word' id='word_1_227' title='bbox 575 3119 662 3197; x_wconf 91' lang='grc' dir='ltr'>πέρας</span> <span class='ocrx_word' id='word_1_228' title='bbox 693 3117 754 3196; x_wconf 86' lang='grc' dir='ltr'>ἀγει</span> <span class='ocrx_word' id='word_1_229' title='bbox 784 3114 831 3176; x_wconf 89' lang='grc' dir='ltr'>καὶ</span> <span class='ocrx_word' id='word_1_230' title='bbox 860 3116 977 3176; x_wconf 87' lang='grc' dir='ltr'>τελειοῖ·</span> <span class='ocrx_word' id='word_1_231' title='bbox 1013 3115 1156 3196; x_wconf 83' lang='grc' dir='ltr'>διορίζεται</span> <span class='ocrx_word' id='word_1_232' title='bbox 1186 3117 1241 3198; x_wconf 85' lang='grc' dir='ltr'>γὰρ</span> <span class='ocrx_word' id='word_1_233' title='bbox 1271 3116 1315 3176; x_wconf 89' lang='grc' dir='ltr'>διά</span> <span class='ocrx_word' id='word_1_234' title='bbox 1341 3120 1388 3180; x_wconf 85' lang='grc' dir='ltr'>τοῦ</span> <span class='ocrx_word' id='word_1_235' title='bbox 1414 3121 1545 3199; x_wconf 80' lang='grc' dir='ltr'>παρέντος</span> 
     </span>
     <span class='ocr_line' id='line_1_24' title="bbox 249 3235 1543 3327; baseline -0.004 -22"><span class='ocrx_word' id='word_1_236' title='bbox 249 3243 458 3327; x_wconf 83' lang='grc' dir='ltr'>χρυσοβούλλου</span> <span class='ocrx_word' id='word_1_237' title='bbox 478 3235 587 3327; x_wconf 80' lang='grc' dir='ltr'>[λύγου]</span> <span class='ocrx_word' id='word_1_238' title='bbox 608 3241 682 3317; x_wconf 85' lang='grc' dir='ltr'>ἐχειν</span> <span class='ocrx_word' id='word_1_239' title='bbox 706 3238 757 3314; x_wconf 83' lang='grc' dir='ltr'>μέν</span> <span class='ocrx_word' id='word_1_240' title='bbox 779 3237 813 3296; x_wconf 91' lang='grc' dir='ltr'>τά</span> <span class='ocrx_word' id='word_1_241' title='bbox 835 3237 968 3318; x_wconf 78' lang='grc' dir='ltr'>προσόντα</span> <span class='ocrx_word' id='word_1_242' title='bbox 989 3243 1022 3320; x_wconf 73' lang='grc' dir='ltr'>τῇ</span> <span class='ocrx_word' id='word_1_243' title='bbox 1046 3235 1225 3321; x_wconf 79' lang='grc' dir='ltr'>διαληφθείσρ</span> <span class='ocrx_word' id='word_1_244' title='bbox 1249 3245 1319 3322; x_wconf 83' lang='grc' dir='ltr'>μονῇ</span> <span class='ocrx_word' id='word_1_245' title='bbox 1341 3241 1543 3321; x_wconf 82' lang='grc' dir='ltr'>χρυσόβονλλοι,</span> 
     </span>
     <span class='ocr_line' id='line_1_25' title="bbox 251 3357 1544 3444; baseline -0.006 -16"><span class='ocrx_word' id='word_1_246' title='bbox 251 3370 290 3440; x_wconf 87' lang='grc' dir='ltr'>ὡς</span> <span class='ocrx_word' id='word_1_247' title='bbox 313 3365 479 3444; x_wconf 88' lang='grc' dir='ltr'>δεδήλωται,</span> <span class='ocrx_word' id='word_1_248' title='bbox 506 3365 537 3423; x_wconf 87' lang='grc' dir='ltr'>τδ</span> <span class='ocrx_word' id='word_1_249' title='bbox 561 3359 796 3442; x_wconf 62' lang='grc' dir='ltr'>ἀπαρεγχείρητον</span> <span class='ocrx_word' id='word_1_250' title='bbox 822 3357 870 3419; x_wconf 82' lang='grc' dir='ltr'>καὶ</span> <span class='ocrx_word' id='word_1_251' title='bbox 893 3359 1123 3441; x_wconf 84' lang='grc' dir='ltr'>ἁπαράθραυστον,</span> <span class='ocrx_word' id='word_1_252' title='bbox 1146 3358 1194 3420; x_wconf 87' lang='grc' dir='ltr'>καὶ</span> <span class='ocrx_word' id='word_1_253' title='bbox 1217 3361 1255 3436; x_wconf 86' lang='grc' dir='ltr'>μὴ</span> <span class='ocrx_word' id='word_1_254' title='bbox 1278 3361 1385 3437; x_wconf 80' lang='grc' dir='ltr'>τολμᾶν</span> <span class='ocrx_word' id='word_1_255' title='bbox 1412 3383 1472 3422; x_wconf 87' lang='grc' dir='ltr'>τινα</span> <span class='ocrx_word' id='word_1_256' title='bbox 1494 3369 1544 3423; x_wconf 89' lang='grc' dir='ltr'>τῶν</span> 
     </span>
     <span class='ocr_line' id='line_1_26' title="bbox 251 3481 1543 3567; baseline -0.007 -17"><span class='ocrx_word' id='word_1_257' title='bbox 251 3487 423 3567; x_wconf 89' lang='grc' dir='ltr'>δημοσιακὰς</span> <span class='ocrx_word' id='word_1_258' title='bbox 456 3485 637 3565; x_wconf 87' lang='grc' dir='ltr'>ἐνεργούντων</span> <span class='ocrx_word' id='word_1_259' title='bbox 671 3481 799 3554; x_wconf 90' lang='grc' dir='ltr'>δουλείας</span> <span class='ocrx_word' id='word_1_260' title='bbox 828 3485 846 3557; x_wconf 85' lang='grc' dir='ltr'>ή</span> <span class='ocrx_word' id='word_1_261' title='bbox 881 3481 958 3541; x_wconf 81' lang='grc' dir='ltr'>αύτδν</span> <span class='ocrx_word' id='word_1_262' title='bbox 991 3483 1036 3541; x_wconf 82' lang='grc' dir='ltr'>τόν</span> <span class='ocrx_word' id='word_1_263' title='bbox 1067 3481 1138 3541; x_wconf 88' lang='grc' dir='ltr'>κατά</span> <span class='ocrx_word' id='word_1_264' title='bbox 1166 3481 1277 3564; x_wconf 81' lang='grc' dir='ltr'>καιρούς</span> <span class='ocrx_word' id='word_1_265' title='bbox 1305 3484 1543 3565; x_wconf 86' lang='grc' dir='ltr'>παραθαλασσίτην</span> 
     </span>
     <span class='ocr_line' id='line_1_27' title="bbox 249 3602 1543 3692; baseline -0.005 -20"><span class='ocrx_word' id='word_1_266' title='bbox 249 3610 391 3692; x_wconf 82' lang='grc' dir='ltr'>πειρᾶσθαι</span> <span class='ocrx_word' id='word_1_267' title='bbox 422 3611 542 3687; x_wconf 85' lang='grc' dir='ltr'>μερικῶς</span> <span class='ocrx_word' id='word_1_268' title='bbox 567 3609 586 3681; x_wconf 88' lang='grc' dir='ltr'>ή</span> <span class='ocrx_word' id='word_1_269' title='bbox 615 3605 736 3664; x_wconf 82' lang='grc' dir='ltr'>καθόλου</span> <span class='ocrx_word' id='word_1_270' title='bbox 764 3603 966 3685; x_wconf 84' lang='grc' dir='ltr'>ἐπηρεαστικῶς</span> <span class='ocrx_word' id='word_1_271' title='bbox 993 3602 1098 3662; x_wconf 83' lang='grc' dir='ltr'>ἀθετεῖν</span> <span class='ocrx_word' id='word_1_272' title='bbox 1120 3623 1146 3662; x_wconf 90' lang='grc' dir='ltr'>τι</span> <span class='ocrx_word' id='word_1_273' title='bbox 1171 3607 1189 3678; x_wconf 85' lang='grc' dir='ltr'>ή</span> <span class='ocrx_word' id='word_1_274' title='bbox 1220 3603 1379 3684; x_wconf 84' lang='grc' dir='ltr'>ἀνατρέπειν</span> <span class='ocrx_word' id='word_1_275' title='bbox 1408 3613 1462 3666; x_wconf 88' lang='grc' dir='ltr'>τῶν</span> <span class='ocrx_word' id='word_1_276' title='bbox 1494 3607 1543 3682; x_wconf 90' lang='grc' dir='ltr'>ἐμ-</span> 
     </span>
     <span class='ocr_line' id='line_1_28' title="bbox 249 3725 1543 3813; baseline -0.005 -20"><span class='ocrx_word' id='word_1_277' title='bbox 249 3732 488 3813; x_wconf 86' lang='grc' dir='ltr'>περιειλημμένων</span> <span class='ocrx_word' id='word_1_278' title='bbox 513 3729 611 3807; x_wconf 85' lang='grc' dir='ltr'>αύτοῐς,</span> <span class='ocrx_word' id='word_1_279' title='bbox 635 3728 673 3800; x_wconf 87' lang='grc' dir='ltr'>ὡς</span> <span class='ocrx_word' id='word_1_280' title='bbox 689 3725 852 3806; x_wconf 73' lang='grc' dir='ltr'>ὀφειλόντων</span> <span class='ocrx_word' id='word_1_281' title='bbox 872 3725 1038 3805; x_wconf 80' lang='grc' dir='ltr'>λογίζεσθαι,</span> <span class='ocrx_word' id='word_1_282' title='bbox 1062 3727 1101 3797; x_wconf 86' lang='grc' dir='ltr'>ὡς</span> <span class='ocrx_word' id='word_1_283' title='bbox 1124 3725 1149 3784; x_wconf 88' lang='grc' dir='ltr'>εί</span> <span class='ocrx_word' id='word_1_284' title='bbox 1167 3729 1212 3784; x_wconf 88' lang='grc' dir='ltr'>νύν</span> <span class='ocrx_word' id='word_1_285' title='bbox 1234 3725 1309 3802; x_wconf 87' lang='grc' dir='ltr'>παρόι</span> <span class='ocrx_word' id='word_1_286' title='bbox 1331 3732 1380 3802; x_wconf 83' lang='grc' dir='ltr'>τῆς</span> <span class='ocrx_word' id='word_1_287' title='bbox 1403 3726 1543 3800; x_wconf 87' lang='grc' dir='ltr'>βασιλείας</span> 
     </span>
     <span class='ocr_line' id='line_1_29' title="bbox 251 3844 1543 3932; baseline -0.007 -17"><span class='ocrx_word' id='word_1_288' title='bbox 251 3876 302 3932; x_wconf 88' lang='grc' dir='ltr'>μου</span> <span class='ocrx_word' id='word_1_289' title='bbox 337 3853 525 3931; x_wconf 82' lang='grc' dir='ltr'>ἐγεγόνεισαν,</span> <span class='ocrx_word' id='word_1_290' title='bbox 561 3846 782 3922; x_wconf 85' lang='grc' dir='ltr'>ἐξκουοσεύεσθαι</span> <span class='ocrx_word' id='word_1_291' title='bbox 815 3845 845 3906; x_wconf 86' lang='grc' dir='ltr'>δὲ</span> <span class='ocrx_word' id='word_1_292' title='bbox 872 3849 918 3906; x_wconf 84' lang='grc' dir='ltr'>σύν</span> <span class='ocrx_word' id='word_1_293' title='bbox 945 3848 1047 3919; x_wconf 85' lang='grc' dir='ltr'>τούτοις</span> <span class='ocrx_word' id='word_1_294' title='bbox 1079 3844 1128 3906; x_wconf 85' lang='grc' dir='ltr'>καὶ</span> <span class='ocrx_word' id='word_1_295' title='bbox 1155 3849 1186 3907; x_wconf 87' lang='grc' dir='ltr'>τδ</span> <span class='ocrx_word' id='word_1_296' title='bbox 1215 3853 1265 3924; x_wconf 78' lang='grc' dir='ltr'>τῆς</span> <span class='ocrx_word' id='word_1_297' title='bbox 1299 3848 1443 3920; x_wconf 87' lang='grc' dir='ltr'>δεκατείας</span> <span class='ocrx_word' id='word_1_298' title='bbox 1478 3849 1543 3908; x_wconf 84' lang='grc' dir='ltr'>ἁπαν</span> 
     </span>
     <span class='ocr_line' id='line_1_30' title="bbox 249 3967 1542 4057; baseline -0.007 -20"><span class='ocrx_word' id='word_1_299' title='bbox 249 3977 400 4057; x_wconf 80' lang='grc' dir='ltr'>κεφάλαιον</span> <span class='ocrx_word' id='word_1_300' title='bbox 430 3974 484 4034; x_wconf 86' lang='grc' dir='ltr'>ἀπό</span> <span class='ocrx_word' id='word_1_301' title='bbox 509 3995 540 4033; x_wconf 89' lang='grc' dir='ltr'>τε</span> <span class='ocrx_word' id='word_1_302' title='bbox 567 3978 620 4032; x_wconf 90' lang='grc' dir='ltr'>τῶν</span> <span class='ocrx_word' id='word_1_303' title='bbox 648 3970 771 4052; x_wconf 87' lang='grc' dir='ltr'>οἰναρίων</span> <span class='ocrx_word' id='word_1_304' title='bbox 801 3968 847 4030; x_wconf 86' lang='grc' dir='ltr'>καὶ</span> <span class='ocrx_word' id='word_1_305' title='bbox 877 3971 977 4040; x_wconf 83' lang='grc' dir='ltr'>παντός</span> <span class='ocrx_word' id='word_1_306' title='bbox 1007 3971 1098 4049; x_wconf 85' lang='grc' dir='ltr'>ἑτέρου</span> <span class='ocrx_word' id='word_1_307' title='bbox 1130 3967 1219 4041; x_wconf 84' lang='grc' dir='ltr'>εὶδους</span> <span class='ocrx_word' id='word_1_308' title='bbox 1248 3967 1295 4029; x_wconf 87' lang='grc' dir='ltr'>καὶ</span> <span class='ocrx_word' id='word_1_309' title='bbox 1324 3973 1487 4050; x_wconf 82' lang='grc' dir='ltr'>πράγματος</span> <span class='ocrx_word' id='word_1_310' title='bbox 1512 3971 1542 4030; x_wconf 81' lang='grc' dir='ltr'>τό</span> 
     </span>
     <span class='ocr_line' id='line_1_31' title="bbox 251 4087 1543 4176; baseline -0.004 -21"><span class='ocrx_word' id='word_1_311' title='bbox 251 4097 413 4175; x_wconf 89' lang='grc' dir='ltr'>δηλωθέντα</span> <span class='ocrx_word' id='word_1_312' title='bbox 440 4096 580 4176; x_wconf 80' lang='grc' dir='ltr'>πλοιάρια,</span> <span class='ocrx_word' id='word_1_313' title='bbox 607 4091 654 4154; x_wconf 87' lang='grc' dir='ltr'>καὶ</span> <span class='ocrx_word' id='word_1_314' title='bbox 678 4094 707 4153; x_wconf 86' lang='grc' dir='ltr'>έν</span> <span class='ocrx_word' id='word_1_315' title='bbox 730 4097 763 4174; x_wconf 72' lang='grc' dir='ltr'>τῇ</span> <span class='ocrx_word' id='word_1_316' title='bbox 786 4093 928 4170; x_wconf 87' lang='grc' dir='ltr'>θεοσῶοτῳ</span> <span class='ocrx_word' id='word_1_317' title='bbox 951 4091 1236 4151; x_wconf 88' lang='grc' dir='ltr'>Κωνοταντινουπόλει</span> <span class='ocrx_word' id='word_1_318' title='bbox 1263 4087 1336 4164; x_wconf 82' lang='grc' dir='ltr'>ἁπαξ</span> <span class='ocrx_word' id='word_1_319' title='bbox 1358 4095 1405 4152; x_wconf 86' lang='grc' dir='ltr'>τού</span> <span class='ocrx_word' id='word_1_320' title='bbox 1428 4093 1543 4152; x_wconf 75' lang='grc' dir='ltr'>ἐνιαυτοῦ</span> 
     </span>
     <span class='ocr_line' id='line_1_32' title="bbox 250 4211 1542 4300; baseline -0.006 -20"><span class='ocrx_word' id='word_1_321' title='bbox 250 4219 426 4300; x_wconf 88' lang='grc' dir='ltr'>καταίροντα,</span> <span class='ocrx_word' id='word_1_322' title='bbox 449 4219 487 4290; x_wconf 86' lang='grc' dir='ltr'>ὡς</span> <span class='ocrx_word' id='word_1_323' title='bbox 509 4215 655 4296; x_wconf 85' lang='grc' dir='ltr'>όφειλοντα</span> <span class='ocrx_word' id='word_1_324' title='bbox 682 4213 812 4292; x_wconf 87' lang='grc' dir='ltr'>δέχεσθαι</span> <span class='ocrx_word' id='word_1_325' title='bbox 837 4211 884 4272; x_wconf 86' lang='grc' dir='ltr'>καὶ</span> <span class='ocrx_word' id='word_1_326' title='bbox 905 4213 940 4271; x_wconf 89' lang='grc' dir='ltr'>τὰ</span> <span class='ocrx_word' id='word_1_327' title='bbox 961 4211 999 4292; x_wconf 80' lang='grc' dir='ltr'>τῷ</span> <span class='ocrx_word' id='word_1_328' title='bbox 1021 4213 1132 4292; x_wconf 89' lang='grc' dir='ltr'>τοιούτῳ</span> <span class='ocrx_word' id='word_1_329' title='bbox 1158 4212 1301 4292; x_wconf 83' lang='grc' dir='ltr'>κεφαλαίῳ</span> <span class='ocrx_word' id='word_1_330' title='bbox 1326 4219 1377 4290; x_wconf 82' lang='grc' dir='ltr'>τῆς</span> <span class='ocrx_word' id='word_1_331' title='bbox 1404 4213 1542 4284; x_wconf 85' lang='grc' dir='ltr'>δεκατείας</span> 
     </span>
     <span class='ocr_line' id='line_1_33' title="bbox 250 4331 1542 4422; baseline -0.005 -19"><span class='ocrx_word' id='word_1_332' title='bbox 250 4343 395 4422; x_wconf 87' lang='grc' dir='ltr'>ἀνήκοντα,</span> <span class='ocrx_word' id='word_1_333' title='bbox 428 4335 475 4400; x_wconf 82' lang='grc' dir='ltr'>καὶ</span> <span class='ocrx_word' id='word_1_334' title='bbox 506 4341 561 4411; x_wconf 79' lang='grc' dir='ltr'>τοῖς</span> <span class='ocrx_word' id='word_1_335' title='bbox 592 4337 663 4398; x_wconf 91' lang='grc' dir='ltr'>κατὰ</span> <span class='ocrx_word' id='word_1_336' title='bbox 696 4335 808 4416; x_wconf 82' lang='grc' dir='ltr'>καιρούς</span> <span class='ocrx_word' id='word_1_337' title='bbox 839 4335 974 4415; x_wconf 80' lang='grc' dir='ltr'>ἐνεργοῦσι</span> <span class='ocrx_word' id='word_1_338' title='bbox 1004 4335 1053 4407; x_wconf 84' lang='grc' dir='ltr'>τὰς</span> <span class='ocrx_word' id='word_1_339' title='bbox 1083 4340 1133 4412; x_wconf 81' lang='grc' dir='ltr'>τής</span> <span class='ocrx_word' id='word_1_340' title='bbox 1164 4333 1306 4410; x_wconf 81' lang='grc' dir='ltr'>θαλάσσης</span> <span class='ocrx_word' id='word_1_341' title='bbox 1340 4331 1480 4419; x_wconf 88' lang='grc' dir='ltr'>δουλείας,</span> <span class='ocrx_word' id='word_1_342' title='bbox 1512 4341 1542 4416; x_wconf 75' lang='grc' dir='ltr'>τῇ</span> 
     </span>
     <span class='ocr_line' id='line_1_34' title="bbox 250 4455 1542 4544; baseline -0.006 -20"><span class='ocrx_word' id='word_1_343' title='bbox 250 4461 389 4544; x_wconf 87' lang='grc' dir='ltr'>έμφανίσει</span> <span class='ocrx_word' id='word_1_344' title='bbox 419 4460 466 4522; x_wconf 87' lang='grc' dir='ltr'>καὶ</span> <span class='ocrx_word' id='word_1_345' title='bbox 494 4463 563 4544; x_wconf 83' lang='grc' dir='ltr'>μόνη</span> <span class='ocrx_word' id='word_1_346' title='bbox 590 4465 644 4520; x_wconf 88' lang='grc' dir='ltr'>τῶν</span> <span class='ocrx_word' id='word_1_347' title='bbox 672 4459 836 4535; x_wconf 86' lang='grc' dir='ltr'>μελλουσῶν</span> <span class='ocrx_word' id='word_1_348' title='bbox 864 4457 1019 4538; x_wconf 86' lang='grc' dir='ltr'>προβαίνειν</span> <span class='ocrx_word' id='word_1_349' title='bbox 1049 4459 1263 4532; x_wconf 77' lang='grc' dir='ltr'>πεπιττωμένων</span> <span class='ocrx_word' id='word_1_350' title='bbox 1294 4455 1463 4531; x_wconf 86' lang='grc' dir='ltr'>ἀποδείξεων</span> <span class='ocrx_word' id='word_1_351' title='bbox 1492 4459 1542 4518; x_wconf 80' lang='grc' dir='ltr'>ἀπό</span> 
     </span>
     <span class='ocr_line' id='line_1_35' title="bbox 248 4577 1542 4664; baseline -0.005 -18"><span class='ocrx_word' id='word_1_352' title='bbox 248 4590 294 4646; x_wconf 87' lang='grc' dir='ltr'>τού</span> <span class='ocrx_word' id='word_1_353' title='bbox 322 4587 421 4664; x_wconf 88' lang='grc' dir='ltr'>μέρους</span> <span class='ocrx_word' id='word_1_354' title='bbox 448 4591 498 4659; x_wconf 74' lang='grc' dir='ltr'>τῆς</span> <span class='ocrx_word' id='word_1_355' title='bbox 530 4581 670 4651; x_wconf 84' lang='grc' dir='ltr'>πολλάκις</span> <span class='ocrx_word' id='word_1_356' title='bbox 705 4579 900 4658; x_wconf 87' lang='grc' dir='ltr'>διαληφθείσης</span> <span class='ocrx_word' id='word_1_357' title='bbox 934 4579 1085 4656; x_wconf 88' lang='grc' dir='ltr'>σεβασμίας</span> <span class='ocrx_word' id='word_1_358' title='bbox 1115 4584 1211 4658; x_wconf 83' lang='grc' dir='ltr'>μονῆς,</span> <span class='ocrx_word' id='word_1_359' title='bbox 1246 4577 1301 4640; x_wconf 84' lang='grc' dir='ltr'>εἴτε</span> <span class='ocrx_word' id='word_1_360' title='bbox 1333 4578 1377 4640; x_wconf 88' lang='grc' dir='ltr'>ἐπὶ</span> <span class='ocrx_word' id='word_1_361' title='bbox 1402 4583 1542 4654; x_wconf 79' lang='grc' dir='ltr'>πάκτονή</span> 
     </span>
    </p>
   </div>
   <div class='ocr_carea' id='block_1_6' title="bbox 248 4696 1542 4785">
    <p class='ocr_par' dir='ltr' id='par_1_6' title="bbox 248 4696 1542 4785">
     <span class='ocr_line' id='line_1_36' title="bbox 248 4696 1542 4785; baseline -0.005 -19"><span class='ocrx_word' id='word_1_362' title='bbox 248 4704 295 4767; x_wconf 86' lang='grc' dir='ltr'>καὶ</span> <span class='ocrx_word' id='word_1_363' title='bbox 326 4703 365 4776; x_wconf 84' lang='grc' dir='ltr'>εἰς</span> <span class='ocrx_word' id='word_1_364' title='bbox 394 4706 425 4764; x_wconf 84' lang='grc' dir='ltr'>τό</span> <span class='ocrx_word' id='word_1_365' title='bbox 455 4705 548 4763; x_wconf 77' lang='grc' dir='ltr'>πιστόν</span> <span class='ocrx_word' id='word_1_366' title='bbox 579 4703 733 4784; x_wconf 83' lang='grc' dir='ltr'>ἑνεργούσι“</span> <span class='ocrx_word' id='word_1_367' title='bbox 767 4699 832 4761; x_wconf 81' lang='grc' dir='ltr'>«καὶ</span> <span class='ocrx_word' id='word_1_368' title='bbox 864 4696 946 4785; x_wconf 74' lang='grc' dir='ltr'>έρπεὶ]</span> <span class='ocrx_word' id='word_1_369' title='bbox 973 4701 1070 4776; x_wconf 85' lang='grc' dir='ltr'>ἐδέησε</span> <span class='ocrx_word' id='word_1_370' title='bbox 1100 4699 1139 4780; x_wconf 85' lang='grc' dir='ltr'>τῷ</span> <span class='ocrx_word' id='word_1_371' title='bbox 1167 4702 1244 4781; x_wconf 90' lang='grc' dir='ltr'>μέρει</span> <span class='ocrx_word' id='word_1_372' title='bbox 1270 4707 1320 4779; x_wconf 76' lang='grc' dir='ltr'>τῆς</span> <span class='ocrx_word' id='word_1_373' title='bbox 1348 4701 1429 4778; x_wconf 76' lang='grc' dir='ltr'>αθτῆς</span> <span class='ocrx_word' id='word_1_374' title='bbox 1459 4709 1542 4778; x_wconf 79' lang='grc' dir='ltr'>μονῆς</span> 
     </span>
    </p>
   </div>
   <div class='ocr_carea' id='block_1_7' title="bbox 0 0 1596 5288">
    <p class='ocr_par' dir='ltr' id='par_1_7' title="bbox 0 0 1596 5288">
     <span class='ocr_line' id='line_1_37' title="bbox 0 0 1596 5288; baseline 0 1"><span class='ocrx_word' id='word_1_375' title='bbox 0 0 1596 5288; x_wconf 95' lang='lat' dir='ltr'> </span> 
     </span>
    </p>
   </div>
  </div>
 </body>
</html>
