3184 5288
1259 403 1317 467 161

46 593 178 672 ἀμρότεροι
201 593 265 666 τσίις
286 593 390 670 τιμίους
411 593 459 654 καί
482 593 629 667 ζωοποιοθς
650 595 778 674 σταυροὺς
801 593 954 676 ίδιοχείρως
980 592 1165 676 προτάξαντες
1186 597 1216 657 τδ
1238 597 1324 676 παρόν

43 718 173 794 τρπηριον
202 716 283 790 ἡμῶν
316 717 499 796 ἑνυπόγραρον
532 711 691 802 έγγ[ραρον]
723 718 853 792 τιθέμεθα
880 715 927 778 καί
957 720 1087 793 ποιοῦμεν
1118 712 1246 788 ἑκουσίως
1276 717 1322 778 καί

43 837 251 914 ἀμεταμελήτιυς
287 833 357 914 μετὰ
392 837 564 917 διασκέψεως
599 839 794 920 πολλυμεροῦς
824 837 871 899 καί
905 839 1049 916 ἀποδοχῆς
1076 839 1207 918 μεγίστης
1238 839 1325 920 χωρίς

43 958 121 1038 δόλου,
147 961 257 1040 τρόποιν,
279 958 398 1042 πλάνης,
427 961 542 1040 ἀπάτης,
571 961 727 1034 δελεαομοῦ
753 961 799 1022 καὶ
822 961 926 1022 λοιπῶν
950 959 1041 1021 αίτίων
1068 966 1123 1022 τῶν
1147 963 1204 1033 τοῖς
1230 962 1325 1037 νόμοις

43 1076 259 1160 ἀπηγορευμένων
289 1083 356 1162 πρός
386 1083 417 1142 σὲ
447 1085 492 1142 τ’σν
525 1080 783 1162 μεγαλοδοξότατον
813 1081 1056 1164 πρωτσβεστιάριον
1086 1087 1160 1164 κῖριν
1187 1083 1325 1163 Γεώργιον

41 1205 77 1259 τὀν
101 1201 246 1281 θῦνοῦχον,
276 1203 321 1264 διά
346 1209 394 1264 σοῦ
421 1203 468 1264 καί
494 1206 562 1286 πρός
590 1207 660 1264 άπαν
687 1207 717 1266 τό
745 1205 799 1264 ἀπδ
827 1209 874 1266 σοῦ
896 1203 1032 1266 ἀπολυθὲν
1059 1205 1205 1284 πρόσωπόν
1225 1225 1255 1265 τε
1277 1203 1324 1265 καί

41 1327 121 1404 μέρος,
142 1325 238 1398 καθώς
267 1326 442 1406 παρακατιὼν
465 1327 480 1386 ό
502 1325 590 1406 λόγος
613 1326 746 1404 δηλώσει·
775 1325 897 1406 καὶγὰρ
920 1327 950 1386 τό
972 1325 1120 1406 χωράριον,
1148 1329 1178 1388 τό
1201 1327 1234 1388 ἐκ
1254 1347 1324 1388 πεν-

41 1447 136 1524 θεροιῆς
156 1448 237 1522 ἡμῶν
260 1447 307 1506 καί
328 1447 517 1530 κληρονομίας
539 1448 681 1529 ὑπάρξεως
709 1450 870 1526 κεκτήμεθα
900 1449 953 1508 ἀπδ
979 1451 1026 1508 τοῦ
1055 1449 1217 1528 προπάππου
1243 1450 1323 1526 ἡμῶν

41 1567 130 1628 ἐκείνου
161 1615 335 1632 ......
363 1575 409 1630 τοῦ
444 1593 487 1632 κοι
500 1575 562 1648 (sic)
578 1576 624 1631 νοῦ
652 1572 860 1650 Κοντοποόλου,
891 1573 921 1631 τ“ο
948 1573 978 1630 δν
1012 1571 1060 1631 καί
1094 1570 1267 1647 διακείμενον
1295 1572 1324 1632 ἐν

40 1699 64 1770 η
84 1697 199 1772 περιοχῇ
220 1695 268 1750 τοῦ
290 1691 406 1752 Κανοπσῖ
427 1691 474 1752 καί
496 1693 666 1768 πλησιαστάς
689 1695 802 1771 ἔχοντος
825 1694 855 1753 ἐν
878 1692 929 1768 μὲν
951 1693 982 1752 τό
1005 1693 1110 1754 δυτικδν
1130 1695 1215 1774 μέρος
1229 1693 1249 1751 Γ
1250 1694 1324 1772 εώρ-

40 1832 87 1888 γιον
107 1813 152 1870 τον
174 1811 305 1888 Χατζοίνη
332 1813 378 1873 καί
406 1813 496 1894 βόριον
525 1817 609 1896 μέρος
636 1819 681 1876 τοῦ
705 1815 883 1876 Κοντοπόλου
911 1813 1014 1874 ἐκείνου
1041 1818 1122 1894 κυροῦ
1143 1814 1252 1892 Νικήτα
1278 1813 1325 1874 καί

39 1935 120 1992 νώτιον
147 1936 234 2014 μέρος
257 1936 369 2013 ἔχοντος
401 1937 487 2016 ἀζηρα
517 1939 547 1996 τό
576 1939 738 2012 μονοπάτιον
765 1941 811 1996 τοῦ
838 1937 966 2016 Κανοποῖ,
996 1937 1117 2014 ὑπάρχον
1146 1957 1179 2018 τη
1207 1937 1323 2016 χωνρέσι

41 2055 128 2127 μοδίων
152 2056 225 2116 σίτου
249 2055 333 2116 εἴκοσι
356 2055 402 2116 καί
426 2057 482 2137 δῦο,
507 2059 568 2118 όσον
592 2061 624 2118 ἀν
652 2057 698 2118 καί
726 2058 807 2138 ἐστίν,
831 2056 871 2130 είς
893 2057 1046 2134 νομίσματα
1069 2057 1219 2138 τρικέραλα
1242 2079 1322 2118 καιν-

41 2179 120 2256 οῦργια
147 2179 263 2252 ἕνδεκα,
292 2181 310 2238 ἀ
339 2178 387 2239 καί
414 2179 554 2255 ἐλάβομεν
581 2185 665 2240 ταῦτα
692 2181 725 2240 ἐκ
750 2185 804 2240 τών
834 2185 936 2260 χειρῶν
964 2201 1019 2258 σου,
1051 2178 1098 2240 καί
1125 2179 1241 2252 τελείως
1272 2179 1322 2240 ἐκ·

40 2299 172 2380 πληρωθὲν
201 2302 233 2360 τό
260 2301 327 2360 όλον
353 2301 459 2378 τίμημα
487 2303 577 2382 αὺτοῦ,
604 2300 652 2362 καί
679 2301 728 2362 οθκ
757 2303 859 2380 ἔχομεν
882 2302 970 2379 λόγον
993 2302 1052 2362 τινὰ
1074 2301 1146 2361 κατὰ
1168 2305 1214 2362 σοῦ
1236 2304 1254 2376 ἡ
1277 2306 1323 2362 τοῦ

40 2419 210 2495 ἀπολυθέντος
231 2423 306 2503 παρά
327 2427 374 2484 σοῦ
395 2427 538 2504 προσώπου
560 2445 590 2484 τε
613 2422 660 2485 καί
683 2425 791 2504 μέρους.
816 2423 954 2502 παρεδόθη
979 2421 1010 2483 δέ
1032 2423 1062 2482 τδ
1085 2427 1203 2483 τοιοῦτον
1225 2426 1324 2502 χωρά-

41 2564 85 2618 ριον
104 2545 153 2618 τὴν
177 2547 296 2624 σήμερον
320 2551 463 2628 οωματικῇ
485 2545 650 2628 παραδόσει,
673 2550 719 2607 τοῦ
742 2547 817 2625 ἔχειν
833 2567 876 2607 σοι
897 2549 975 2606 τοῦτο
998 2543 1044 2606 καί
1066 2547 1195 2622 νέμεσθαι
1215 2545 1324 2626 κυρίως,

41 2666 171 2748 τλθεντώς,
196 2665 290 2740 ίδικώς
314 2663 365 2754 [τε]
388 2667 435 2728 καί
459 2674 629 2750 μονομερώς,
653 2669 859 2750 ἀπερισπάστως
878 2665 924 2728 καί
948 2667 1166 2749 ἀνεπικωλίιτως,
1190 2667 1228 2744 μὴ
1250 2669 1325 2748 παρά

39 2805 97 2859 τινος
122 2789 301 2864 κωλυόμενος
323 2793 342 2864 ἢ
368 2791 650 2870 παρεμποδιζόμενος,
678 2793 708 2850 οῦ
733 2791 798 2870 παρ’
822 2792 900 2868 ἡμῶν
931 2795 984 2851 τῶν
1015 2791 1194 2872 πεπρακότων
1222 2811 1264 2850 σοι
1293 2791 1324 2848 τό

39 2913 143 2968 τοιοῦτον
165 2913 315 2992 χωράριον,
340 2913 370 2971 οίν
391 2914 457 2994 παρ’
477 2913 570 2993 έτέρου
592 2915 737 2992 προσώπου
759 2913 789 2972 τδ
817 2911 939 2991 σῦνολον,
971 2911 1048 2972 ἀλλά
1071 2911 1182 2987 μᾶλλον
1207 2911 1324 2972 ἐκδικεῖν

39 3049 71 3088 σοι
103 3031 250 3110 ἀρείλομεν
285 3033 337 3093 ἀπό
368 3035 468 3106 παντός
503 3033 685 3116 δικαστηρίου,
716 3037 763 3094 τοῦ
797 3035 836 3109 μὴ
866 3037 950 3094 κινεῖν
981 3033 1070 3113 όχλήν
1098 3053 1138 3094 σοι
1165 3037 1183 3110 ἢ
1215 3035 1324 3109 ζήτησιν

41 3151 103 3228 ἔχειν
122 3153 165 3213 σοί
183 3149 258 3239 [ποτε
273 3150 325 3240 τ]ᾧ
340 3154 437 3236 καιρῷ,
454 3155 522 3216 ἀλλ’
539 3156 613 3234 ἔχειν
635 3159 712 3217 τοῦτο
735 3153 780 3216 ἐπὶ
801 3155 896 3240 τελείᾳ
917 3154 964 3216 καί
988 3152 1157 3238 ἀναραιρέτιρ
1180 3154 1325 3236 δεσποτεία

41 3271 71 3343 είς
84 3276 112 3333 τ“ο
127 3275 244 3358 πωλεῖν,
259 3277 414 3358 προικίζειν,
430 3273 563 3360 χαρίζειν,
579 3279 748 3358 λεγατεθειν,
771 3275 818 3338 καί
842 3277 942 3360 ἀλλος,
965 3279 996 3350 δς
1019 3275 1085 3354 δόξη
1105 3299 1157 3357 σοι,
1180 3281 1226 3338 τοῦ
1250 3277 1324 3356 ἔχειν

41 3395 101 3458 ἀπό,
130 3399 168 3458 ἔτι
190 3401 255 3478 γοῦν
278 3403 473 3478 συμηωνσῦμεν
495 3399 542 3460 καὶ
564 3405 649 3484 τοῦτο,
677 3403 715 3473 ώς
738 3401 778 3460 ότι
800 3401 850 3478 όψέ
872 3420 939 3461 ποτε
961 3397 999 3477 τῷ
1022 3399 1109 3482 καιρῷ
1134 3401 1324 3478 έπανακάμψει

40 3535 72 3588 τις
92 3518 133 3598 ἀρ’
149 3521 239 3601 ἡμῶν,
264 3520 311 3580 καί
334 3521 414 3599 λέγει
437 3521 502 3600 ὑπὲρ
525 3527 571 3582 τοῦ
593 3523 712 3583 τοιοῦτου
734 3521 883 3604 χωραρίου,
906 3523 988 3598 ἡμεῖς
1011 3522 1156 3598 μέλλομεν
1180 3522 1325 3598 ἀποσοβεῖν

41 3639 78 3696 τόν
97 3647 224 3722 τοιοῦτον,
256 3643 318 3703 ἑσοῦ
345 3645 384 3720 μὴ
412 3644 578 3723 ἀνεχομένου
604 3646 634 3704 τδ
662 3644 792 3704 σόνολον·
820 3641 867 3704 καί
897 3643 969 3704 κατὰ
998 3648 1075 3705 τοῦτο
1108 3644 1325 3726 ἀσραλιζόμεθα,

43 3761 101 3834 Ξπις
126 3765 174 3840 τἠν
206 3766 276 3842 προς
302 3765 455 3846 ἀνατροπὴν
481 3771 532 3842 τῆς
559 3765 696 3846 παροῦοης
721 3766 868 3848 πρατηρίου
894 3766 1033 3846 ἀσφαλοῦς
1060 3767 1198 3848 ἐγγράφου
1223 3767 1324 3847 πυροῦ-

43 3904 112 3956 μενος
133 3889 207 3965 τάχα
234 3887 389 3947 ἀποσπάσαι
412 3887 463 3947 ἀπό
491 3891 538 3948 σοῦ
565 3893 687 3968 μερικῶς
713 3889 731 3964 ἢ
754 3888 875 3949 καθόλου
897 3891 915 3963 ἡ
944 3887 1105 3964 καταβολὴν
1132 3891 1285 3964 τιμήματος
1306 3890 1325 3962 ἢ

43 4003 184 4084 Ιἰτερβολὴν
206 4011 225 4082 ἢ
248 4007 296 4086 βίᾳ
319 4003 348 4094 [ἡ
374 4003 557 4094 ἀ]ναργυ[ρίρί
582 4012 600 4084 ἢ
623 4010 724 4092 ἀπάτη,
747 4011 807 4070 τότε
831 4011 869 4087 μὴ
893 4013 976 4088 μόνον
998 4013 1042 4072 τόν
1057 4011 1173 4092 Χριστόν
1194 4008 1240 4070 καί
1263 4011 1324 4070 θεδν

43 4127 110 4200 ἡμῶν
132 4128 230 4206 ἕξομεν
262 4129 393 4210 διάδικον,
424 4127 502 4191 ἀλλά
528 4129 576 4191 καί
602 4131 651 4204 τὰς
674 4131 742 4213 ἀρδς
768 4136 823 4192 τῶν
844 4129 898 4208 κη’
921 4133 1007 4212 ἁγίων
1038 4133 1173 4212 θεοφόρων
1199 4133 1325 4214 πατέρων

44 4247 256 4329 ιληρσνομεῦμεν
277 4250 324 4312 καί
346 4253 377 4312 τδ
400 4252 535 4334 ἀνάθεμα,
562 4250 610 4314 καί
631 4253 649 4328 ἡ
673 4251 751 4335 μερίς
772 4255 852 4330 ἡμῶν
878 4254 994 4332 ταχθείη
1018 4253 1089 4330 μετὰ
1109 4257 1156 4316 τοῦ
1177 4253 1325 4334 ἀχαρίστου

44 4369 83 4428 καί
106 4374 232 4454 προδότου
261 4373 363 4454 Ἰοῦδα,
398 4374 476 4436 ἀλλά
501 4374 548 4436 καί
575 4376 644 4436 αῦτά
670 4376 704 4436 τά
731 4373 766 4436 ια’
794 4374 948 4451 νομίσματα
978 4373 1022 4436 ἀπὶ
1048 4376 1080 4436 τό
1107 4375 1221 4437 διπλοῦν
1248 4373 1323 4436 ἀντι-

45 4495 189 4576 στρέφομεν,
217 4497 387 4574 ζημιοόμεθα
409 4495 457 4558 καί
477 4499 546 4578 προς
567 4499 613 4558 τδν
639 4493 789 4584 [δημόσιον]
812 4499 843 4559 τδ
865 4499 953 4578 τρίτον
976 4499 1084 4560 τούτων.
1109 4496 1153 4560 ἐπὶ
1174 4503 1251 4560 τοῦτο
1270 4505 1325 4580 γάρ

45 4613 69 4671 τό
98 4621 177 4698 παρόν
209 4622 357 4701 πρατηριον
384 4619 521 4700 έγγραρον
550 4621 617 4702 πρδς
643 4621 718 4696 ἡμεῖς
747 4618 901 4698 ἐξεθέμεθα
931 4628 963 4704 τῇ
994 4623 1074 4698 ημών
1103 4630 1242 4708 προτροπῇ
1281 4622 1325 4684 διάι

45 4741 128 4816 χειρός
148 4742 350 4803 Κωνσταντίνου
383 4741 481 4823 ἱερέως
511 4748 557 4804 τοῦ
584 4745 781 4826 Μυρσινιώτου,
812 4749 924 4820 νομικοῦ
958 4745 1005 4806 καὶ
1041 4745 1244 4827 δευτερεύοντες
1276 4753 1325 4823 της

1086 4873 1116 4918 ll
