<?xml version="1.0" encoding="UTF-8"?>
<!DOCTYPE html PUBLIC "-//W3C//DTD XHTML 1.0 Transitional//EN"
    "http://www.w3.org/TR/xhtml1/DTD/xhtml1-transitional.dtd">
<html xmlns="http://www.w3.org/1999/xhtml" xml:lang="en" lang="en">
 <head>
  <title>
</title>
<meta http-equiv="Content-Type" content="text/html;charset=utf-8" />
  <meta name='ocr-system' content='tesseract 3.04.00' />
  <meta name='ocr-capabilities' content='ocr_page ocr_carea ocr_par ocr_line ocrx_word'/>
</head>
<body>
  <div class='ocr_page' id='page_1' title='image "./actaetdiplomata02miklgoog_0042.png"; bbox 0 0 3228 5294; ppageno 0'>
   <div class='ocr_carea' id='block_1_1' title="bbox 1288 359 1329 426">
    <p class='ocr_par' dir='ltr' id='par_1_1' title="bbox 1288 359 1329 426">
     <span class='ocr_line' id='line_1_1' title="bbox 1288 359 1329 426; baseline 0 0"><span class='ocrx_word' id='word_1_1' title='bbox 1288 359 1329 426; x_wconf 74' lang='lat'><strong>27</strong></span> 
     </span>
    </p>
   </div>
   <div class='ocr_carea' id='block_1_2' title="bbox 46 551 1383 4670">
    <p class='ocr_par' dir='ltr' id='par_1_2' title="bbox 46 551 1383 4670">
     <span class='ocr_line' id='line_1_2' title="bbox 49 551 1329 638; baseline -0.002 -22"><span class='ocrx_word' id='word_1_2' title='bbox 49 559 223 638; x_wconf 78' lang='grc' dir='ltr'><strong>ἀναραιρὲπως</strong></span> <span class='ocrx_word' id='word_1_3' title='bbox 244 577 274 616; x_wconf 86' lang='grc' dir='ltr'><strong>τε</strong></span> <span class='ocrx_word' id='word_1_4' title='bbox 295 556 342 618; x_wconf 85' lang='grc' dir='ltr'><strong>καί</strong></span> <span class='ocrx_word' id='word_1_5' title='bbox 365 555 482 630; x_wconf 79' lang='grc' dir='ltr'><strong>αἰωνίως</strong></span> <span class='ocrx_word' id='word_1_6' title='bbox 502 555 549 616; x_wconf 89' lang='grc' dir='ltr'><strong>καὶ</strong></span> <span class='ocrx_word' id='word_1_7' title='bbox 572 557 651 636; x_wconf 74' lang='grc' dir='ltr'><strong>ἄχρις</strong></span> <span class='ocrx_word' id='word_1_8' title='bbox 678 559 711 616; x_wconf 85' lang='grc' dir='ltr'><strong>ἀν</strong></span> <span class='ocrx_word' id='word_1_9' title='bbox 736 557 752 615; x_wconf 89' lang='grc' dir='ltr'><strong>ό</strong></span> <span class='ocrx_word' id='word_1_10' title='bbox 778 557 873 636; x_wconf 81' lang='grc' dir='ltr'><strong>παρὼν</strong></span> <span class='ocrx_word' id='word_1_11' title='bbox 900 555 1024 636; x_wconf 89' lang='grc' dir='ltr'><strong>διαρκοίη</strong></span> <span class='ocrx_word' id='word_1_12' title='bbox 1052 553 1129 636; x_wconf 82' lang='grc' dir='ltr'><strong>οάῶν,</strong></span> <span class='ocrx_word' id='word_1_13' title='bbox 1155 551 1329 634; x_wconf 78' lang='grc' dir='ltr'>προστάξασα</span> 
     </span>
     <span class='ocr_line' id='line_1_3' title="bbox 49 676 1328 754; baseline -0.002 -15"><span class='ocrx_word' id='word_1_14' title='bbox 49 679 208 754; x_wconf 68' lang='grc' dir='ltr'><strong>ἐκβληθῆναι</strong></span> <span class='ocrx_word' id='word_1_15' title='bbox 231 679 327 740; x_wconf 78' lang='grc' dir='ltr'><strong>τέλεον</strong></span> <span class='ocrx_word' id='word_1_16' title='bbox 349 677 396 738; x_wconf 84' lang='grc' dir='ltr'><strong>καὶ</strong></span> <span class='ocrx_word' id='word_1_17' title='bbox 417 678 467 750; x_wconf 88' lang='grc' dir='ltr'><strong>τάς</strong></span> <span class='ocrx_word' id='word_1_18' title='bbox 488 677 635 754; x_wconf 84' lang='grc' dir='ltr'><strong>ὀνομασίας</strong></span> <span class='ocrx_word' id='word_1_19' title='bbox 658 679 744 738; x_wconf 81' lang='grc' dir='ltr'><strong>αῦτῶν</strong></span> <span class='ocrx_word' id='word_1_20' title='bbox 766 677 813 738; x_wconf 89' lang='grc' dir='ltr'><strong>καὶ</strong></span> <span class='ocrx_word' id='word_1_21' title='bbox 835 678 868 737; x_wconf 86' lang='grc' dir='ltr'><strong>τὰ</strong></span> <span class='ocrx_word' id='word_1_22' title='bbox 890 679 989 740; x_wconf 88' lang='grc' dir='ltr'><strong>τοῦτιυν</strong></span> <span class='ocrx_word' id='word_1_23' title='bbox 1010 679 1080 753; x_wconf 85' lang='grc' dir='ltr'>τέλη</span> <span class='ocrx_word' id='word_1_24' title='bbox 1107 676 1160 736; x_wconf 88' lang='grc' dir='ltr'><strong>άπδ</strong></span> <span class='ocrx_word' id='word_1_25' title='bbox 1186 680 1232 737; x_wconf 90' lang='grc' dir='ltr'><strong>τοῦ</strong></span> <span class='ocrx_word' id='word_1_26' title='bbox 1253 677 1328 751; x_wconf 81' lang='grc' dir='ltr'><strong>μὲλ-</strong></span> 
     </span>
     <span class='ocr_line' id='line_1_4' title="bbox 48 795 1330 882; baseline 0 -22"><span class='ocrx_word' id='word_1_27' title='bbox 48 804 133 874; x_wconf 85' lang='grc' dir='ltr'><strong>λοντος</strong></span> <span class='ocrx_word' id='word_1_28' title='bbox 155 799 321 876; x_wconf 86' lang='grc' dir='ltr'><strong>ἀποτεθῆναι</strong></span> <span class='ocrx_word' id='word_1_29' title='bbox 343 805 491 881; x_wconf 72' lang='grc' dir='ltr'><strong>πρακτικοῦ</strong></span> <span class='ocrx_word' id='word_1_30' title='bbox 513 800 542 860; x_wconf 86' lang='grc' dir='ltr'><strong>ἐν</strong></span> <span class='ocrx_word' id='word_1_31' title='bbox 563 798 603 879; x_wconf 81' lang='grc' dir='ltr'><strong>τῷ</strong></span> <span class='ocrx_word' id='word_1_32' title='bbox 624 803 671 860; x_wconf 89' lang='grc' dir='ltr'><strong>τοῦ</strong></span> <span class='ocrx_word' id='word_1_33' title='bbox 693 799 853 880; x_wconf 89' lang='grc' dir='ltr'><strong>Μυρελαίου</strong></span> <span class='ocrx_word' id='word_1_34' title='bbox 879 801 1009 882; x_wconf 82' lang='grc' dir='ltr'><strong>σεκρίτῳ,</strong></span> <span class='ocrx_word' id='word_1_35' title='bbox 1040 801 1079 872; x_wconf 86' lang='grc' dir='ltr'><strong>ῶς</strong></span> <span class='ocrx_word' id='word_1_36' title='bbox 1108 802 1141 858; x_wconf 92' lang='grc' dir='ltr'><strong>ἀν</strong></span> <span class='ocrx_word' id='word_1_37' title='bbox 1171 795 1218 860; x_wconf 90' lang='grc' dir='ltr'><strong>καὶ</strong></span> <span class='ocrx_word' id='word_1_38' title='bbox 1247 802 1330 860; x_wconf 90' lang='grc' dir='ltr'><strong>ταῦτα</strong></span> 
     </span>
     <span class='ocr_line' id='line_1_5' title="bbox 48 919 1330 1005; baseline -0.002 -21"><span class='ocrx_word' id='word_1_39' title='bbox 48 923 255 1004; x_wconf 78' lang='grc' dir='ltr'><strong>προσπορίξοιντο</strong></span> <span class='ocrx_word' id='word_1_40' title='bbox 276 929 310 1004; x_wconf 82' lang='grc' dir='ltr'><strong>τῆ</strong></span> <span class='ocrx_word' id='word_1_41' title='bbox 333 929 413 1005; x_wconf 84' lang='grc' dir='ltr'><strong>μονῆ.</strong></span> <span class='ocrx_word' id='word_1_42' title='bbox 451 924 467 983; x_wconf 90' lang='grc' dir='ltr'><strong>δ</strong></span> <span class='ocrx_word' id='word_1_43' title='bbox 489 921 524 997; x_wconf 83' lang='grc' dir='ltr'><strong>δὴ</strong></span> <span class='ocrx_word' id='word_1_44' title='bbox 546 919 593 982; x_wconf 89' lang='grc' dir='ltr'><strong>καί</strong></span> <span class='ocrx_word' id='word_1_45' title='bbox 615 923 716 1002; x_wconf 76' lang='grc' dir='ltr'><strong>γέγονε</strong></span> <span class='ocrx_word' id='word_1_46' title='bbox 737 919 785 982; x_wconf 90' lang='grc' dir='ltr'><strong>καί</strong></span> <span class='ocrx_word' id='word_1_47' title='bbox 808 919 999 998; x_wconf 69' lang='grc' dir='ltr'><strong>ἐξεβλήθησαν</strong></span> <span class='ocrx_word' id='word_1_48' title='bbox 1022 925 1106 984; x_wconf 86' lang='grc' dir='ltr'><strong>ταῦτα</strong></span> <span class='ocrx_word' id='word_1_49' title='bbox 1120 921 1174 982; x_wconf 83' lang='grc' dir='ltr'><strong>ἀπό</strong></span> <span class='ocrx_word' id='word_1_50' title='bbox 1189 925 1235 982; x_wconf 91' lang='grc' dir='ltr'><strong>τοῦ</strong></span> <span class='ocrx_word' id='word_1_51' title='bbox 1251 923 1330 983; x_wconf 79' lang='grc' dir='ltr'><strong>αἰτοῦ</strong></span> 
     </span>
     <span class='ocr_line' id='line_1_6' title="bbox 48 1041 1330 1125; baseline 0 -21"><span class='ocrx_word' id='word_1_52' title='bbox 48 1049 194 1124; x_wconf 86' lang='grc' dir='ltr'><strong>πρακτικοῦ,</strong></span> <span class='ocrx_word' id='word_1_53' title='bbox 223 1046 262 1117; x_wconf 88' lang='grc' dir='ltr'><strong>ῶς</strong></span> <span class='ocrx_word' id='word_1_54' title='bbox 283 1047 317 1104; x_wconf 88' lang='grc' dir='ltr'><strong>ἀν</strong></span> <span class='ocrx_word' id='word_1_55' title='bbox 339 1041 412 1119; x_wconf 85' lang='grc' dir='ltr'><strong>μηδὲ</strong></span> <span class='ocrx_word' id='word_1_56' title='bbox 435 1041 536 1121; x_wconf 78' lang='grc' dir='ltr'><strong>εἴδησιν</strong></span> <span class='ocrx_word' id='word_1_57' title='bbox 560 1043 621 1122; x_wconf 84' lang='grc' dir='ltr'><strong>ἔχοι</strong></span> <span class='ocrx_word' id='word_1_58' title='bbox 643 1045 766 1115; x_wconf 81' lang='grc' dir='ltr'><strong>συνόλως</strong></span> <span class='ocrx_word' id='word_1_59' title='bbox 786 1045 817 1106; x_wconf 84' lang='grc' dir='ltr'><strong>τδ</strong></span> <span class='ocrx_word' id='word_1_60' title='bbox 839 1047 885 1104; x_wconf 88' lang='grc' dir='ltr'><strong>τοῦ</strong></span> <span class='ocrx_word' id='word_1_61' title='bbox 909 1044 1068 1125; x_wconf 82' lang='grc' dir='ltr'><strong>Μυριλαίου</strong></span> <span class='ocrx_word' id='word_1_62' title='bbox 1093 1045 1233 1124; x_wconf 84' lang='grc' dir='ltr'><strong>σὲκρετον,</strong></span> <span class='ocrx_word' id='word_1_63' title='bbox 1260 1045 1330 1120; x_wconf 83' lang='grc' dir='ltr'><strong>μῆτε</strong></span> 
     </span>
     <span class='ocr_line' id='line_1_7' title="bbox 48 1163 1329 1249; baseline 0 -25"><span class='ocrx_word' id='word_1_64' title='bbox 48 1169 92 1242; x_wconf 79' lang='grc' dir='ltr'><strong>ρἠν</strong></span> <span class='ocrx_word' id='word_1_65' title='bbox 105 1167 292 1248; x_wconf 80' lang='grc' dir='ltr'><strong>παρεκβαλλῃ</strong></span> <span class='ocrx_word' id='word_1_66' title='bbox 308 1168 392 1228; x_wconf 89' lang='grc' dir='ltr'><strong>τοιῦτά</strong></span> <span class='ocrx_word' id='word_1_67' title='bbox 413 1186 478 1228; x_wconf 88' lang='grc' dir='ltr'><strong>ποτε</strong></span> <span class='ocrx_word' id='word_1_68' title='bbox 501 1163 541 1238; x_wconf 84' lang='grc' dir='ltr'><strong>εἰς</strong></span> <span class='ocrx_word' id='word_1_69' title='bbox 563 1165 705 1242; x_wconf 83' lang='grc' dir='ltr'><strong>ἀπαίτησιν</strong></span> <span class='ocrx_word' id='word_1_70' title='bbox 726 1169 744 1241; x_wconf 87' lang='grc' dir='ltr'><strong>ῆ</strong></span> <span class='ocrx_word' id='word_1_71' title='bbox 767 1171 812 1225; x_wconf 90' lang='grc' dir='ltr'><strong>νῦν</strong></span> <span class='ocrx_word' id='word_1_72' title='bbox 833 1169 965 1249; x_wconf 82' lang='grc' dir='ltr'><strong>παράσχῃ</strong></span> <span class='ocrx_word' id='word_1_73' title='bbox 987 1163 1025 1244; x_wconf 86' lang='grc' dir='ltr'><strong>τῷ</strong></span> <span class='ocrx_word' id='word_1_74' title='bbox 1048 1167 1180 1241; x_wconf 86' lang='grc' dir='ltr'><strong>μέλλοντι</strong></span> <span class='ocrx_word' id='word_1_75' title='bbox 1195 1167 1244 1242; x_wconf 73' lang='grc' dir='ltr'><strong>πἠν</strong></span> <span class='ocrx_word' id='word_1_76' title='bbox 1259 1166 1329 1226; x_wconf 89' lang='grc' dir='ltr'><strong>ἀνα-</strong></span> 
     </span>
     <span class='ocr_line' id='line_1_8' title="bbox 47 1285 1330 1368; baseline 0.001 -20"><span class='ocrx_word' id='word_1_77' title='bbox 47 1290 139 1368; x_wconf 76' lang='grc' dir='ltr'><strong>γραρῆν</strong></span> <span class='ocrx_word' id='word_1_78' title='bbox 161 1293 216 1348; x_wconf 88' lang='grc' dir='ltr'><strong>τῶν</strong></span> <span class='ocrx_word' id='word_1_79' title='bbox 238 1289 343 1350; x_wconf 86' lang='grc' dir='ltr'><strong>λοιπῶν</strong></span> <span class='ocrx_word' id='word_1_80' title='bbox 366 1289 511 1367; x_wconf 86' lang='grc' dir='ltr'><strong>ἐνεργῆσαι</strong></span> <span class='ocrx_word' id='word_1_81' title='bbox 533 1288 666 1368; x_wconf 82' lang='grc' dir='ltr'><strong>ἀνθρῶτῳ</strong></span> <span class='ocrx_word' id='word_1_82' title='bbox 685 1293 735 1365; x_wconf 90' lang='grc' dir='ltr'><strong>τῆς</strong></span> <span class='ocrx_word' id='word_1_83' title='bbox 754 1287 835 1368; x_wconf 89' lang='grc' dir='ltr'><strong>ἀγίοις</strong></span> <span class='ocrx_word' id='word_1_84' title='bbox 854 1309 907 1364; x_wconf 91' lang='grc' dir='ltr'><strong>μου</strong></span> <span class='ocrx_word' id='word_1_85' title='bbox 928 1285 1070 1363; x_wconf 78' lang='grc' dir='ltr'><strong>δεσποίνης</strong></span> <span class='ocrx_word' id='word_1_86' title='bbox 1089 1286 1136 1352; x_wconf 83' lang='grc' dir='ltr'><strong>καί</strong></span> <span class='ocrx_word' id='word_1_87' title='bbox 1151 1289 1330 1368; x_wconf 71' lang='grc' dir='ltr'><strong>περιποθήτου</strong></span> 
     </span>
     <span class='ocr_line' id='line_1_9' title="bbox 48 1409 1329 1491; baseline -0.002 -19"><span class='ocrx_word' id='word_1_88' title='bbox 48 1412 147 1491; x_wconf 85' lang='grc' dir='ltr'><strong>μητρός,</strong></span> <span class='ocrx_word' id='word_1_89' title='bbox 172 1410 241 1472; x_wconf 87' lang='grc' dir='ltr'><strong>ἀλλ’</strong></span> <span class='ocrx_word' id='word_1_90' title='bbox 257 1411 333 1471; x_wconf 85' lang='grc' dir='ltr'><strong>ἔσται</strong></span> <span class='ocrx_word' id='word_1_91' title='bbox 355 1411 556 1488; x_wconf 86' lang='grc' dir='ltr'><strong>διοαατέχουσα</strong></span> <span class='ocrx_word' id='word_1_92' title='bbox 577 1411 595 1484; x_wconf 85' lang='grc' dir='ltr'>ἡ</span> <span class='ocrx_word' id='word_1_93' title='bbox 619 1411 689 1486; x_wconf 84' lang='grc' dir='ltr'><strong>μονὴ</strong></span> <span class='ocrx_word' id='word_1_94' title='bbox 711 1413 793 1470; x_wconf 87' lang='grc' dir='ltr'><strong>τότε</strong></span> <span class='ocrx_word' id='word_1_95' title='bbox 816 1409 935 1488; x_wconf 88' lang='grc' dir='ltr'><strong>νησίδιον</strong></span> <span class='ocrx_word' id='word_1_96' title='bbox 957 1411 1006 1487; x_wconf 79' lang='grc' dir='ltr'><strong>τὴν</strong></span> <span class='ocrx_word' id='word_1_97' title='bbox 1024 1411 1127 1491; x_wconf 79' lang='grc' dir='ltr'><strong>Λειψῶ,</strong></span> <span class='ocrx_word' id='word_1_98' title='bbox 1151 1411 1181 1470; x_wconf 87' lang='grc' dir='ltr'><strong>τδ</strong></span> <span class='ocrx_word' id='word_1_99' title='bbox 1195 1410 1267 1472; x_wconf 88' lang='grc' dir='ltr'><strong>κατά</strong></span> <span class='ocrx_word' id='word_1_100' title='bbox 1281 1410 1329 1485; x_wconf 86' lang='grc' dir='ltr'><strong>τῆν</strong></span> 
     </span>
     <span class='ocr_line' id='line_1_10' title="bbox 47 1531 1329 1614; baseline 0.004 -23"><span class='ocrx_word' id='word_1_101' title='bbox 47 1538 116 1609; x_wconf 87' lang='grc' dir='ltr'><strong>νῆσον</strong></span> <span class='ocrx_word' id='word_1_102' title='bbox 134 1534 227 1612; x_wconf 76' lang='grc' dir='ltr'><strong>Λάρον</strong></span> <span class='ocrx_word' id='word_1_103' title='bbox 248 1535 407 1612; x_wconf 81' lang='grc' dir='ltr'><strong>προάστειον</strong></span> <span class='ocrx_word' id='word_1_104' title='bbox 429 1531 462 1592; x_wconf 89' lang='grc' dir='ltr'><strong>τά</strong></span> <span class='ocrx_word' id='word_1_105' title='bbox 484 1532 631 1614; x_wconf 83' lang='grc' dir='ltr'><strong>Τεμένεια,</strong></span> <span class='ocrx_word' id='word_1_106' title='bbox 653 1533 684 1593; x_wconf 82' lang='grc' dir='ltr'><strong>τό</strong></span> <span class='ocrx_word' id='word_1_107' title='bbox 708 1535 799 1612; x_wconf 75' lang='grc' dir='ltr'><strong>ἕτερον</strong></span> <span class='ocrx_word' id='word_1_108' title='bbox 821 1535 981 1612; x_wconf 70' lang='grc' dir='ltr'><strong>προάστειον</strong></span> <span class='ocrx_word' id='word_1_109' title='bbox 1003 1535 1034 1593; x_wconf 86' lang='grc' dir='ltr'><strong>τδ</strong></span> <span class='ocrx_word' id='word_1_110' title='bbox 1059 1533 1208 1612; x_wconf 83' lang='grc' dir='ltr'><strong>Παρθένιον</strong></span> <span class='ocrx_word' id='word_1_111' title='bbox 1229 1531 1277 1594; x_wconf 90' lang='grc' dir='ltr'><strong>καί</strong></span> <span class='ocrx_word' id='word_1_112' title='bbox 1299 1534 1329 1596; x_wconf 83' lang='grc' dir='ltr'><strong>τδ</strong></span> 
     </span>
     <span class='ocr_line' id='line_1_11' title="bbox 48 1653 1330 1738; baseline 0 -23"><span class='ocrx_word' id='word_1_113' title='bbox 48 1657 117 1731; x_wconf 85' lang='grc' dir='ltr'><strong>ῆιισυ</strong></span> <span class='ocrx_word' id='word_1_114' title='bbox 139 1657 226 1736; x_wconf 84' lang='grc' dir='ltr'><strong>μέρος</strong></span> <span class='ocrx_word' id='word_1_115' title='bbox 247 1658 294 1715; x_wconf 89' lang='grc' dir='ltr'><strong>τοῦ</strong></span> <span class='ocrx_word' id='word_1_116' title='bbox 317 1655 346 1714; x_wconf 86' lang='grc' dir='ltr'><strong>ἐν</strong></span> <span class='ocrx_word' id='word_1_117' title='bbox 369 1655 437 1736; x_wconf 79' lang='grc' dir='ltr'><strong>οάιτῆ</strong></span> <span class='ocrx_word' id='word_1_118' title='bbox 458 1653 634 1734; x_wconf 85' lang='grc' dir='ltr'><strong>καστελλίου,</strong></span> <span class='ocrx_word' id='word_1_119' title='bbox 664 1655 727 1714; x_wconf 88' lang='grc' dir='ltr'><strong>όσον</strong></span> <span class='ocrx_word' id='word_1_120' title='bbox 755 1654 865 1730; x_wconf 85' lang='grc' dir='ltr'><strong>δηλαδὴ</strong></span> <span class='ocrx_word' id='word_1_121' title='bbox 892 1657 1021 1734; x_wconf 82' lang='grc' dir='ltr'><strong>τυγχάνει</strong></span> <span class='ocrx_word' id='word_1_122' title='bbox 1048 1654 1263 1736; x_wconf 80' lang='grc' dir='ltr'><strong>ἀνωρερέστερον</strong></span> <span class='ocrx_word' id='word_1_123' title='bbox 1286 1653 1330 1738; x_wconf 76' lang='grc' dir='ltr'><strong>(τό</strong></span> 
     </span>
     <span class='ocr_line' id='line_1_12' title="bbox 47 1771 1329 1859; baseline 0 -21"><span class='ocrx_word' id='word_1_124' title='bbox 47 1777 92 1858; x_wconf 84' lang='grc' dir='ltr'><strong>ηάρ</strong></span> <span class='ocrx_word' id='word_1_125' title='bbox 111 1779 294 1858; x_wconf 81' lang='grc' dir='ltr'><strong>πρανέστερον</strong></span> <span class='ocrx_word' id='word_1_126' title='bbox 320 1778 412 1838; x_wconf 87' lang='grc' dir='ltr'><strong>τοῦτου</strong></span> <span class='ocrx_word' id='word_1_127' title='bbox 434 1779 464 1836; x_wconf 87' lang='grc' dir='ltr'><strong>τδ</strong></span> <span class='ocrx_word' id='word_1_128' title='bbox 486 1781 532 1838; x_wconf 88' lang='grc' dir='ltr'><strong>τοῦ</strong></span> <span class='ocrx_word' id='word_1_129' title='bbox 558 1777 685 1856; x_wconf 88' lang='grc' dir='ltr'><strong>σεκρέτου</strong></span> <span class='ocrx_word' id='word_1_130' title='bbox 715 1779 800 1858; x_wconf 81' lang='grc' dir='ltr'><strong>μέρος</strong></span> <span class='ocrx_word' id='word_1_131' title='bbox 827 1773 963 1858; x_wconf 81' lang='grc' dir='ltr'><strong>καθέξει),</strong></span> <span class='ocrx_word' id='word_1_132' title='bbox 994 1771 1102 1849; x_wconf 82' lang='grc' dir='ltr'><strong>ἀτελῶς</strong></span> <span class='ocrx_word' id='word_1_133' title='bbox 1131 1776 1178 1838; x_wconf 90' lang='grc' dir='ltr'><strong>καί</strong></span> <span class='ocrx_word' id='word_1_134' title='bbox 1207 1777 1329 1859; x_wconf 82' lang='grc' dir='ltr'><strong>ἀβαριῦς,</strong></span> 
     </span>
     <span class='ocr_line' id='line_1_13' title="bbox 46 1895 1329 1982; baseline 0 -22"><span class='ocrx_word' id='word_1_135' title='bbox 46 1899 131 1980; x_wconf 76' lang='grc' dir='ltr'><strong>υιρόυς</strong></span> <span class='ocrx_word' id='word_1_136' title='bbox 160 1897 210 1960; x_wconf 85' lang='grc' dir='ltr'><strong>καὶ</strong></span> <span class='ocrx_word' id='word_1_137' title='bbox 239 1900 384 1980; x_wconf 80' lang='grc' dir='ltr'><strong>αδδεντῶς,</strong></span> <span class='ocrx_word' id='word_1_138' title='bbox 414 1900 601 1980; x_wconf 81' lang='grc' dir='ltr'><strong>άναραιρίτως</strong></span> <span class='ocrx_word' id='word_1_139' title='bbox 629 1919 658 1958; x_wconf 90' lang='grc' dir='ltr'><strong>τε</strong></span> <span class='ocrx_word' id='word_1_140' title='bbox 688 1896 734 1960; x_wconf 86' lang='grc' dir='ltr'><strong>καί</strong></span> <span class='ocrx_word' id='word_1_141' title='bbox 762 1897 877 1972; x_wconf 87' lang='grc' dir='ltr'><strong>αἰωνίως</strong></span> <span class='ocrx_word' id='word_1_142' title='bbox 905 1897 968 1982; x_wconf 85' lang='grc' dir='ltr'><strong>(κάν</strong></span> <span class='ocrx_word' id='word_1_143' title='bbox 990 1895 1135 1979; x_wconf 79' lang='grc' dir='ltr'><strong>πρόσταξις</strong></span> <span class='ocrx_word' id='word_1_144' title='bbox 1156 1897 1176 1982; x_wconf 77' lang='grc' dir='ltr'><strong>ᾖ</strong></span> <span class='ocrx_word' id='word_1_145' title='bbox 1198 1899 1329 1976; x_wconf 83' lang='grc' dir='ltr'><strong>βασιλικὴ</strong></span> 
     </span>
     <span class='ocr_line' id='line_1_14' title="bbox 46 2019 1329 2105; baseline 0.003 -25"><span class='ocrx_word' id='word_1_146' title='bbox 46 2019 169 2094; x_wconf 73' lang='grc' dir='ltr'><strong>διεξιοῦσα</strong></span> <span class='ocrx_word' id='word_1_147' title='bbox 191 2021 242 2094; x_wconf 86' lang='grc' dir='ltr'><strong>τάς</strong></span> <span class='ocrx_word' id='word_1_148' title='bbox 264 2021 370 2100; x_wconf 84' lang='grc' dir='ltr'><strong>δωρεάς</strong></span> <span class='ocrx_word' id='word_1_149' title='bbox 391 2027 445 2082; x_wconf 92' lang='grc' dir='ltr'><strong>τῶν</strong></span> <span class='ocrx_word' id='word_1_150' title='bbox 467 2024 600 2102; x_wconf 89' lang='grc' dir='ltr'><strong>κάοτρων,</strong></span> <span class='ocrx_word' id='word_1_151' title='bbox 622 2020 672 2093; x_wconf 87' lang='grc' dir='ltr'><strong>τάς</strong></span> <span class='ocrx_word' id='word_1_152' title='bbox 694 2019 739 2082; x_wconf 84' lang='grc' dir='ltr'><strong>ἐπὶ</strong></span> <span class='ocrx_word' id='word_1_153' title='bbox 760 2022 930 2101; x_wconf 81' lang='grc' dir='ltr'><strong>ἀναραιρέτῳ</strong></span> <span class='ocrx_word' id='word_1_154' title='bbox 950 2021 1092 2105; x_wconf 79' lang='grc' dir='ltr'><strong>δεσποτεία</strong></span> <span class='ocrx_word' id='word_1_155' title='bbox 1105 2024 1262 2102; x_wconf 77' lang='grc' dir='ltr'><strong>γινομένοις,</strong></span> <span class='ocrx_word' id='word_1_156' title='bbox 1287 2024 1329 2102; x_wconf 80' lang='grc' dir='ltr'><strong>ἐφ’</strong></span> 
     </span>
     <span class='ocr_line' id='line_1_15' title="bbox 47 2139 1327 2228; baseline 0.002 -26"><span class='ocrx_word' id='word_1_157' title='bbox 47 2142 217 2206; x_wconf 60' lang='grc' dir='ltr'><strong>ἐπινοεῖσθαι</strong></span> <span class='ocrx_word' id='word_1_158' title='bbox 238 2142 286 2204; x_wconf 88' lang='grc' dir='ltr'><strong>καὶ</strong></span> <span class='ocrx_word' id='word_1_159' title='bbox 307 2145 383 2222; x_wconf 90' lang='grc' dir='ltr'><strong>μόνῳ</strong></span> <span class='ocrx_word' id='word_1_160' title='bbox 404 2139 565 2228; x_wconf 77' lang='grc' dir='ltr'><strong>προσώπῳ),</strong></span> <span class='ocrx_word' id='word_1_161' title='bbox 588 2141 635 2204; x_wconf 83' lang='grc' dir='ltr'><strong>καί</strong></span> <span class='ocrx_word' id='word_1_162' title='bbox 657 2143 823 2215; x_wconf 78' lang='grc' dir='ltr'><strong>δεοπόξουσα</strong></span> <span class='ocrx_word' id='word_1_163' title='bbox 843 2145 943 2204; x_wconf 81' lang='grc' dir='ltr'><strong>τούτων</strong></span> <span class='ocrx_word' id='word_1_164' title='bbox 966 2143 1036 2218; x_wconf 84' lang='grc' dir='ltr'><strong>μετὰ</strong></span> <span class='ocrx_word' id='word_1_165' title='bbox 1056 2147 1146 2218; x_wconf 85' lang='grc' dir='ltr'><strong>πάσης</strong></span> <span class='ocrx_word' id='word_1_166' title='bbox 1169 2145 1256 2206; x_wconf 79' lang='grc' dir='ltr'><strong>αἰτῶν</strong></span> <span class='ocrx_word' id='word_1_167' title='bbox 1278 2152 1327 2222; x_wconf 90' lang='grc' dir='ltr'><strong>τῆς</strong></span> 
     </span>
     <span class='ocr_line' id='line_1_16' title="bbox 46 2262 1329 2348; baseline 0.003 -24"><span class='ocrx_word' id='word_1_168' title='bbox 46 2272 167 2344; x_wconf 81' lang='grc' dir='ltr'><strong>περιοχῆς</strong></span> <span class='ocrx_word' id='word_1_169' title='bbox 189 2265 237 2326; x_wconf 85' lang='grc' dir='ltr'><strong>καί</strong></span> <span class='ocrx_word' id='word_1_170' title='bbox 260 2267 474 2346; x_wconf 85' lang='grc' dir='ltr'><strong>διακρατῆσεως,</strong></span> <span class='ocrx_word' id='word_1_171' title='bbox 497 2265 715 2344; x_wconf 86' lang='grc' dir='ltr'><strong>άπαρασπάστως</strong></span> <span class='ocrx_word' id='word_1_172' title='bbox 737 2265 832 2326; x_wconf 86' lang='grc' dir='ltr'><strong>τεκαὶ</strong></span> <span class='ocrx_word' id='word_1_173' title='bbox 852 2262 1067 2346; x_wconf 84' lang='grc' dir='ltr'><strong>ἀνυπεξαιρὲτως</strong></span> <span class='ocrx_word' id='word_1_174' title='bbox 1086 2265 1133 2326; x_wconf 90' lang='grc' dir='ltr'><strong>καί</strong></span> <span class='ocrx_word' id='word_1_175' title='bbox 1147 2265 1216 2328; x_wconf 89' lang='grc' dir='ltr'><strong>ίδιον</strong></span> <span class='ocrx_word' id='word_1_176' title='bbox 1232 2268 1329 2348; x_wconf 78' lang='grc' dir='ltr'><strong>κέρδος</strong></span> 
     </span>
     <span class='ocr_line' id='line_1_17' title="bbox 46 2383 1329 2470; baseline 0.002 -24"><span class='ocrx_word' id='word_1_177' title='bbox 46 2389 163 2462; x_wconf 82' lang='grc' dir='ltr'><strong>τιθεμένη</strong></span> <span class='ocrx_word' id='word_1_178' title='bbox 194 2389 244 2457; x_wconf 84' lang='grc' dir='ltr'><strong>τὰς</strong></span> <span class='ocrx_word' id='word_1_179' title='bbox 274 2385 306 2460; x_wconf 84' lang='grc' dir='ltr'><strong>ἐξ</strong></span> <span class='ocrx_word' id='word_1_180' title='bbox 335 2389 423 2447; x_wconf 82' lang='grc' dir='ltr'><strong>οάντῶν</strong></span> <span class='ocrx_word' id='word_1_181' title='bbox 451 2387 599 2468; x_wconf 79' lang='grc' dir='ltr'><strong>προσόδους</strong></span> <span class='ocrx_word' id='word_1_182' title='bbox 625 2385 672 2448; x_wconf 85' lang='grc' dir='ltr'><strong>καί</strong></span> <span class='ocrx_word' id='word_1_183' title='bbox 698 2385 739 2459; x_wconf 88' lang='grc' dir='ltr'><strong>εἰς</strong></span> <span class='ocrx_word' id='word_1_184' title='bbox 760 2383 898 2466; x_wconf 80' lang='grc' dir='ltr'><strong>ρωταψίαν</strong></span> <span class='ocrx_word' id='word_1_185' title='bbox 922 2389 1020 2464; x_wconf 82' lang='grc' dir='ltr'><strong>ἑαυτῆς</strong></span> <span class='ocrx_word' id='word_1_186' title='bbox 1041 2389 1140 2465; x_wconf 79' lang='grc' dir='ltr'><strong>τοῦτης</strong></span> <span class='ocrx_word' id='word_1_187' title='bbox 1161 2387 1207 2450; x_wconf 89' lang='grc' dir='ltr'><strong>καὶ</strong></span> <span class='ocrx_word' id='word_1_188' title='bbox 1230 2393 1329 2470; x_wconf 90' lang='grc' dir='ltr'><strong>μικράν</strong></span> 
     </span>
     <span class='ocr_line' id='line_1_18' title="bbox 46 2509 1330 2592; baseline 0.005 -25"><span class='ocrx_word' id='word_1_189' title='bbox 46 2531 95 2570; x_wconf 81' lang='grc' dir='ltr'><strong>τινα</strong></span> <span class='ocrx_word' id='word_1_190' title='bbox 114 2511 270 2590; x_wconf 82' lang='grc' dir='ltr'><strong>διαστροφὴν</strong></span> <span class='ocrx_word' id='word_1_191' title='bbox 293 2511 395 2589; x_wconf 79' lang='grc' dir='ltr'><strong>ἔχοντα</strong></span> <span class='ocrx_word' id='word_1_192' title='bbox 416 2515 468 2570; x_wconf 91' lang='grc' dir='ltr'><strong>τῶν</strong></span> <span class='ocrx_word' id='word_1_193' title='bbox 492 2509 522 2568; x_wconf 83' lang='grc' dir='ltr'><strong>ἐν</strong></span> <span class='ocrx_word' id='word_1_194' title='bbox 544 2511 612 2592; x_wconf 84' lang='grc' dir='ltr'><strong>αῦτῆ</strong></span> <span class='ocrx_word' id='word_1_195' title='bbox 635 2515 778 2588; x_wconf 86' lang='grc' dir='ltr'><strong>μοναχῶν·</strong></span> <span class='ocrx_word' id='word_1_196' title='bbox 810 2509 857 2570; x_wconf 92' lang='grc' dir='ltr'><strong>καὶ</strong></span> <span class='ocrx_word' id='word_1_197' title='bbox 887 2509 949 2572; x_wconf 76' lang='grc' dir='ltr'><strong>οὔτε</strong></span> <span class='ocrx_word' id='word_1_198' title='bbox 976 2511 1043 2591; x_wconf 84' lang='grc' dir='ltr'><strong>πρός</strong></span> <span class='ocrx_word' id='word_1_199' title='bbox 1069 2513 1100 2572; x_wconf 89' lang='grc' dir='ltr'><strong>τδ</strong></span> <span class='ocrx_word' id='word_1_200' title='bbox 1127 2516 1174 2572; x_wconf 86' lang='grc' dir='ltr'><strong>τοῦ</strong></span> <span class='ocrx_word' id='word_1_201' title='bbox 1197 2513 1330 2589; x_wconf 80' lang='grc' dir='ltr'><strong>δημοσίου</strong></span> 
     </span>
     <span class='ocr_line' id='line_1_19' title="bbox 47 2628 1329 2712; baseline 0.002 -19"><span class='ocrx_word' id='word_1_202' title='bbox 47 2634 118 2712; x_wconf 76' lang='grc' dir='ltr'><strong>μέρος</strong></span> <span class='ocrx_word' id='word_1_203' title='bbox 140 2629 308 2712; x_wconf 74' lang='grc' dir='ltr'><strong>παρέξοντα</strong></span> <span class='ocrx_word' id='word_1_204' title='bbox 331 2631 444 2691; x_wconf 85' lang='grc' dir='ltr'><strong>σιἰνολόν</strong></span> <span class='ocrx_word' id='word_1_205' title='bbox 465 2652 500 2710; x_wconf 87' lang='grc' dir='ltr'><strong>τι,</strong></span> <span class='ocrx_word' id='word_1_206' title='bbox 527 2633 579 2691; x_wconf 85' lang='grc' dir='ltr'><strong>κάν</strong></span> <span class='ocrx_word' id='word_1_207' title='bbox 606 2631 635 2692; x_wconf 85' lang='grc' dir='ltr'><strong>ἔν</strong></span> <span class='ocrx_word' id='word_1_208' title='bbox 661 2652 711 2692; x_wconf 91' lang='grc' dir='ltr'><strong>τινι</strong></span> <span class='ocrx_word' id='word_1_209' title='bbox 733 2637 786 2692; x_wconf 88' lang='grc' dir='ltr'><strong>τῶν</strong></span> <span class='ocrx_word' id='word_1_210' title='bbox 810 2632 947 2707; x_wconf 87' lang='grc' dir='ltr'><strong>δημοσίων</strong></span> <span class='ocrx_word' id='word_1_211' title='bbox 969 2628 1096 2694; x_wconf 82' lang='grc' dir='ltr'><strong>κωδίνιιν</strong></span> <span class='ocrx_word' id='word_1_212' title='bbox 1117 2635 1148 2696; x_wconf 87' lang='grc' dir='ltr'><strong>τδ</strong></span> <span class='ocrx_word' id='word_1_213' title='bbox 1171 2634 1329 2711; x_wconf 87' lang='grc' dir='ltr'><strong>οίονδῆποτε</strong></span> 
     </span>
     <span class='ocr_line' id='line_1_20' title="bbox 46 2751 1330 2838; baseline 0.006 -28"><span class='ocrx_word' id='word_1_214' title='bbox 46 2755 101 2833; x_wconf 62' lang='grc' dir='ltr'><strong>πέρ</strong></span> <span class='ocrx_word' id='word_1_215' title='bbox 128 2775 202 2827; x_wconf 87' lang='grc' dir='ltr'><strong>τινος</strong></span> <span class='ocrx_word' id='word_1_216' title='bbox 232 2757 319 2816; x_wconf 85' lang='grc' dir='ltr'><strong>αῦτῶν</strong></span> <span class='ocrx_word' id='word_1_217' title='bbox 349 2753 547 2834; x_wconf 78' lang='grc' dir='ltr'><strong>ἀναγράρητοιι,</strong></span> <span class='ocrx_word' id='word_1_218' title='bbox 577 2751 638 2814; x_wconf 86' lang='grc' dir='ltr'><strong>οὔτε</strong></span> <span class='ocrx_word' id='word_1_219' title='bbox 667 2755 734 2834; x_wconf 79' lang='grc' dir='ltr'><strong>πρός</strong></span> <span class='ocrx_word' id='word_1_220' title='bbox 762 2755 794 2814; x_wconf 83' lang='grc' dir='ltr'><strong>τό</strong></span> <span class='ocrx_word' id='word_1_221' title='bbox 822 2759 869 2814; x_wconf 88' lang='grc' dir='ltr'><strong>τοῦ</strong></span> <span class='ocrx_word' id='word_1_222' title='bbox 890 2755 1050 2836; x_wconf 85' lang='grc' dir='ltr'><strong>Μυρελαίου</strong></span> <span class='ocrx_word' id='word_1_223' title='bbox 1077 2758 1219 2838; x_wconf 83' lang='grc' dir='ltr'><strong>σέαρετον,</strong></span> <span class='ocrx_word' id='word_1_224' title='bbox 1251 2758 1330 2820; x_wconf 84' lang='grc' dir='ltr'><strong>ἀλλὰ</strong></span> 
     </span>
     <span class='ocr_line' id='line_1_21' title="bbox 46 2873 1330 2958; baseline 0.007 -25"><span class='ocrx_word' id='word_1_225' title='bbox 46 2877 125 2952; x_wconf 80' lang='grc' dir='ltr'><strong>πάσης</strong></span> <span class='ocrx_word' id='word_1_226' title='bbox 147 2875 355 2957; x_wconf 84' lang='grc' dir='ltr'><strong>εῦρεσιολογίας</strong></span> <span class='ocrx_word' id='word_1_227' title='bbox 377 2873 425 2934; x_wconf 88' lang='grc' dir='ltr'><strong>καί</strong></span> <span class='ocrx_word' id='word_1_228' title='bbox 445 2875 644 2954; x_wconf 83' lang='grc' dir='ltr'><strong>γλωσσαλγίας</strong></span> <span class='ocrx_word' id='word_1_229' title='bbox 671 2875 846 2956; x_wconf 79' lang='grc' dir='ltr'><strong>ίνιιερτερῆσει</strong></span> <span class='ocrx_word' id='word_1_230' title='bbox 872 2884 1042 2958; x_wconf 85' lang='grc' dir='ltr'><strong>σεκρετικῆς,</strong></span> <span class='ocrx_word' id='word_1_231' title='bbox 1070 2878 1116 2940; x_wconf 83' lang='grc' dir='ltr'><strong>καί</strong></span> <span class='ocrx_word' id='word_1_232' title='bbox 1144 2877 1204 2940; x_wconf 77' lang='grc' dir='ltr'><strong>οάτε</strong></span> <span class='ocrx_word' id='word_1_233' title='bbox 1226 2881 1257 2940; x_wconf 86' lang='grc' dir='ltr'><strong>τδ</strong></span> <span class='ocrx_word' id='word_1_234' title='bbox 1283 2885 1330 2942; x_wconf 85' lang='grc' dir='ltr'><strong>τοῦ</strong></span> 
     </span>
     <span class='ocr_line' id='line_1_22' title="bbox 47 2996 1328 3084; baseline 0.004 -29"><span class='ocrx_word' id='word_1_235' title='bbox 47 2997 228 3060; x_wconf 77' lang='grc' dir='ltr'><strong>Παντεπόπτσυ</strong></span> <span class='ocrx_word' id='word_1_236' title='bbox 252 2999 337 3078; x_wconf 82' lang='grc' dir='ltr'><strong>μέρος</strong></span> <span class='ocrx_word' id='word_1_237' title='bbox 360 2997 532 3077; x_wconf 81' lang='grc' dir='ltr'><strong>ἐπιφυῆεεται</strong></span> <span class='ocrx_word' id='word_1_238' title='bbox 557 2997 641 3078; x_wconf 69' lang='grc' dir='ltr'><strong>ταύτῃ</strong></span> <span class='ocrx_word' id='word_1_239' title='bbox 670 3000 751 3080; x_wconf 86' lang='grc' dir='ltr'><strong>ποτέ,</strong></span> <span class='ocrx_word' id='word_1_240' title='bbox 782 2996 843 3058; x_wconf 72' lang='grc' dir='ltr'><strong>οὔτε</strong></span> <span class='ocrx_word' id='word_1_241' title='bbox 872 3001 903 3062; x_wconf 83' lang='grc' dir='ltr'><strong>τό</strong></span> <span class='ocrx_word' id='word_1_242' title='bbox 932 3005 977 3062; x_wconf 88' lang='grc' dir='ltr'><strong>τοῦ</strong></span> <span class='ocrx_word' id='word_1_243' title='bbox 1003 3001 1163 3082; x_wconf 86' lang='grc' dir='ltr'><strong>Μυρελαίσυ</strong></span> <span class='ocrx_word' id='word_1_244' title='bbox 1192 3005 1328 3084; x_wconf 80' lang='grc' dir='ltr'><strong>σέκρετον,</strong></span> 
     </span>
     <span class='ocr_line' id='line_1_23' title="bbox 46 3119 1328 3206; baseline 0.005 -28"><span class='ocrx_word' id='word_1_245' title='bbox 46 3122 79 3191; x_wconf 84' lang='grc' dir='ltr'><strong>ῶς</strong></span> <span class='ocrx_word' id='word_1_246' title='bbox 98 3121 279 3192; x_wconf 81' lang='grc' dir='ltr'><strong>ἀντιδεδωκδς</strong></span> <span class='ocrx_word' id='word_1_247' title='bbox 300 3121 369 3198; x_wconf 81' lang='grc' dir='ltr'><strong>πρὸς</strong></span> <span class='ocrx_word' id='word_1_248' title='bbox 391 3120 439 3195; x_wconf 82' lang='grc' dir='ltr'><strong>τῆν</strong></span> <span class='ocrx_word' id='word_1_249' title='bbox 461 3123 508 3180; x_wconf 86' lang='grc' dir='ltr'><strong>τοῦ</strong></span> <span class='ocrx_word' id='word_1_250' title='bbox 530 3119 724 3182; x_wconf 85' lang='grc' dir='ltr'><strong>Παντεπόπισυ</strong></span> <span class='ocrx_word' id='word_1_251' title='bbox 746 3121 833 3196; x_wconf 83' lang='grc' dir='ltr'><strong>μονῆν</strong></span> <span class='ocrx_word' id='word_1_252' title='bbox 860 3123 952 3202; x_wconf 68' lang='grc' dir='ltr'><strong>ἔτερόν</strong></span> <span class='ocrx_word' id='word_1_253' title='bbox 979 3143 1003 3181; x_wconf 92' lang='grc' dir='ltr'><strong>τι</strong></span> <span class='ocrx_word' id='word_1_254' title='bbox 1033 3128 1126 3198; x_wconf 86' lang='grc' dir='ltr'><strong>κτῆμα</strong></span> <span class='ocrx_word' id='word_1_255' title='bbox 1156 3124 1328 3206; x_wconf 77' lang='grc' dir='ltr'><strong>εὐπρόσοδον,</strong></span> 
     </span>
     <span class='ocr_line' id='line_1_24' title="bbox 47 3240 1329 3329; baseline 0.007 -31"><span class='ocrx_word' id='word_1_256' title='bbox 47 3240 104 3302; x_wconf 80' lang='grc' dir='ltr'><strong>αλλ’</strong></span> <span class='ocrx_word' id='word_1_257' title='bbox 120 3244 194 3304; x_wconf 82' lang='grc' dir='ltr'><strong>ἔσται</strong></span> <span class='ocrx_word' id='word_1_258' title='bbox 216 3245 235 3317; x_wconf 81' lang='grc' dir='ltr'><strong>ἡ</strong></span> <span class='ocrx_word' id='word_1_259' title='bbox 257 3246 379 3322; x_wconf 87' lang='grc' dir='ltr'><strong>παροῦσα</strong></span> <span class='ocrx_word' id='word_1_260' title='bbox 407 3240 497 3320; x_wconf 84' lang='grc' dir='ltr'><strong>δωρεά</strong></span> <span class='ocrx_word' id='word_1_261' title='bbox 524 3240 625 3318; x_wconf 82' lang='grc' dir='ltr'><strong>βεβαία</strong></span> <span class='ocrx_word' id='word_1_262' title='bbox 650 3241 697 3302; x_wconf 88' lang='grc' dir='ltr'><strong>καὶ</strong></span> <span class='ocrx_word' id='word_1_263' title='bbox 727 3241 864 3321; x_wconf 80' lang='grc' dir='ltr'><strong>ἀσφαλής,</strong></span> <span class='ocrx_word' id='word_1_264' title='bbox 895 3242 1065 3317; x_wconf 87' lang='grc' dir='ltr'><strong>ἀδιάσειστός</strong></span> <span class='ocrx_word' id='word_1_265' title='bbox 1094 3267 1124 3304; x_wconf 91' lang='grc' dir='ltr'><strong>τε</strong></span> <span class='ocrx_word' id='word_1_266' title='bbox 1154 3245 1201 3306; x_wconf 85' lang='grc' dir='ltr'><strong>καὶ</strong></span> <span class='ocrx_word' id='word_1_267' title='bbox 1233 3247 1329 3329; x_wconf 86' lang='grc' dir='ltr'><strong>άπερί-</strong></span> 
     </span>
     <span class='ocr_line' id='line_1_25' title="bbox 47 3362 1329 3449; baseline 0.008 -29"><span class='ocrx_word' id='word_1_268' title='bbox 47 3383 157 3446; x_wconf 86' lang='grc' dir='ltr'><strong>τρεπτος,</strong></span> <span class='ocrx_word' id='word_1_269' title='bbox 182 3363 229 3426; x_wconf 86' lang='grc' dir='ltr'><strong>καὶ</strong></span> <span class='ocrx_word' id='word_1_270' title='bbox 252 3363 378 3426; x_wconf 87' lang='grc' dir='ltr'><strong>δεσπόσει</strong></span> <span class='ocrx_word' id='word_1_271' title='bbox 400 3363 499 3424; x_wconf 85' lang='grc' dir='ltr'><strong>τοίπων</strong></span> <span class='ocrx_word' id='word_1_272' title='bbox 521 3362 593 3440; x_wconf 85' lang='grc' dir='ltr'><strong>μετὰ</strong></span> <span class='ocrx_word' id='word_1_273' title='bbox 614 3365 704 3440; x_wconf 88' lang='grc' dir='ltr'><strong>πάσης</strong></span> <span class='ocrx_word' id='word_1_274' title='bbox 726 3365 812 3426; x_wconf 77' lang='grc' dir='ltr'><strong>αὐτῶν</strong></span> <span class='ocrx_word' id='word_1_275' title='bbox 834 3369 884 3440; x_wconf 89' lang='grc' dir='ltr'><strong>τῆς</strong></span> <span class='ocrx_word' id='word_1_276' title='bbox 904 3373 1038 3446; x_wconf 88' lang='grc' dir='ltr'><strong>περιοχῆς</strong></span> <span class='ocrx_word' id='word_1_277' title='bbox 1059 3365 1106 3428; x_wconf 88' lang='grc' dir='ltr'><strong>καί</strong></span> <span class='ocrx_word' id='word_1_278' title='bbox 1126 3367 1329 3449; x_wconf 79' lang='grc' dir='ltr'><strong>διακρατῆσεως</strong></span> 
     </span>
     <span class='ocr_line' id='line_1_26' title="bbox 47 3478 1328 3568; baseline 0.007 -25"><span class='ocrx_word' id='word_1_279' title='bbox 47 3484 85 3544; x_wconf 81' lang='grc' dir='ltr'><strong>καί</strong></span> <span class='ocrx_word' id='word_1_280' title='bbox 103 3488 283 3566; x_wconf 81' lang='grc' dir='ltr'><strong>κυριαρχῆσει</strong></span> <span class='ocrx_word' id='word_1_281' title='bbox 305 3487 321 3544; x_wconf 87' lang='grc' dir='ltr'><strong>ό</strong></span> <span class='ocrx_word' id='word_1_282' title='bbox 342 3483 544 3558; x_wconf 81' lang='grc' dir='ltr'><strong>εῦλαβέστατος</strong></span> <span class='ocrx_word' id='word_1_283' title='bbox 565 3478 643 3556; x_wconf 81' lang='grc' dir='ltr'><strong>οὗτος</strong></span> <span class='ocrx_word' id='word_1_284' title='bbox 665 3486 734 3567; x_wconf 84' lang='grc' dir='ltr'><strong>ἀνὴρ</strong></span> <span class='ocrx_word' id='word_1_285' title='bbox 757 3483 804 3546; x_wconf 89' lang='grc' dir='ltr'><strong>καί</strong></span> <span class='ocrx_word' id='word_1_286' title='bbox 825 3485 852 3547; x_wconf 85' lang='grc' dir='ltr'><strong>οἱ</strong></span> <span class='ocrx_word' id='word_1_287' title='bbox 877 3488 938 3562; x_wconf 82' lang='grc' dir='ltr'><strong>μετ’</strong></span> <span class='ocrx_word' id='word_1_288' title='bbox 959 3489 1037 3549; x_wconf 81' lang='grc' dir='ltr'><strong>σῶσόν</strong></span> <span class='ocrx_word' id='word_1_289' title='bbox 1065 3489 1184 3568; x_wconf 86' lang='grc' dir='ltr'><strong>μοναχοὶ</strong></span> <span class='ocrx_word' id='word_1_290' title='bbox 1210 3489 1257 3552; x_wconf 86' lang='grc' dir='ltr'><strong>καί</strong></span> <span class='ocrx_word' id='word_1_291' title='bbox 1283 3491 1328 3552; x_wconf 84' lang='grc' dir='ltr'><strong>σῦν</strong></span> 
     </span>
     <span class='ocr_line' id='line_1_27' title="bbox 48 3606 1329 3694; baseline 0.007 -28"><span class='ocrx_word' id='word_1_292' title='bbox 48 3607 157 3684; x_wconf 82' lang='grc' dir='ltr'><strong>αἰιοῖςῆ</strong></span> <span class='ocrx_word' id='word_1_293' title='bbox 173 3609 247 3684; x_wconf 85' lang='grc' dir='ltr'><strong>μονὴ</strong></span> <span class='ocrx_word' id='word_1_294' title='bbox 265 3613 315 3684; x_wconf 89' lang='grc' dir='ltr'><strong>τῆς</strong></span> <span class='ocrx_word' id='word_1_295' title='bbox 333 3609 524 3688; x_wconf 86' lang='grc' dir='ltr'><strong>παναχράντου</strong></span> <span class='ocrx_word' id='word_1_296' title='bbox 545 3607 690 3686; x_wconf 89' lang='grc' dir='ltr'><strong>δεσποίνης</strong></span> <span class='ocrx_word' id='word_1_297' title='bbox 703 3606 750 3668; x_wconf 91' lang='grc' dir='ltr'><strong>καί</strong></span> <span class='ocrx_word' id='word_1_298' title='bbox 770 3609 946 3691; x_wconf 88' lang='grc' dir='ltr'><strong>θεομῆτορος,</strong></span> <span class='ocrx_word' id='word_1_299' title='bbox 970 3611 1040 3687; x_wconf 84' lang='grc' dir='ltr'><strong>μετὰ</strong></span> <span class='ocrx_word' id='word_1_300' title='bbox 1054 3613 1154 3685; x_wconf 84' lang='grc' dir='ltr'><strong>παντός</strong></span> <span class='ocrx_word' id='word_1_301' title='bbox 1169 3617 1215 3673; x_wconf 88' lang='grc' dir='ltr'><strong>τοῦ</strong></span> <span class='ocrx_word' id='word_1_302' title='bbox 1230 3615 1329 3694; x_wconf 82' lang='grc' dir='ltr'><strong>μέρους</strong></span> 
     </span>
     <span class='ocr_line' id='line_1_28' title="bbox 50 3727 1329 3818; baseline 0.006 -29"><span class='ocrx_word' id='word_1_303' title='bbox 50 3729 118 3804; x_wconf 78' lang='grc' dir='ltr'><strong>αἰτῆς</strong></span> <span class='ocrx_word' id='word_1_304' title='bbox 141 3727 173 3804; x_wconf 80' lang='grc' dir='ltr'><strong>ἐξ</strong></span> <span class='ocrx_word' id='word_1_305' title='bbox 195 3729 377 3812; x_wconf 78' lang='grc' dir='ltr'><strong>ὁλοκληρίας,</strong></span> <span class='ocrx_word' id='word_1_306' title='bbox 404 3731 496 3802; x_wconf 86' lang='grc' dir='ltr'><strong>καθῶς</strong></span> <span class='ocrx_word' id='word_1_307' title='bbox 519 3729 570 3792; x_wconf 84' lang='grc' dir='ltr'><strong>εἰσι</strong></span> <span class='ocrx_word' id='word_1_308' title='bbox 591 3730 638 3792; x_wconf 85' lang='grc' dir='ltr'><strong>καὶ</strong></span> <span class='ocrx_word' id='word_1_309' title='bbox 661 3732 766 3794; x_wconf 78' lang='grc' dir='ltr'><strong>ἔσονται</strong></span> <span class='ocrx_word' id='word_1_310' title='bbox 788 3729 973 3806; x_wconf 82' lang='grc' dir='ltr'><strong>ἀνεξάλειπτα</strong></span> <span class='ocrx_word' id='word_1_311' title='bbox 993 3736 1076 3818; x_wconf 74' lang='grc' dir='ltr'><strong>ποτίσῃ</strong></span> <span class='ocrx_word' id='word_1_312' title='bbox 1097 3733 1143 3795; x_wconf 89' lang='grc' dir='ltr'><strong>καὶ</strong></span> <span class='ocrx_word' id='word_1_313' title='bbox 1166 3737 1268 3813; x_wconf 87' lang='grc' dir='ltr'><strong>μόνιμα</strong></span> <span class='ocrx_word' id='word_1_314' title='bbox 1291 3736 1329 3810; x_wconf 90' lang='grc' dir='ltr'><strong>εἰς</strong></span> 
     </span>
     <span class='ocr_line' id='line_1_29' title="bbox 49 3850 1329 3934; baseline 0.007 -26"><span class='ocrx_word' id='word_1_315' title='bbox 49 3851 86 3908; x_wconf 79' lang='grc' dir='ltr'><strong>τὀν</strong></span> <span class='ocrx_word' id='word_1_316' title='bbox 113 3851 200 3914; x_wconf 84' lang='grc' dir='ltr'><strong>αἰῶνα</strong></span> <span class='ocrx_word' id='word_1_317' title='bbox 231 3854 277 3914; x_wconf 78' lang='grc' dir='ltr'><strong>τόν</strong></span> <span class='ocrx_word' id='word_1_318' title='bbox 308 3853 422 3914; x_wconf 80' lang='grc' dir='ltr'><strong>ἅπαντα.</strong></span> <span class='ocrx_word' id='word_1_319' title='bbox 468 3853 499 3914; x_wconf 84' lang='grc' dir='ltr'><strong>οῦ</strong></span> <span class='ocrx_word' id='word_1_320' title='bbox 525 3853 580 3930; x_wconf 84' lang='grc' dir='ltr'><strong>μὴν</strong></span> <span class='ocrx_word' id='word_1_321' title='bbox 606 3851 751 3916; x_wconf 83' lang='grc' dir='ltr'><strong>ἀλλὰκαὶ</strong></span> <span class='ocrx_word' id='word_1_322' title='bbox 774 3850 1046 3934; x_wconf 78' lang='grc' dir='ltr'><strong>ἐξνουσσπιθῆσονται</strong></span> <span class='ocrx_word' id='word_1_323' title='bbox 1069 3853 1262 3930; x_wconf 79' lang='grc' dir='ltr'><strong>ἁπαξάπαντες</strong></span> <span class='ocrx_word' id='word_1_324' title='bbox 1285 3857 1329 3919; x_wconf 87' lang='grc' dir='ltr'><strong>διὰ</strong></span> 
     </span>
     <span class='ocr_line' id='line_1_30' title="bbox 49 3973 1383 4061; baseline 0.003 -26"><span class='ocrx_word' id='word_1_325' title='bbox 49 3979 89 4048; x_wconf 82' lang='grc' dir='ltr'><strong>τῆς</strong></span> <span class='ocrx_word' id='word_1_326' title='bbox 107 3976 246 4056; x_wconf 81' lang='grc' dir='ltr'><strong>παρούσης</strong></span> <span class='ocrx_word' id='word_1_327' title='bbox 267 3973 475 4056; x_wconf 86' lang='grc' dir='ltr'><strong>χρυσοβοόλλου</strong></span> <span class='ocrx_word' id='word_1_328' title='bbox 496 3983 604 4058; x_wconf 72' lang='grc' dir='ltr'><strong>γραφῆς</strong></span> <span class='ocrx_word' id='word_1_329' title='bbox 630 3977 683 4038; x_wconf 87' lang='grc' dir='ltr'><strong>ἀπό</strong></span> <span class='ocrx_word' id='word_1_330' title='bbox 709 3999 739 4038; x_wconf 92' lang='grc' dir='ltr'><strong>τε</strong></span> <span class='ocrx_word' id='word_1_331' title='bbox 767 3981 895 4060; x_wconf 88' lang='grc' dir='ltr'><strong>μιτάτων,</strong></span> <span class='ocrx_word' id='word_1_332' title='bbox 926 3979 1074 4052; x_wconf 82' lang='grc' dir='ltr'><strong>ἐπιθέσεως</strong></span> <span class='ocrx_word' id='word_1_333' title='bbox 1101 3983 1328 4061; x_wconf 85' lang='grc' dir='ltr'><strong>μονοπροσῶπων,</strong></span> <span class='ocrx_word' id='word_1_334' title='bbox 1380 3983 1383 3990; x_wconf 90' lang='grc'><strong><em>’</em></strong></span> 
     </span>
     <span class='ocr_line' id='line_1_31' title="bbox 50 4093 1328 4183; baseline 0.002 -25"><span class='ocrx_word' id='word_1_335' title='bbox 50 4093 139 4174; x_wconf 74' lang='grc' dir='ltr'><strong>ἀγοράς</strong></span> <span class='ocrx_word' id='word_1_336' title='bbox 162 4097 331 4178; x_wconf 88' lang='grc' dir='ltr'><strong>μουλαρίων,</strong></span> <span class='ocrx_word' id='word_1_337' title='bbox 355 4097 591 4180; x_wconf 84' lang='grc' dir='ltr'><strong>μεσσμσυλαρίων,</strong></span> <span class='ocrx_word' id='word_1_338' title='bbox 614 4099 780 4180; x_wconf 84' lang='grc' dir='ltr'><strong>βορδωνίων,</strong></span> <span class='ocrx_word' id='word_1_339' title='bbox 801 4099 1036 4182; x_wconf 81' lang='grc' dir='ltr'><strong>μεσοβορδωνίων,</strong></span> <span class='ocrx_word' id='word_1_340' title='bbox 1052 4101 1150 4182; x_wconf 80' lang='grc' dir='ltr'><strong>ἵππων,</strong></span> <span class='ocrx_word' id='word_1_341' title='bbox 1165 4102 1328 4183; x_wconf 88' lang='grc' dir='ltr'><strong>παριππίων,</strong></span> 
     </span>
     <span class='ocr_line' id='line_1_32' title="bbox 50 4215 1328 4306; baseline 0.006 -30"><span class='ocrx_word' id='word_1_342' title='bbox 50 4215 241 4298; x_wconf 75' lang='grc' dir='ltr'><strong>όνοκηλωνίων,</strong></span> <span class='ocrx_word' id='word_1_343' title='bbox 275 4219 456 4299; x_wconf 84' lang='grc' dir='ltr'><strong>δνοθηλειῶν,</strong></span> <span class='ocrx_word' id='word_1_344' title='bbox 486 4219 644 4301; x_wconf 79' lang='grc' dir='ltr'><strong>φορβάδων,</strong></span> <span class='ocrx_word' id='word_1_345' title='bbox 675 4221 746 4296; x_wconf 87' lang='grc' dir='ltr'><strong>βοῶν</strong></span> <span class='ocrx_word' id='word_1_346' title='bbox 777 4221 927 4302; x_wconf 70' lang='grc' dir='ltr'><strong>ἐργατικῶν</strong></span> <span class='ocrx_word' id='word_1_347' title='bbox 955 4219 1003 4283; x_wconf 88' lang='grc' dir='ltr'><strong>καί</strong></span> <span class='ocrx_word' id='word_1_348' title='bbox 1032 4221 1187 4305; x_wconf 85' lang='grc' dir='ltr'><strong>ἀγελαίων,</strong></span> <span class='ocrx_word' id='word_1_349' title='bbox 1216 4224 1328 4306; x_wconf 91' lang='grc' dir='ltr'><strong>χοίρων,</strong></span> 
     </span>
     <span class='ocr_line' id='line_1_33' title="bbox 49 4339 1328 4428; baseline 0.005 -28"><span class='ocrx_word' id='word_1_350' title='bbox 49 4339 188 4422; x_wconf 77' lang='grc' dir='ltr'><strong>προβάτων,</strong></span> <span class='ocrx_word' id='word_1_351' title='bbox 212 4339 309 4422; x_wconf 88' lang='grc' dir='ltr'><strong>αίγῶν,</strong></span> <span class='ocrx_word' id='word_1_352' title='bbox 331 4341 490 4422; x_wconf 83' lang='grc' dir='ltr'><strong>ἀγελάδων,</strong></span> <span class='ocrx_word' id='word_1_353' title='bbox 518 4341 674 4420; x_wconf 87' lang='grc' dir='ltr'><strong>βουβαλίων</strong></span> <span class='ocrx_word' id='word_1_354' title='bbox 701 4341 748 4404; x_wconf 88' lang='grc' dir='ltr'><strong>καί</strong></span> <span class='ocrx_word' id='word_1_355' title='bbox 775 4343 880 4404; x_wconf 89' lang='grc' dir='ltr'><strong>λοιπῶν</strong></span> <span class='ocrx_word' id='word_1_356' title='bbox 905 4343 1087 4426; x_wconf 84' lang='grc' dir='ltr'><strong>τετραπόδων,</strong></span> <span class='ocrx_word' id='word_1_357' title='bbox 1115 4345 1328 4428; x_wconf 85' lang='grc' dir='ltr'><strong>καστρσκτισίας,</strong></span> 
     </span>
     <span class='ocr_line' id='line_1_34' title="bbox 50 4460 1328 4550; baseline 0.005 -29"><span class='ocrx_word' id='word_1_358' title='bbox 50 4468 176 4544; x_wconf 81' lang='grc' dir='ltr'><strong>κστνινοῦ,</strong></span> <span class='ocrx_word' id='word_1_359' title='bbox 196 4461 353 4545; x_wconf 87' lang='grc' dir='ltr'><strong>οίκομόδσυ,</strong></span> <span class='ocrx_word' id='word_1_360' title='bbox 376 4460 544 4537; x_wconf 80' lang='grc' dir='ltr'><strong>ἑξοπλίσεως</strong></span> <span class='ocrx_word' id='word_1_361' title='bbox 565 4463 699 4542; x_wconf 87' lang='grc' dir='ltr'><strong>πλωίμων</strong></span> <span class='ocrx_word' id='word_1_362' title='bbox 721 4468 739 4540; x_wconf 84' lang='grc' dir='ltr'><strong>ῆ</strong></span> <span class='ocrx_word' id='word_1_363' title='bbox 761 4463 888 4548; x_wconf 83' lang='grc' dir='ltr'><strong>τοξοτῶν,</strong></span> <span class='ocrx_word' id='word_1_364' title='bbox 910 4471 1037 4545; x_wconf 83' lang='grc' dir='ltr'><strong>ταραχῆς</strong></span> <span class='ocrx_word' id='word_1_365' title='bbox 1058 4473 1160 4548; x_wconf 87' lang='grc' dir='ltr'><strong>χρειῶν</strong></span> <span class='ocrx_word' id='word_1_366' title='bbox 1181 4474 1234 4528; x_wconf 90' lang='grc' dir='ltr'><strong>τῶν</strong></span> <span class='ocrx_word' id='word_1_367' title='bbox 1256 4489 1328 4550; x_wconf 89' lang='grc' dir='ltr'><strong>χορ-</strong></span> 
     </span>
     <span class='ocr_line' id='line_1_35' title="bbox 50 4585 1327 4670; baseline 0.005 -28"><span class='ocrx_word' id='word_1_368' title='bbox 50 4587 197 4660; x_wconf 73' lang='grc' dir='ltr'><strong>ηγουμένων</strong></span> <span class='ocrx_word' id='word_1_369' title='bbox 217 4586 356 4659; x_wconf 81' lang='grc' dir='ltr'><strong>δικασταῖς</strong></span> <span class='ocrx_word' id='word_1_370' title='bbox 370 4589 388 4662; x_wconf 87' lang='grc' dir='ltr'><strong>ῆ</strong></span> <span class='ocrx_word' id='word_1_371' title='bbox 407 4589 579 4669; x_wconf 88' lang='grc' dir='ltr'><strong>πράκτορσιν,</strong></span> <span class='ocrx_word' id='word_1_372' title='bbox 596 4585 754 4663; x_wconf 80' lang='grc' dir='ltr'><strong>ἐξωνῆσεως</strong></span> <span class='ocrx_word' id='word_1_373' title='bbox 770 4586 852 4666; x_wconf 87' lang='grc' dir='ltr'><strong>σίτου,</strong></span> <span class='ocrx_word' id='word_1_374' title='bbox 868 4588 949 4668; x_wconf 85' lang='grc' dir='ltr'><strong>οἴνου,</strong></span> <span class='ocrx_word' id='word_1_375' title='bbox 964 4590 1069 4670; x_wconf 82' lang='grc' dir='ltr'><strong>κριθῆς,</strong></span> <span class='ocrx_word' id='word_1_376' title='bbox 1087 4587 1207 4670; x_wconf 85' lang='grc' dir='ltr'><strong>βρῶμου,</strong></span> <span class='ocrx_word' id='word_1_377' title='bbox 1224 4589 1327 4670; x_wconf 86' lang='grc' dir='ltr'><strong>ἐλαίου,</strong></span> 
     </span>
    </p>
   </div>
   <div class='ocr_carea' id='block_1_3' title="bbox 50 4701 1327 4795">
    <p class='ocr_par' dir='ltr' id='par_1_3' title="bbox 50 4701 1327 4795">
     <span class='ocr_line' id='line_1_36' title="bbox 50 4701 1327 4795; baseline 0.038 -32"><span class='ocrx_word' id='word_1_378' title='bbox 50 4701 145 4784; x_wconf 74' lang='grc' dir='ltr'><strong>ὶαπρίου</strong></span> <span class='ocrx_word' id='word_1_379' title='bbox 166 4706 214 4768; x_wconf 87' lang='grc' dir='ltr'><strong>καί</strong></span> <span class='ocrx_word' id='word_1_380' title='bbox 236 4707 369 4770; x_wconf 91' lang='grc' dir='ltr'><strong>παντοίων</strong></span> <span class='ocrx_word' id='word_1_381' title='bbox 392 4713 562 4791; x_wconf 89' lang='grc' dir='ltr'><strong>σπερμάτων,</strong></span> <span class='ocrx_word' id='word_1_382' title='bbox 590 4716 676 4787; x_wconf 60' lang='grc' dir='ltr'><strong>κακῆς</strong></span> <span class='ocrx_word' id='word_1_383' title='bbox 703 4708 749 4771; x_wconf 57' lang='grc' dir='ltr'><strong>δαὶ</strong></span> <span class='ocrx_word' id='word_1_384' title='bbox 775 4711 982 4789; x_wconf 50' lang='lat' dir='ltr'><strong>mmmm</strong></span> <span class='ocrx_word' id='word_1_385' title='bbox 1011 4710 1177 4788; x_wconf 58' lang='grc' dir='ltr'><strong>Οἷασδήτῑίος</strong></span> <span class='ocrx_word' id='word_1_386' title='bbox 1200 4709 1327 4795; x_wconf 45' lang='grc' dir='ltr'><strong>ῂλῆςῆ</strong></span> 
     </span>
    </p>
   </div>
   <div class='ocr_carea' id='block_1_4' title="bbox 0 0 1619 5294">
    <p class='ocr_par' dir='ltr' id='par_1_4' title="bbox 0 0 1619 5294">
     <span class='ocr_line' id='line_1_37' title="bbox 0 0 1619 5294; baseline 0 0"><span class='ocrx_word' id='word_1_387' title='bbox 0 0 1619 5294; x_wconf 95' lang='lat' dir='ltr'><strong> </strong></span> 
     </span>
    </p>
   </div>
  </div>
 </body>
</html>
