3228 5294
195 420 202 429 ,
261 340 303 404 48

262 535 396 614 ἐποπτῶν,
416 541 591 615 στρατευτῶν,
608 533 743 614 θρθωτῶν,
761 533 949 614 ἀναγραρέων,
966 531 1111 614 ἐξισωτῶν,
1133 533 1361 613 δικαιορυλοίκων,
1378 535 1561 615 συνωναρίων,

261 657 421 738 ὡρειοιρίων,
443 661 645 736 τοποτηρητῶν,
669 653 834 734 ταξιαρχῶν,
859 661 1048 737 τουρμαρχῶν,
1072 662 1228 737 μεραρχῶν,
1246 655 1452 736 χαρτονλαρίων
1468 662 1518 716 τοῦ
1533 677 1563 715 τε

261 780 363 860 δρόμου
385 777 433 838 καί
452 785 506 837 τῶν
523 779 659 857 θεμάτων,
675 779 804 853 κομητων
819 783 869 854 τῆς
884 781 994 858 κέρτης,
1015 777 1182 854 δομεστίκων
1198 783 1251 838 τῶν
1266 779 1402 859 θεμάτων,
1425 779 1562 858 δρουγγα-

264 903 434 980 ροκομήτων,
467 898 671 978 παραρυλοίκων
701 897 747 957 καὶ
777 901 878 970 παντδς
909 900 1000 978 ἑτέρου
1030 900 1157 960 δουλείαν
1187 903 1233 960 τοῦ
1267 899 1397 976 δημοσίου
1426 919 1563 976 μεταχει-

259 1024 411 1108 ριζομένου,
439 1019 600 1101 ἀγγαρείας,
627 1019 846 1101 παραγγαρείας,
865 1023 1059 1098 ’ψωμοζημῖας
1086 1019 1133 1081 καί
1159 1021 1260 1099 λοιπῆς
1287 1023 1395 1096 σἰποίσης
1430 1021 1562 1100 ἐπηρείας

260 1142 359 1202 τεκαὶ
382 1145 532 1214 κακώσεως
553 1146 597 1202 νῦν
620 1163 650 1202 τε
673 1141 754 1216 οὔσης
776 1141 823 1202 καὶ
847 1141 986 1222 ἐσύστερον
1010 1143 1271 1222 ἐπινοηθησομένης,
1293 1143 1386 1214 καθὼς
1409 1145 1442 1201 ἂν
1463 1145 1478 1202 δ
1496 1165 1561 1202 και·

260 1266 307 1346 ρδς
328 1263 375 1324 καί
397 1259 432 1324 τὰ
458 1265 608 1344 πράγματα
634 1263 784 1338 ἐπιζητοῖεν
810 1262 942 1341 γίνεσθαι.
978 1263 1018 1323 διδ
1040 1266 1263 1344 παρεγγυῶμεθα
1290 1262 1336 1323 καί
1363 1267 1467 1336 πάντας
1493 1263 1561 1336 ἐξα-

260 1386 447 1466 σραλιζὸμεθα
474 1387 527 1446 ἀπό
549 1407 579 1444 τε
605 1391 659 1444 τῶν
689 1385 760 1444 κατὰ
781 1385 891 1465 καιροὺς
914 1383 1108 1464 σακελλαρίων
1136 1391 1254 1464 γενικῶν
1281 1385 1328 1444 καὶ
1360 1393 1561 1466 στρατιωτικῶν

260 1507 417 1586 λογοθετῶν
444 1513 497 1568 τῶν
521 1505 565 1567 ἐπὶ
587 1511 636 1584 τῆς
666 1507 804 1586 ἡμετέροις
826 1505 968 1582 σακέλλης
991 1503 1037 1566 καί
1063 1511 1110 1566 τοῦ
1141 1506 1303 1586 βεστιαρίου,
1331 1505 1484 1582 οἰκονόμων
1508 1513 1561 1566 τῶν

261 1630 369 1709 εὐοιγῶν
392 1629 483 1708 οίκων,
511 1635 564 1690 τῶν
588 1627 632 1688 ἐτὶ
657 1635 711 1688 τῶν
740 1625 885 1690 οἰκειακῶν
911 1626 959 1688 καί
984 1635 1038 1688 τῶν
1066 1629 1169 1708 ἐφόρων
1195 1634 1249 1688 τῶν
1273 1627 1432 1708 βασιλικῶν,
1456 1649 1560 1708 κουρα-

259 1753 355 1833 τορίων
390 1751 508 1832 είδικῶν,
538 1753 723 1832 γηροτρόφων,
758 1743 971 1832 δρρενοτρθρων,
1005 1755 1059 1809 τῶν
1090 1750 1133 1810 ἐπὶ
1163 1755 1209 1810 τοῦ
1239 1749 1311 1810 θείου
1340 1751 1419 1825 ἡμῶν
1446 1745 1560 1824 ταμείου

259 1879 306 1936 τοῦ
329 1875 472 1954 Φύλακος,
495 1876 667 1954 κονρατδρων
689 1875 736 1932 τοῦ
758 1871 833 1932 οῖκου
855 1877 909 1932 τῶν
933 1871 1107 1952 Ἐλευθερίου
1125 1870 1240 1932 καὶτῶν
1257 1874 1428 1950 Μαγγοὶνων,
1446 1869 1560 1930 οίκιοτι-

259 2002 316 2058 κῶν
342 1993 390 2056 καί
416 2001 470 2055 τῶν
496 1994 540 2054 ὑπ’
565 1994 660 2066 αὐτοδς
686 1995 917 2076 πρωτονοταρίων,
940 1995 1142 2075 λογαριαστῶν,
1164 1994 1383 2076 χαρτουλοιρίων,
1407 1992 1561 2066 βασιλικῶν

259 2120 390 2200 νοταρίων
412 2117 459 2179 καὶ
481 2118 619 2201 νοταρίων,
643 2123 689 2179 τοῦ
712 2119 819 2194 μηδένα
840 2123 893 2178 τῶν
918 2119 1043 2178 ἁπάντων
1064 2117 1093 2176 ἐν
1109 2115 1262 2195 οῖῳδήποτε
1284 2118 1376 2194 γρένῳ
1398 2115 1461 2174 καθ’
1486 2114 1560 2174 οῖον-

261 2243 354 2318 δήτινα
377 2243 474 2322 τρίπον
505 2239 547 2300 ἐπ’
572 2239 667 2312 ἀδείας
694 2241 770 2318 ἔχειν
793 2240 898 2301 ἀθετεῖν
923 2246 1042 2321 μερικῶς
1064 2243 1083 2313 ἡ
1106 2240 1168 2298 καθ’
1192 2239 1348 2318 ὁλόκληρον
1370 2239 1416 2296 τὀν
1438 2240 1560 2317 παρόντα

260 2364 359 2440 εῖισεβῆ
390 2363 597 2442 χρυσόβουλλον
619 2361 705 2441 λόγον
732 2367 782 2437 τῆς
805 2361 949 2437 βασιλείας
971 2381 1023 2437 μου
1045 2361 1232 2440 γεγενημένον
1255 2359 1341 2419 κατὰ
1363 2359 1418 2419 τδν
1441 2359 1559 2438 ἀπρίλ·

260 2486 335 2546 λιον
366 2491 453 2561 μῆνα
479 2490 538 2560 τῆς
565 2483 751 2559 ἑνδεκάτης
779 2481 986 2553 ίνδικτιῶνος
1013 2485 1070 2542 τοῦ
1096 2479 1200 2560 ςρίιιξ
1226 2481 1332 2560 ἔτους,
1364 2480 1394 2539 ἐν
1416 2475 1439 2559 ᾧ
1461 2479 1509 2540 καὶ
1531 2481 1560 2538 τέ

259 2609 393 2690 ἡμέτερον
410 2607 522 2682 εὐσεβές
543 2603 591 2665 καί
613 2605 816 2686 θεοπροβλητον
838 2604 1030 2681 ὑπεσημηνατο
1054 2605 1153 2684 κράτος
1175 2604 1206 2682 †.

363 2733 384 2810 †
407 2726 572 2806 Ἀλέξιος,
593 2727 626 2786 ἐν
646 2725 774 2807 Χριστῷ
796 2725 839 2806 τῷ
861 2725 926 2804 θεῷ
947 2726 1061 2798 πιστδς
1084 2723 1244 2798 βασιλεὺς
1265 2721 1320 2783 καὶ
1344 2723 1560 2803 αῖιτοκροῖτωρ

261 2851 451 2930 Ῥωμαίων,
475 2851 490 2910 δ
513 2850 694 2926 Κομνηνός
715 2851 746 2928 †.

363 3138 474 3192 Pri-mua
505 3138 588 3191 edidit
618 3154 650 3191 οε
680 3135 831 3206 malari
857 3136 946 3189 mima
976 3141 1092 3188 cam-ecto
1122 3134 1157 3188 L.
1192 3133 1276 3186 Rasa:
1308 3131 1406 3185 Ιῖείσειι
1433 3128 1492 3197 aus
1512 3129 1559 3182 dm

259 3243 437 3313 ρτῖεοίιίεείιεπ
460 3241 551 3294 lasela
573 3242 619 3294 dea
646 3240 791 3310 ἂρᾶίεοίιοιι
813 3240 927 3306 Mearm,
953 3237 1099 3308 διανείματε,
1127 3234 1409 3291 1840—1845.11.
1426 3251 1459 3302 p.
1485 3233 1559 3301 1793

260 3348 357 3400 iterum
375 3348 403 3401 0.
417 3347 450 3400 Ε.
466 3345 622 3400 Zachariae
638 3341 656 3398 a
671 3343 843 3415 Liaqemtkal,
861 3344 910 3396 Ius
924 3359 1102 3413 arama-ram.
1121 3343 1179 3395 III.
1192 3359 1224 3410 p.
1240 3341 1318 3410 370;
1333 3337 1440 3408 fratrea
1457 3336 1559 3405 Kaliya

260 3452 289 3504 ia
311 3450 391 3504 libro:
415 3443 490 3522 Ἱερὰ
512 3439 662 3502 ἀκολουθία
681 3445 726 3501 τοῦ
746 3441 825 3518 ἁγίου
839 3443 941 3519 πατρδς
959 3442 1039 3516 ἡμῶν
1060 3437 1260 3520 Χριστοδοὺλου
1274 3440 1321 3496 τοῦ
1343 3436 1558 3512 θαυματουργοῦ,

262 3547 405 3606 ἐκδοθεῖσα
427 3547 476 3606 {aab
494 3546 528 3604 Π.
552 3544 599 3605 καί
622 3547 661 3606 Μ.
678 3545 811 3624 Καληγᾶ.
836 3545 884 3604 Ἐν
908 3543 1101 3623 Ἑρμονπολει,
1126 3538 1217 3602 1843.
1242 3547 1289 3600 Em
1311 3546 1463 3614 archetypo,
1491 3543 1560 3614 qaod

261 3663 419 3712 αιεοτκναίυν
446 3657 475 3710 ia
502 3657 639 3710 tabularia
667 3657 833 3730 monasterii,
864 3656 888 3709 Ῑ.
915 3654 1057 3708 Saldaelian
1079 3655 1108 3706 in
1125 3652 1275 3722 pam'odica,
1298 3652 1344 3704 cai
1365 3649 1459 3703 titulus
1490 3642 1559 3699 ΙἸαν-

261 3755 346 3836 δῶρα,
382 3768 443 3814 tom.
478 3760 580 3816 XVII.
607 3778 640 3830 ρ.
668 3761 738 3826 546,
766 3767 794 3814 ει,
820 3735 917 3812 ineram
950 3759 1020 3811 idem
1054 3758 1083 3810 ia
1116 3757 1198 3809 libro:
1232 3747 1396 3808 Ἀκολουθία
1427 3739 1489 3824 ίερέι
1517 3746 1559 3804 τοῦ

260 3860 333 3920 ἐσίου
364 3857 410 3918 καί
441 3860 570 3939 θεορδρου
597 3859 697 3936 πατρδς
723 3859 803 3934 ἡμῶν
833 3855 1034 3936 Χριστοδοίλου
1061 3859 1107 3914 τοῦ
1130 3856 1335 3932 θαυματουργοϋ
1357 3853 1402 3910 τοὺ
1423 3847 1470 3908 καὶ
1499 3851 1560 3922 κτή-

259 3983 338 4044 τορος
360 3969 409 4038 τῆς
433 3963 461 4022 ἐν
484 3968 517 4044 τῇ
540 3964 614 4041 νήσῳ
643 3962 747 4040 Πάτμῳ
773 3961 942 4040 περιωνύμου
970 3959 1115 4034 βασιλικῆς
1142 3956 1189 4017 καί
1216 3956 1445 4036 αῖκτοκρατορικῆς
1474 3957 1561 4028 μονῆς

259 4071 306 4128 τοῦ
329 4066 407 4146 ἁγίου
431 4063 584 4126 ἀποστόλου
608 4063 655 4124 καί
683 4065 879 4142 εδαγγελιστοῶ
909 4064 1036 4122 Ἰωάννου
1061 4066 1108 4122 τοῦ
1135 4060 1288 4139 Θεολθγου.
1323 4056 1454 4129 Ἕκδοσις
1474 4056 1560 4136 τρίτη,

259 4166 278 4254 ᾔ
304 4171 506 4252 προσετέθησαν
533 4172 551 4244 ἡ
579 4169 745 4241 ὑποτίπωσις
773 4169 863 4246 οιίιτοίι,
891 4168 906 4224 δ
935 4166 963 4224 ἐν
986 4166 1084 4226 πλάτει
1107 4166 1176 4244 βίος,
1205 4164 1251 4224 δύο
1277 4163 1404 4242 ἐγκιίιμια
1425 4159 1473 4220 καὶ
1498 4161 1558 4234 διή-

262 4297 343 4356 γησις
365 4275 503 4350 θαύματος
526 4273 616 4354 αυτοῦ,
644 4275 688 4332 νῦν
711 4277 817 4353 πρῶτον
846 4271 1011 4346 ἐκδιδέμενα
1037 4267 1183 4347 ἐπιμελείᾳ
1208 4265 1255 4327 καὶ
1282 4265 1400 4346 φροντίδι
1422 4265 1561 4346 Κυρίλλου

262 4379 446 4459 ίεροδιακδνου
465 4373 547 4453 Βοίνη
567 4381 613 4438 τοῦ
631 4377 663 4436 ἐν,
678 4383 726 4453 τῆς
747 4378 829 4451 αὑτῆς
845 4381 940 4452 μονῆς.
961 4381 1082 4454 Athenis,
1097 4383 1188 4434 1884.
1213 4379 1346 4450 Ρτοίοριιι
1364 4395 1397 4448 p.
1425 4379 1559 4430 12-17.

260 4492 337 4544 Flar.
360 4509 410 4545 mro
436 4493 461 4543 7.
487 4487 611 4558 (archei.)
634 4496 659 4542 at
680 4506 730 4542 ara
756 4490 782 4540 8.
802 4489 830 4540 9.
856 4488 905 4539 47.
931 4485 1106 4554 exemplaria.
1121 4484 1178 4536 Nra
1195 4485 1244 4537 42.
1268 4483 1344 4537 δῖον.
1365 4481 1456 4550 adfert
1476 4481 1560 4534 aliam

261 4613 373 4649 auream
389 4595 490 4648 bullam
506 4595 597 4647 Almia·
611 4593 635 4648 I.
663 4593 788 4646 Οοιιιιιινιῖ
801 4591 1041 4654 membranaceum,
1066 4588 1097 4640 de
1124 4606 1179 4657 qua
1205 4589 1315 4641 scribit:
1347 4577 1558 4659 Χρυσθβουλλον

261 4694 290 4754 ἐν
311 4693 457 4772 μεμβράνη
479 4689 602 4761 Ἀλεξίου
623 4689 649 4749 α’
666 4692 712 4748 τοῦ
730 4689 885 4767 Κομνηνοιῖ,
904 4687 1081 4760 ἐκδιδόμενον
1100 4670 1260 4763 τῷῖςρῆεἲ
1279 4684 1357 4742 Ἐστι
1374 4682 1406 4741 δέ
1417 4680 1558 4757 κίβδηλον,
