3184 5288
1299 361 1340 424 93

51 551 90 607 τοὺ
119 548 146 606 ἐν
175 554 209 630 τῇ
240 550 315 627 νήσῳ
341 555 391 626 τῆς
421 550 535 626 Πάτμου
566 551 650 628 ἔχητε
681 551 724 610 ἐπ’
752 549 848 623 ἀδείας
878 551 956 628 δίκην
983 553 1042 612 τινά
1068 553 1202 614 ποιεῖσθαι
1228 555 1339 614 πώποτε

52 670 104 728 κατ’
127 669 191 742 ἐμοῦ
219 674 307 744 ἢτοῦ
335 673 434 752 μέρους
458 691 510 746 μου
538 670 599 752 περὶ
626 671 819 746 οίασδηποτοὺν
842 673 1007 754 ὑποθέσεως,
1039 674 1165 756 εὐλόγου,
1197 675 1289 753 τυχόν,
1322 678 1340 750 ἢ

53 791 91 849 καί
111 792 235 872 ματαίας,
251 795 270 866 ἡ
286 794 315 851 τὺ
332 791 581 873 ἀναγεγραμμένον
596 793 715 874 χρυσίον,
738 794 772 852 τά
795 793 920 854 διακόσια
941 798 1048 876 τραχέα
1070 798 1154 874 χιάτα
1176 797 1339 876 νομίσματα,

55 913 174 986 ἐπιζητεῖν
206 913 253 972 ἀπ’
274 913 381 990 έμοὺή
408 919 454 974 τοὺ
484 915 583 996 μέρους
606 935 658 990 μου
689 921 808 994 μερικῶς
831 915 886 976 εἴτε
914 917 1045 980 καθόλου.
1069 917 1117 976 ἐὰν
1140 917 1172 978 δὲ
1195 916 1242 978 καί
1264 919 1340 993 ὑμεῖς

55 1037 79 1092 οὑ
98 1033 231 1114 ςυλάξητε
254 1037 342 1096 πάντα
364 1035 398 1094 τά
421 1037 656 1116 ἀναγεγραμμένα
680 1037 790 1116 βέβαια,
814 1039 881 1116 προς
904 1039 934 1097 τό
957 1039 995 1114 μὴ
1020 1036 1207 1098 εἰσακοὺεσθαι
1222 1037 1262 1112 εἰς
1277 1038 1340 1098 εἴτι

55 1155 92 1214 καί
118 1157 195 1234 ἔχετε
222 1159 328 1236 λέγειν,
356 1157 500 1218 ὑπόκεισθε
527 1161 587 1230 ταῖς
614 1158 875 1238 ἀναγεγραμμέναις
903 1159 983 1240 ἀραῖς
1012 1160 1059 1220 καὶ
1088 1164 1145 1232 τοῖς
1173 1161 1340 1242 προστίμοις,

56 1281 252 1358 σνντηρουμένου
284 1277 333 1338 τίδ’
362 1279 447 1350 οὑτως
478 1279 591 1354 βεβαίου
621 1277 667 1338 καί
697 1283 743 1340 τοῦ
771 1281 904 1360 παρόντος
933 1281 1078 1360 ἐγγράφου,
1111 1282 1279 1362 ἀντέστρεψα
1309 1281 1340 1342 δὲ

52 1400 104 1473 ὑμῖν
135 1403 188 1472 τοῖς
218 1404 352 1480 μοναχσῖς
381 1399 469 1460 καίά
498 1403 628 1478 κατεῖχον
659 1400 841 1482 δικαιώματα,
871 1401 957 1481 ήγουν
979 1403 1010 1462 τό
1027 1424 1057 1462 τε
1086 1405 1260 1483 πρωτότυπον
1290 1410 1340 1480 τῆς

53 1527 171 1598 μυστικῆς
201 1519 353 1594 διατάξεως
382 1525 429 1582 τοὺ
458 1526 581 1600 μοναχοὺ
612 1521 812 1602 Χριστοδσὺλου
842 1527 888 1582 τοὺ
919 1524 1076 1604 Λατρηνσὺ,
1106 1526 1137 1584 τό
1167 1527 1339 1605 πρωτότυπον

52 1646 91 1699 τοῦ
111 1641 283 1703 κωδικέλλου
305 1643 385 1703 αὑτοῦ
412 1643 458 1703 καί
488 1643 523 1703 τά
544 1644 589 1702 ίσα
616 1644 715 1704 τοὺτων
737 1643 772 1703 τά
797 1647 991 1718 πεπιστωμένα
1012 1645 1086 1725 παρὰ
1108 1651 1154 1706 τοὺ
1182 1647 1338 1724 μεγαλετι-

52 1769 204 1840 ηανεστάτου
238 1766 445 1844 κουροπαλάτου
475 1763 521 1824 καί
551 1765 703 1845 πραίτωρος
739 1765 953 1840 Πελοποννήσου
987 1765 1034 1825 καί
1067 1767 1223 1847 Ἑλλάδος,
1259 1773 1339 1849 κυροὺ

54 1885 137 1964 Βάρδα
161 1889 207 1946 τοὺ
230 1887 382 1946 Ἰκανάτου.
410 1887 473 1946 δὺεν
500 1885 547 1947 καί
570 1889 637 1966 πρός
659 1888 689 1946 τό
714 1887 789 1964 ἔχειν
812 1889 882 1962 ὑμᾶς
904 1889 935 1947 τό
964 1887 1099 1969 ἀσφαλές,
1127 1886 1266 1966 προέταξα
1292 1888 1338 1948 καί

53 2003 159 2078 ὑπέταξα
182 2005 348 2088 ἰδιοχείρως,
371 2013 417 2068 τοὺ
439 2009 519 2088 ὑρους
537 2011 688 2089 γραφέντος
712 2009 756 2068 διὰ
772 2009 901 2069 Ἰωάννου
924 2009 1046 2090 νοταρίου
1069 2013 1115 2068 τοῦ
1137 2011 1338 2090 ταβουλλαρίου

53 2131 92 2185 τοὺ
117 2128 279 2209 Περάματος
313 2129 391 2206 μηνὶ
426 2131 552 2210 μαρτίῳ
581 2132 727 2212 πέμπτῃ,
761 2128 970 2202 ἰνδικτιιῖινος
996 2129 1033 2209 β’,
1058 2131 1151 2203 ἔτους
1178 2152 1234 2212 ,ςχ
1264 2132 1338 2192 δευ-

52 2251 135 2327 τέρου
155 2251 226 2310 κατὰ
248 2251 397 2329 παρουσίαν
419 2250 473 2310 τῶν
495 2253 703 2332 ὑπογραφέντων
727 2253 877 2332 μαρτὺρων,
902 2255 922 2332 †

145 2373 165 2452 †
188 2370 390 2449 θεοδόσιος,
418 2373 666 2454 χαρτουλάριος
692 2373 748 2433 καί
771 2375 1015 2454 πατριαρχικὺς
1037 2377 1203 2454 νοτάριος,
1227 2377 1241 2434 ό
1264 2375 1338 2434 ἀνε-

54 2493 116 2565 ὑιός
136 2497 189 2552 τοὺ
212 2493 442 2572 ἀποιχομένου
473 2495 652 2556 Βασιλεῖου
682 2499 736 2554 τοὺ
766 2494 1000 2575 Καστρεισίου,
1032 2493 1187 2574 ἀρεσθεὶς
1218 2493 1272 2555 ἐπὶ
1300 2501 1337 2578 τῇ

53 2617 186 2696 παρούσῃ
210 2613 370 2688 άποτάξει
393 2623 451 2692 τῆς
475 2614 657 2697 εἰρημένης
680 2623 783 2692 μονής
805 2621 860 2677 τοῦ
882 2617 990 2692 τιμίου
1014 2615 1203 2695 Θεολόγου,
1227 2621 1282 2677 τοῦ
1306 2617 1338 2676 ἐν

54 2740 177 2814 τῄνήσῳ
198 2743 258 2813 τῆς
280 2739 428 2817 Πάτμου,
450 2738 655 2818 παραλαβὼν
677 2737 712 2798 δὲ
732 2737 788 2798 καί
808 2739 842 2798 τό
865 2738 1170 2818 ἀναγεγραμμένον
1192 2737 1338 2818 χρυσίον,

53 2855 83 2912 τὰ
103 2856 254 2920 διακόσια
275 2861 520 2940 τραχέαχιάτα
534 2858 735 2940 νομίσματα,
751 2866 821 2922 σῶα
836 2857 892 2920 καὶ
915 2857 1097 2938 ἀνελλιπῆ,
1121 2860 1339 2940 ἀντιστρέψας

55 2976 84 3036 δὲ
111 2981 182 3056 ὑμῖν
212 2982 251 3040 τά
284 2981 572 3063 ἀναγεγραμμένα
605 2982 828 3062 δικαιώματα,
856 2984 890 3040 τό
912 3002 948 3041 τε
969 2983 1179 3062 πρωτότυπον
1201 2987 1259 3056 τῆς
1281 3003 1338 3057 μυ-

54 3109 154 3178 στικῆς
170 3099 359 3176 διατάξεως
381 3107 436 3164 τοὺ
458 3108 556 3184 κυροὺ
572 3101 822 3184 Χριστοδσὺλου
837 3101 893 3164 καὶ
909 3107 1057 3181 μοναχοὺ
1080 3107 1134 3162 τοῦ
1152 3103 1338 3182 Λατρηνοὺ,

53 3223 81 3279 τό
105 3227 315 3304 πρωτότυπον
345 3229 400 3284 τοὺ
429 3225 643 3286 κωδικέλλου
674 3227 771 3284 αὑτοῦ
802 3224 856 3284 καὶ
884 3223 921 3284 τόι
952 3224 1006 3284 ίσα
1035 3225 1156 3283 τούτων
1183 3223 1220 3282 τδι
1242 3243 1338 3284 πεπι-

56 3348 192 3420 ττωμένα
213 3346 301 3427 παρὰ
322 3351 380 3406 τοὺ
404 3346 780 3426 μεγαλεπιφανεστάτου
800 3347 1053 3426 κουροπαλάτσυ
1075 3343 1131 3404 καί
1152 3343 1339 3424 πραίτωρος

57 3463 300 3544 Πελοποννήσου
322 3467 378 3528 καὶ
400 3467 586 3544 Ἑλλάδος,
609 3473 708 3549 κυροῖ
723 3468 835 3547 Βάρδα
856 3472 911 3528 τοῦ
927 3469 1116 3547 Ἰκανάτου,
1140 3468 1183 3538 ὡς
1204 3468 1239 3526 τό
1261 3467 1339 3544 ὑφος

57 3585 152 3668 δηλοῖ,
182 3587 240 3650 καὶ
269 3587 318 3662 εἰς
348 3589 456 3666 μηδὲν
485 3596 547 3650 τῶν
575 3590 886 3670 ἀναγεγραμμένων
917 3589 1155 3670 ἀμφιβάλλων,
1185 3590 1227 3660 ὡς
1254 3587 1339 3648 κατά

57 3707 176 3785 ὑέλησιν
204 3710 335 3772 οἰκείαν
362 3709 420 3772 καὶ
449 3713 586 3790 γνώμην
618 3709 886 3792 ἀποταξάμενος,
918 3709 1029 3794 οἰκείᾳ
1056 3708 1144 3790 χειρί
1171 3706 1338 3790 προέταξα

57 3829 101 3888 καί
120 3831 270 3906 ὑπέταξα.
296 3836 316 3914 †

145 3955 376 4036 γΝικόλαος,
410 3955 425 4012 ό
456 3953 598 4030 εὑτελὴς
631 3953 755 4033 ἰερεὺς,
788 3957 1038 4032 πρωτοπαπποῖς
1071 3952 1126 4013 καὶ
1159 3951 1338 4028 οἰκονόμος

59 4079 107 4146 τῆς
127 4076 220 4154 ἁγίας
243 4075 388 4156 Εἰρήνης
409 4080 464 4136 τοὺ
489 4077 700 4156 Περάματος,
723 4077 861 4156 πάρειμι
885 4074 935 4134 ἐπὶ
958 4073 1001 4152 τῷ
1022 4077 1160 4153 παρόντι
1184 4074 1338 4152 ἐγγράφῳ

60 4199 106 4268 τῆς
126 4195 315 4272 ἀτοτάξεως
336 4204 394 4275 τῆς
418 4199 726 4278 ἀναγεγραμμένης
749 4201 852 4272 μονῆς
873 4199 929 4255 τοῦ
950 4193 1061 4271 τιμίου
1084 4193 1258 4273 Θεολόγου
1280 4200 1338 4270 τῆς

61 4311 176 4392 Πάτμου
201 4319 256 4380 καί
282 4326 321 4402 τῇ
349 4319 441 4380 δόσει
467 4324 523 4380 τοὺ
549 4319 685 4398 χρυσίου
712 4323 774 4377 τῶν
802 4315 978 4376 διακοσίων
1005 4318 1157 4394 τραχέων
1184 4318 1338 4394 χηράτων

60 4445 251 4514 ’νομισμάτων
282 4439 339 4501 καί
365 4447 402 4523 τῇ
433 4443 629 4522 ἀντιστροφῇ
656 4445 717 4499 τῶν
747 4439 1055 4519 ἀναγεγραμμένων
1088 4436 1337 4516 δικαιωμάτων,

61 4557 95 4628 ὡς
113 4563 143 4620 τό
163 4563 238 4642 ὑφος
261 4561 374 4642 δηλοῖ,
397 4562 452 4622 καί
476 4568 648 4643 μαρτυρῶν
671 4563 856 4642 ὑπέγραψα.
880 4563 901 4640 †

149 4684 369 4764 γΝικόλαος,
391 4681 579 4768 κληήρικδς]
615 4690 680 4759 τῆς
715 4684 815 4759 αὑτῆς
850 4677 1050 4760 ἐκκλησίας,
1085 4681 1099 4740 ό
1128 4685 1190 4740 τοὺ
1223 4685 1340 4740 παππά
