3162 5278
257 324 320 390 338

252 519 342 596 ψυχὴν
357 516 491 598 σωτηρίαν
506 537 536 578 τε
551 515 598 578 καὶ
614 517 751 596 ὠφέλειαν
773 516 821 578 καὶ
837 516 966 596 διηνεκῆ,
989 516 1098 596 ἀσφαλῆ
1115 537 1145 578 τε
1167 517 1215 577 καὶ
1235 518 1436 597 ἀμετάτρεπτον
1452 515 1546 576 σύστα-

252 659 292 698 σιν
313 643 360 698 τοῦ
381 641 552 720 πράγματος.
581 639 672 700 τούτου
694 642 775 720 χάριν
802 635 851 700 καὶ
871 639 954 714 ἡμεῖς
974 638 1024 713 τῆν
1047 636 1151 714 αἴτησιν
1174 639 1262 698 αδτῶν
1283 639 1381 714 ταίιην
1405 639 1444 710 ῶς
1467 637 1545 697 εόλσ-

252 761 301 841 γόν
316 781 346 821 τε
366 759 414 820 καὶ
429 761 497 841 πρός
512 761 625 840 θεοφιλῆ
647 761 789 840 ἀφορῶσαν
811 762 912 822 σκοπόν
936 763 1056 836 εἱιμενῶς
1079 757 1281 836 ἀποδεξάμενοι
1295 763 1437 841 γράφομεν
1453 762 1545 842 γνῶμη

252 881 349 942 τεκαὶ
372 885 521 944 συναινέσει
543 886 589 944 τοῦ
611 885 818 962 μακαριωτάτου
841 881 888 943 καί
911 883 1062 962 άγιωτάτου
1084 885 1252 964 πατριάρχου
1274 887 1328 942 τῶν
1350 881 1545 962 Ἱεροσολύμων

253 1002 299 1064 καὶ
325 1007 414 1080 πάσης
440 1004 637 1085 Παλαιστίνης,
665 1005 770 1086 κυρίου,
797 1004 888 1084 κυρίου
912 1003 1071 1085 Παρθενίου,
1099 1004 1127 1064 ἐν
1155 1004 1226 1084 ἀγίιρ
1251 1003 1383 1078 πνεύματι
1410 1003 1545 1082 ἀγαπητοῦ

253 1122 300 1186 καί
321 1127 500 1206 περιποθήτου
522 1126 642 1206 ἀδελφοῦ
669 1125 716 1186 καί
738 1127 950 1208 συλλειταυργοό
972 1133 1021 1203 τῆς
1043 1127 1123 1202 ἡμῶν
1146 1127 1330 1207 μετριότητος,
1357 1123 1405 1186 καὶ
1432 1125 1544 1203 ἀποφαι-

253 1247 358 1322 νόμεθα
384 1247 531 1320 συνσδικῶς
559 1249 629 1323 μετὰ
654 1253 709 1308 τῶν
731 1246 793 1328 περὶ
815 1249 891 1323 ἡμᾶς
912 1247 1067 1328 ίερωτάτων
1089 1247 1298 1328 μητροπολιτῶν
1320 1244 1367 1306 καί
1389 1246 1543 1324 ἀτεράμων,

254 1374 308 1428 τῶν
332 1368 361 1427 ἐν
383 1367 454 1448 ἀγίιρ
475 1369 607 1445 πνείιματι
629 1369 778 1449 ἀγαπητῶν
800 1371 880 1446 ἡμῶν
904 1369 1031 1449 ἀδελφῶν
1054 1367 1101 1430 καὶ
1124 1368 1355 1448 συλλειτουργῶν,
1382 1369 1426 1428 ίνα
1451 1369 1484 1428 τὰ
1507 1366 1543 1426 εί-

255 1491 361 1569 φημένα
389 1490 457 1550 ἑπτὰ
481 1493 615 1570 πουγγεῖα
637 1497 691 1550 τῶν
715 1492 824 1572 ἀσπριυν
851 1493 890 1564 ῶς
919 1487 991 1566 ἀταξ
1013 1491 1228 1570 προσηλωθέντα
1249 1511 1278 1550 τε
1301 1487 1350 1551 καὶ
1371 1489 1544 1571 ἀφιερωθέντα

254 1616 288 1692 τῆ
321 1611 392 1670 κατὰ
423 1611 472 1689 τῆν
505 1618 587 1688 νῆσον
620 1593 718 1688 ταύτην
752 1613 864 1688 Πάτμον
899 1611 1060 1693 διατελοθσῃ
1097 1618 1152 1672 τῶν
1190 1611 1346 1689 ἐλληνικῶν
1383 1609 1544 1689 μαθημάτων

254 1733 346 1815 σχολῇ
372 1731 534 1812 ὀφείλωνται
554 1733 626 1794 κατά
652 1736 741 1794 πάντα
768 1733 872 1794 δικαίου
898 1735 985 1812 λόγον
1010 1735 1101 1809 μένειν
1127 1735 1158 1794 τ“σ
1186 1734 1239 1794 ἀπό
1261 1733 1341 1794 τοῦδε
1367 1733 1414 1794 καί
1443 1731 1480 1804 εἰς
1502 1735 1543 1792 τόν

256 1853 322 1932 ἑξῆς
345 1857 450 1916 ἅπαντα
471 1859 572 1937 χρόνον
595 1857 679 1936 μέχρι
700 1861 750 1932 τῆς
772 1858 925 1928 συστάσεως
947 1859 993 1916 τοῦ
1016 1857 1096 1916 αὺτοῦ
1118 1855 1147 1915 ἐν
1169 1855 1324 1935 τῆΠάτμιρ
1346 1854 1475 1933 σχολείου
1496 1854 1542 1926 δη-

255 1976 330 2052 λαδῆ
361 1976 575 2050 ἀναπσσπάστως
607 1976 655 2038 καί
685 1977 871 2058 ἀναφαιρέτως
905 1978 955 2037 ίιπδ
985 1978 1035 2052 τῆν
1066 1977 1222 2038 ἐπιστασίαν
1256 1975 1302 2037 καί
1336 1974 1467 2049 διοίκησιν
1496 1981 1542 2032 τῶν

254 2097 326 2158 κατὰ
347 2099 458 2179 καιροὺς
479 2093 622 2180 χρησίμων
644 2101 821 2180 προεστώτων
843 2096 891 2158 καὶ
914 2097 1064 2179 ἐπιτρόπων
1086 2102 1133 2158 τοῦ
1154 2097 1267 2158 ἐνταῦθα
1288 2099 1317 2156 ἐν
1333 2098 1542 2158 Πωνσταντινου-

254 2219 336 2282 πόλει
370 2221 558 2300 εόλογημὲνου
593 2219 729 2300 ῥουφετίου
760 2225 813 2279 τῶν
839 2219 1032 2301 γουναράδων,
1067 2214 1220 2292 τοκίζεσθαί
1248 2239 1278 2280 τε
1312 2220 1355 2278 ὑπ’
1388 2221 1473 2279 αὐτῶν
1502 2215 1542 2277 καὶ

255 2330 415 2418 πέμπεσθαι
439 2342 484 2402 τὀν
516 2341 621 2416 ἐτῆσιον
650 2341 737 2400 αἰιτῶν
767 2342 847 2402 τόκον
877 2340 948 2417 μετὰ
975 2343 1065 2419 πάσης
1095 2339 1248 2420 ἀσφαλείας
1276 2339 1315 2418 τῷ
1345 2339 1417 2400 κατὰ
1444 2339 1543 2420 καιροὶις

258 2461 418 2542 διδασκάλῳ
444 2467 490 2522 τοῦ
518 2463 596 2522 αυτοῦ
624 2462 653 2522 ἐν
679 2467 712 2544 τῇ
736 2463 841 2542 Πάτμῳ
872 2463 1085 2542 φροντιστηρίου,
1113 2462 1247 2542 ἐφείλοντι
1274 2461 1463 2542 ἀπαραιτήτως
1490 2460 1542 2520 διο-

258 2585 350 2660 νέμειν
372 2581 420 2644 καὶ
443 2582 546 2644 διδόναι
572 2579 643 2644 κατά
666 2581 816 2662 ἀναλογίαν
843 2583 878 2644 τά
905 2583 1133 2659 ἀποστελλόμενα
1159 2585 1226 2664 πρδς
1252 2583 1315 2656 τοὺς
1343 2582 1434 2666 ἐνδείᾳ
1459 2584 1541 2652 πιεζο-

258 2707 357 2782 μένους
380 2705 506 2780 μαθητάς
529 2705 607 2766 αὐτοῦ
630 2704 863 2784 ἀφιλυπροσῶπως
889 2703 937 2764 καὶ
960 2705 990 2764 ἐν
1011 2704 1125 2785 καθαρῷ
1147 2703 1278 2764 συνειδότι
1299 2709 1389 2782 ψυχῆς
1412 2702 1443 2776 ἐξ
1466 2705 1542 2763 όταν·

258 2846 305 2899 τος
341 2823 380 2898 είς
416 2825 577 2906 περίθαλψιν
613 2823 660 2886 καί
697 2826 857 2906 κυβέρνησιν
894 2826 991 2906 αθτῶν,
1026 2829 1166 2906 προκοπήν
1202 2847 1231 2886 τε
1267 2824 1314 2886 καί
1354 2824 1472 2885 ἐπίδοσιν
1505 2823 1541 2883 καὶ

260 2945 431 3026 εθδοκίμησιν
465 2948 494 3007 ἐν
527 2949 583 3020 τοῖς
616 2948 784 3029 μαθήμασιν,
818 2947 856 3020 ὡς
887 2945 1000 3029 εἴρηται,
1033 2945 1094 3026 περὶ
1123 2942 1157 3023 ῆς
1187 2947 1341 3019 ἀποθέσεως
1374 2946 1477 3028 ἐγράφη
1504 2943 1539 3004 καί

260 3071 352 3150 ἕτερον
376 3069 602 3146 ἐκκλησιαστικὸν
624 3071 703 3144 ἡμῶν
725 3071 842 3149 γράμμα
869 3068 902 3130 τά
925 3069 992 3129 οάτά
1015 3067 1213 3149 διαλαμβάνων
1240 3067 1286 3129 καὶ
1310 3068 1393 3145 ἐδόθη
1415 3065 1455 3145 τῷ
1476 3065 1539 3144 εἰρη-

259 3192 334 3269 μένῳ
357 3189 485 3270 ῥουφετίῳ
509 3196 563 3250 τῶν
585 3190 727 3269 χρησίμων
749 3189 926 3270 γουναράδων
948 3196 1118 3271 χριστιανῶν.
1148 3192 1210 3250 ὅθεν
1233 3188 1273 3262 είς
1299 3191 1347 3266 τὴν
1374 3189 1437 3272 περὶ
1461 3189 1539 3249 τοίιτου

259 3308 373 3384 ἔνδειξιν
402 3310 449 3372 καί
479 3311 592 3389 διηνεκῆ
620 3285 772 3390 ἀσφάλειαν
803 3311 913 3389 ἐγένετο
944 3309 991 3372 καὶ
1019 3313 1050 3372 τό
1079 3313 1165 3392 παρόν
1187 3313 1320 3392 ἡμέτερον
1346 3309 1537 3392 τατριαφχιιόι.

260 3431 397 3494 συνοδικδν
424 3433 620 3514 βεβαιωτῆριον
646 3434 764 3514 γράμμα
793 3429 840 3492 καὶ
871 3431 953 3508 ἐδόθη
983 3432 1022 3511 τῷ
1048 3435 1120 3494 κατὰ
1148 3434 1197 3509 τἠν
1226 3433 1336 3510 Πάτμον
1363 3429 1538 3513 φροντιστηρίῳ

259 3553 354 3632 τούτῳ.
377 3551 495 3636 ,αψμεᾏ
520 3553 552 3614 ἐν
576 3551 653 3628 μηνὶ
675 3551 796 3634 ἐσυνίῳ,
822 3551 1029 3626 ἰνδικτιῶνσς
1050 3553 1088 3631 η’.
1112 3557 1133 3634 †

363 3675 447 3753 †'0
480 3676 691 3755 πατριάρχης
723 3681 781 3752 τῆς
815 3674 915 3754 άγίας
947 3677 1081 3748 πόλεως
1113 3675 1340 3757 Ἰερουσαλὴμ
1371 3675 1537 3756 Παρθένιος

260 3795 550 3877 συναποφαίνεται.
573 3798 595 3876 †

260 3919 280 3996 †
303 3918 338 3977 ‘0
358 3916 565 3998 Ἡρακλείας
587 3917 778 3998 Ιέράσιμσς.
803 3920 824 3997 †
933 3919 954 3997 †
977 3919 1012 3976 ‘0
1041 3919 1262 3994 Χαλκηδόνος
1290 3915 1537 3988 Καλλίνικοςῆ

261 4041 281 4118 †
305 4039 339 4098 ‘0
363 4038 507 4110 Νικαίας
532 4032 680 4108 Παίσισς.
705 4039 725 4116 †
934 4039 955 4116 †
979 4039 1009 4097 Ὁ
1032 4038 1246 4120 Σελυμβρίας
1269 4041 1457 4120 Γρηγόριος.
1480 4040 1498 4116 †

259 4160 280 4238 †
304 4160 338 4219 ‘0
362 4160 493 4241 Σερρῶν
517 4155 685 4234 Ἀνθιμος.
709 4159 730 4238 †
933 4159 954 4238 †
979 4160 1014 4219 ‘0
1038 4159 1268 4237 Νικομηδείας
1291 4161 1508 4242 Κόριλλος.ῒ

259 4279 280 4357 †
305 4325 666 4343 ..........
692 4281 713 4360 †
933 4282 954 4360 †
978 4279 1535 4362 ὉἈδριανουπόλεωςΔιονιίοιος.θ

363 4407 506 4478 Ατσίισίμρ.
532 4409 609 4464 Flor.
627 4411 669 4463 ΙΙ.
693 4425 743 4462 nro
761 4411 808 4462 70.
