3186 5286
269 351 333 416 372

268 545 383 624 ἀρχαῖον
406 541 452 603 καὶ
467 545 584 622 γεραρσν
605 547 792 622 μοναστηριον,
818 544 880 604 δέον
903 543 1130 622 συναγωνίζεσθαι
1155 544 1387 618 ἐπιμελουμένους
1406 549 1456 617 τῆς
1477 540 1555 616 αῦξη-

268 687 338 737 σεως
365 665 411 726 καὶ
435 659 608 738 βελτιώσεως
631 667 720 726 αὺτοῦ.
751 670 834 725 ταῦτα
858 667 908 741 μὲν
933 661 978 724 ούν
1001 666 1140 743 ἀπεφάνθη
1163 664 1210 725 καὶ
1232 665 1384 744 κεκύρωται
1406 663 1558 740 συνοδικῶς,

269 786 308 859 είς
329 787 360 846 δὲ
379 789 428 862 τὴν
444 785 504 866 περὶ
520 789 619 846 τούτων
636 786 748 859 ἔνδειξιν
771 786 817 846 καί
841 787 953 862 διηνεκῆ
976 787 1024 861 τὴν
1048 787 1198 866 ἀσφάλειαν
1222 785 1332 864 ἐγένετο
1356 783 1403 844 καὶ
1425 787 1455 844 τὶν
1478 785 1558 864 παρὲν

267 911 401 988 ἡμέτερον
416 911 611 989 πατριαρχικύν
627 909 673 968 καί
694 907 832 968 συνούικύν
847 911 965 986 γράμμα
984 908 1031 968 καὶ
1051 907 1240 988 καταστρωθὲν
1256 907 1308 966 κάν
1324 905 1362 984 τῷ
1381 905 1447 986 ίερῷ
1466 905 1556 966 κιίιδινι

267 1035 316 1107 τῆς
331 1031 393 1089 καθ’
409 1031 484 1105 ἡμᾶς
503 1035 549 1090 τοῦ
568 1032 681 1110 Χριστοῦ
705 1027 833 1108 μεγάλης
857 1029 1008 1106 ἐκκλησίας
1031 1029 1174 1105 ἀπεστάλη
1199 1028 1238 1100 είς
1260 1031 1290 1088 τύ
1311 1029 1392 1108 ῥηθὲν
1414 1028 1442 1086 ἐν
1459 1029 1556 1106 Πάτμῳ

268 1152 340 1232 ίερύν
363 1155 542 1232 μοναστηριον
565 1156 611 1211 τοῦ
634 1151 711 1230 ἁγίου
736 1152 862 1210 Ἰωάννου
884 1156 930 1210 τοῦ
953 1150 1106 1228 Θεολύγου.
1132 1151 1165 1210 ἐν
1189 1151 1257 1209 ἔτει
1279 1149 1429 1228 σωτηρίῳ
1450 1150 1555 1226 χιλιο-

268 1272 330 1352 στῷ
359 1271 606 1350 ἑττακοσιοστῷ
633 1273 859 1352 ἐννενηκοστῳ
885 1275 1034 1350 πέμπτῳ,
1067 1272 1297 1346 ἑπινεμήσεως
1325 1271 1468 1344 δεκάτης
1493 1270 1554 1347 τρί-

266 1415 338 1472 της,
362 1389 446 1454 κατὰ
469 1400 555 1468 μῆνα
578 1395 809 1474 φεβρσυάριον.
834 1395 855 1472 †

372 1518 392 1596 †
415 1517 467 1575 Ἐν
491 1514 568 1590 μηνί
591 1517 812 1595 ῳεβρουαρίῳ,
836 1515 1047 1586 ίνδικτιιῦνσς
1072 1514 1122 1592 ιγ’.
1146 1517 1167 1594 †

266 1639 287 1716 †
310 1639 344 1696 ‘0
369 1637 577 1716 Καισαρείας
600 1637 788 1716 Γρηγύριος.
813 1639 834 1717 †
940 1637 961 1715 †
985 1636 1019 1696 ‘0
1043 1637 1171 1715 Βάρνης
1195 1637 1375 1706 Φιλύθεος.
1401 1637 1422 1715 †

266 1759 288 1836 †
312 1759 347 1818 ‘0
371 1757 593 1834 Χαλκηδόνος
622 1759 799 1838 Ἱερεμίας.
823 1761 844 1838 †
940 1759 961 1837 †
985 1757 1019 1814 Ὀ
1043 1757 1249 1837 Ἡρακλείας
1271 1757 1498 1835 Κύριλλος.ί

266 1881 287 1959 †
310 1881 345 1938 ‘0
370 1928 376 1940 .
401 1925 408 1940 .
434 1928 440 1940 .
466 1927 472 1941 .
499 1879 665 1954 Ἰωακείμ.
690 1879 711 1956 †
941 1879 962 1957 †
985 1878 1021 1935 Ὀ
1045 1923 1333 1939 ........
1357 1879 1378 1955 †

267 2003 288 2078 †
312 2000 347 2058 Ὀ
372 2045 378 2059 .
405 2047 411 2059 .
437 2047 444 2061 .
470 2047 475 2057 .
502 1999 672 2076 Σαμουὴλ.
697 1999 718 2078 †
941 1999 962 2076 †
985 1998 1020 2056 ‘0
1051 1997 1285 2072 Νικομηθείας
1316 1998 1551 2071 Ἀθανάσιοςί

266 2121 287 2197 †
311 2121 344 2178 ‘0
368 2121 500 2199 Δέρκων
525 2121 710 2198 Μακάριος.
734 2121 754 2198 †
940 2118 960 2195 ’γ
984 2119 1019 2176 Ὁ
1043 2114 1180 2202 [Δραμας]
1204 2119 1392 2198 Γρηγάριος.
1416 2120 1437 2194 †

369 2247 512 2316 Ανυίιειμμ.
537 2230 612 2301 Flor.
631 2248 672 2300 ΙΙ.
697 2265 746 2300 τινα
765 2249 813 2300 88.

451 2583 567 2648 CLXI.
594 2582 819 2666 7306-1797,
852 2583 900 2648 19.
925 2585 1043 2648 mensis
1067 2584 1215 2668 octobris,
1239 2583 1304 2648 ind.
1329 2585 1354 2649 I.

309 2731 475 2785 Ραίνίανούα
494 2730 689 2801 θερμοτάτων.
713 2732 785 2786 ίιιύεί
806 2733 965 2785 ιἀιιίσιιτανά
985 2732 1102 2785 καλοῖσιν
1124 2731 1278 2787 litterarum
1299 2749 1461 2803 ρταεαατιιιιι
1483 2733 1508 2783 ιἰι
1578 2769 1579 2776 1

825 2837 996 2892 monasterio.

367 3019 605 3099 γΓρηγύριος,
637 3019 724 3098 ἐλέῳ
755 3020 830 3080 θεοῦ
862 3021 1126 3099 ἀρχιεπίσκοπος
1153 3021 1545 3088 Κωναταντινουπάλεως.
1576 3085 1577 3088 ¹

265 3141 353 3214 Νέας
375 3137 518 3218 Ῥώμης,
542 3139 597 3199 καί
620 3139 857 3216 οίκουμενικύς
879 3144 1098 3222 πατριάρχης.
1123 3143 1143 3220 θ

367 3332 564 3410 ’[Ὁοιιύτατε
593 3331 783 3409 καθηγοῦμενε
814 3335 860 3391 τοῦ
889 3331 917 3390 ἐν
945 3338 977 3413 τῇ
1005 3335 1079 3412 νήσῳ
1103 3333 1208 3412 Πάτμῳ
1235 3333 1307 3413 ἱεροῦ
1336 3333 1384 3393 καί
1412 3326 1543 3409 σεβασμίου

263 3453 396 3532 ἡμετέρου
422 3456 618 3534 πατριαρχικοῦ
645 3451 691 3512 καὶ
718 3457 952 3532 σταυροπηγιακοῦ
979 3454 1157 3533 μονασιηρίου
1187 3459 1235 3514 τοῦ
1261 3453 1339 3534 ἁγίου
1363 3455 1487 3514 Ἰωάννου
1507 3455 1543 3511 τοῦ

264 3573 408 3652 Θεολάγου
430 3573 477 3634 καί
500 3574 627 3654 ἐπίτροπε
649 3581 698 3650 τῆς
720 3581 918 3654 τιατριαρχικῆς
937 3576 1016 3650 ἡμῶν
1036 3573 1177 3656 ἐξαρχίας,
1200 3579 1248 3655 κύρ
1266 3577 1394 3659 Ἰωάσαρ,
1417 3576 1462 3636 καὶ
1481 3575 1541 3634 ύσιο-

263 3694 436 3776 λογιώτατοι,
469 3699 537 3756 ὅτε
568 3695 736 3768 διδάσκαλος
765 3694 812 3755 καί
842 3697 1002 3774 καθηγητὴς
1035 3702 1085 3773 τῆς
1114 3695 1205 3757 αῦτόθι
1238 3703 1333 3774 κοινῆς
1366 3697 1472 3776 σχολῆς
1501 3701 1542 3754 τῶν

263 3816 418 3892 ἑλληνικῶν
446 3819 624 3896 μαθημάτων,
655 3821 704 3896 κῦρ
727 3817 844 3896 Δανιήλ,
876 3816 923 3877 καὶ
950 3817 1221 3896 ὁύτοδιδάσκαλσς,
1249 3822 1298 3898 κῦρ
1321 3819 1449 3896 Μισαηλ,
1476 3819 1541 3876 τέκνα
1571 3851 1572 3868 ι

262 3940 291 3998 ἐν
313 3937 397 4018 κυρίῳ
420 3939 547 4017 άγατσητὰ
568 3945 619 4014 τῆς
637 3941 717 4014 ἡμῶν
740 3942 923 4020 μετριότητος,
946 3942 1027 4020 χάρις
1051 3938 1093 4014 εἴη
1117 3939 1177 4014 ύμῖν
1199 3937 1246 4000 καί
1269 3938 1363 4019 εἰρήνη
1387 3940 1461 4019 παρὰ
1482 3941 1541 4009 θεοῦ,
1570 4017 1571 4027 γ

260 4061 324 4140 παρ’
347 4061 426 4134 ἡμῶν
454 4058 485 4118 δὲ
513 4061 596 4138 εύχή,
625 4059 739 4138 εθλογία
764 4057 812 4120 καί
840 4054 1023 4140 συγχώρησις.
1054 4059 1078 4120 εί
1106 4059 1154 4120 καὶ
1181 4060 1208 4119 αἱ
1231 4061 1319 4122 άλλαι
1345 4061 1483 4139 παροικίαι
1505 4057 1541 4118 καὶ

261 4178 401 4260 ἐπαρχίαι,
425 4183 485 4240 ὅσαι
504 4179 648 4240 πλουτοῦσι
667 4181 794 4262 σχολεῖα,
817 4181 1004 4264 ἐσεμνύνοντο,
1026 4182 1087 4242 κατ’
1100 4177 1239 4262 ἐξαίρετον
1255 4183 1331 4258 ὅμως
1343 4181 1431 4260 λύγον
1447 4183 1541 4262 ἔτρεπε
1569 4163 1570 4183 ¹

260 4302 295 4360 νὰ
317 4301 475 4376 σεμνύνεται
496 4304 513 4376 ἠ
536 4308 618 4378 νῆσος
641 4303 721 4383 αῦτη,
750 4307 789 4363 ὅτι
813 4304 868 4363 δύω
891 4301 1092 4380 ἀξιοθαύμαστα
1112 4303 1235 4386 πλουτεῖ,
1258 4305 1288 4363 ἓν
1313 4303 1364 4380 μὲν
1387 4305 1419 4364 τύ
1440 4303 1540 4385 γεραρύν
1568 4287 1569 4339 ί

260 4421 306 4481 καί
334 4423 482 4497 σεβάσμιον
511 4427 701 4505 μσναστήριον,
729 4423 775 4482 καί
804 4423 877 4484 ἄλλο
904 4426 953 4500 τἠν
980 4431 1203 4506 καρποφοροῦσαν
1225 4427 1323 4503 ταύτην
1346 4425 1464 4506 σχολήν,
1485 4442 1539 4504 τρο·
1566 4407 1568 4495 ί

261 4537 388 4613 ξενοῦντα
415 4544 563 4622 ἀμφύτερα,
593 4545 679 4614 κλέος
710 4544 750 4616 εἰς
779 4547 810 4604 τύ
837 4545 949 4620 εὐσεβὲς
970 4549 1050 4622 ημῶν
1076 4551 1296 4628 χριστεπύινυμον
1325 4549 1474 4628 πλήρωμα.
1504 4541 1539 4604 καὶ

260 4662 314 4736 ἤδη
337 4665 510 4742 καθορῶντες
532 4665 581 4735 τὰς
604 4663 804 4738 ἀκαταστασίας
827 4669 913 4726 αῦτῶν
940 4667 987 4728 καί
1010 4671 1263 4751 τληροῳορηθέντες
1286 4671 1396 4730 ἐκτῶν
1419 4666 1457 4729 ὧν
1476 4687 1537 4746 περ·
