3184 5288
474 792 578 858 LVII.
604 791 829 877 6723-1214,
852 813 963 858 mense
986 791 1170 880 septembri,
1193 791 1258 858 ind.
1282 793 1341 858 111.

262 939 431 1011 Νίοερίιοπιιο
464 940 620 1012 Lamiam,
655 959 725 995 υαοσ
763 947 787 995 et
814 941 909 1010 frater
941 942 998 994 αὐτ
1029 941 1190 996 monaster&
1225 940 1254 997 S.
1289 941 1403 998 Mariae
1437 941 1546 998 Nsvosae

716 1045 820 1102 άαιιοπί
840 1063 922 1118 αριστ
944 1045 973 1100 τίι
993 1044 1095 1101 Asino.

432 1232 665 1331 Q—
710 1231 866 1313 Νικηρὸρσυ
984 1229 1140 1328 EQ
1156 1230 1303 1294 Βασιλτίσυ
1324 1233 1371 1294 τοῦ

441 1354 497 1415 υίοῦ
512 1351 672 1436 Βαοιλείουψ
686 1358 732 1416 τοῦ
749 1353 898 1431 Λιμνιιίιτη.
986 1349 1139 1435 έξαδέλρου
1222 1354 1310 1416 σῦτοῦ.

363 1565 384 1644 †
407 1565 455 1624 Ἐν
478 1564 590 1640 δνδματι
615 1569 661 1624 τσῦ
683 1565 785 1646 πατρὸς
811 1563 857 1626 καὶ
879 1567 926 1626 τοῦ
947 1563 1003 1624 υίοῦ
1030 1561 1078 1624 καί
1103 1567 1150 1625 τοῦ
1173 1563 1251 1644 ἁγίου
1271 1564 1434 1641 πνεύματος.
1462 1565 1546 1638 Νικη-

258 1689 349 1768 ρδρος,
372 1687 388 1746 δ
409 1687 466 1759 υίδς
487 1685 634 1748 Βασιλείου
655 1691 702 1749 τοῦ
726 1683 875 1767 Λιμνιώτη,
899 1689 958 1763 ἁμα
978 1692 1028 1763 της
1050 1679 1163 1764 συμβίου
1186 1708 1238 1763 μου
1263 1686 1312 1748 καὶ
1333 1692 1379 1748 τοῦ
1403 1684 1548 1766 ἑξαδέλρσυ

258 1828 310 1884 μου
336 1809 496 1890 Βασιλείαν,
531 1809 556 1870 σί
586 1808 647 1882 τοῦς
679 1809 784 1885 τιμίους
817 1807 865 1870 καὶ
895 1809 1043 1882 ζωοποιοῦς
1072 1809 1201 1891 σταυροὺς
1232 1807 1419 1888 οίκειοχείρως
1450 1808 1547 1868 ἄνωθεν

257 1932 420 2006 ποιήσαντες
448 1931 604 2008 έπιδίδομεν
631 1929 678 1992 καί
706 1933 788 2008 ἡμεῖς
814 1934 895 2014 χάριν
921 1935 1036 2010 ψυχικοῦ
1062 1932 1141 2008 ἡμῶν
1175 1929 1222 1990 καὶ
1250 1937 1304 1992 τῶν
1337 1932 1442 2010 γονέων
1474 1933 1548 2007 ἡμῶν

256 2055 383 2133 χωράρια
411 2051 450 2126 εἰς
478 2054 526 2130 τἠν
553 2053 713 2116 τοποθεσίαν
739 2057 785 2114 τοῦ
810 2055 941 2132 Ἀσισσοῦ,
971 2055 1022 2113 ὅσα
1053 2053 1086 2114 ἐκ
1111 2059 1229 2132 γονικιῦν
1255 2054 1334 2130 ἡμῶν
1364 2052 1547 2135 κληροδοσιῦν

257 2172 448 2258 [κεκτ]ήμεθα,
476 2173 516 2250 εἰς
537 2176 585 2252 τὴν
608 2177 694 2252 μονὴν
717 2181 766 2254 τῆς
788 2175 937 2257 ῦπεραγίοις
964 2173 1107 2252 δεσποίνης
1133 2176 1213 2252 ἡμῶν
1236 2176 1365 2238 δεοτόκσυ
1386 2182 1438 2254 τῆς
1459 2177 1549 2237 Χισνι-

256 2299 373 2379 σμένης,
400 2303 450 2374 τῆς
476 2295 558 2375 οῦοης
585 2297 615 2358 έν
641 2301 698 2372 τοῖς
725 2299 820 2380 μέρεσι
845 2303 899 2358 τιῦν
923 2297 1082 2378 Παλατίων,
1110 2295 1158 2358 καὶ
1186 2295 1243 2358 ἰδοῦ
1269 2297 1341 2358 κατὰ
1363 2297 1413 2374 τὴν
1435 2299 1549 2378 σήμερον

256 2417 413 2496 έπιδίδομεν
439 2415 474 2480 τὰ
499 2425 609 2481 τοιαῦτα
630 2422 766 2500 χωράρια,
790 2411 836 2480 οἷα
856 2418 904 2480 καὶ
926 2421 979 2482 ὅσα
999 2421 1064 2500 παρ’
1085 2421 1166 2495 ἡμῶν
1187 2417 1358 2501 κατείχοντο,
1382 2421 1423 2494 ῦς
1444 2421 1477 2480 δν
1499 2421 1549 2501 έχῃ

254 2544 339 2600 ταῦτα
371 2544 389 2618 ἡ
424 2543 489 2622 ἁγία
523 2542 593 2620 μονὴ
627 2540 674 2602 καὶ
704 2542 729 2603 οί
757 2543 847 2602 ἐκεῖσε
874 2542 950 2615 ὄντες
980 2541 1027 2602 καὶ
1055 2543 1256 2622 προσμένοντες
1283 2539 1402 2621 μονοχοὶ
1432 2541 1472 2613 είς
1500 2543 1549 2602 ῦπ-

256 2663 367 2744 ηρεσίαν
398 2667 494 2745 αῦτῶν,
526 2665 553 2726 εἴ
572 2685 598 2726 τι
625 2663 673 2725 καὶ
701 2663 855 2741 βοῦλοντοιι.
886 2664 978 2738 εἴτις
1005 2663 1037 2725 δέ
1064 2665 1160 2748 εὑρεθῇ
1186 2664 1221 2725 τὰ
1247 2665 1312 2746 παρ’
1334 2665 1414 2740 ἡμῶν
1442 2663 1549 2726 δοθέντα

254 2785 322 2865 πρδς
344 2786 392 2862 την
417 2785 501 2866 ἁγίαν
528 2785 615 2864 μονὴν
636 2788 717 2868 χάριν
740 2789 856 2866 ψυχικοῦ
877 2788 957 2863 ἡμῶν
987 2784 1109 2847 καὶτῶν
1132 2787 1237 2866 γονέων
1260 2787 1340 2864 ἡμῶν
1363 2783 1512 2867 ἀνατρέψαι
1532 2789 1549 2862 ἦ

256 2905 329 2968 ωσι
345 2909 436 2990 mk,
459 2909 505 2969 ιω
527 2909 638 2988 εχωμει
661 2909 729 2990 ιριι
750 2891 945 2984 mamam
969 2909 1021 2970 τιτι
1043 2913 1094 2984 της
1116 2907 1198 2990 ιγιας
1219 2909 1339 2991 τηετις,
1362 2907 1411 2969 σοι
1432 2909 1451 2984 η
1475 2907 1549 2988 μερὶς

253 3031 332 3106 ἡμῶν
363 3031 433 3091 ἔστω
463 3031 534 3106 μετὰ
559 3035 606 3091 τοῦ
630 3031 734 3112 Ἰοῦδα,
766 3031 844 3092 ἀλλὰ
870 3028 918 3091 καί
945 3031 1029 3114 ζημίᾳ
1055 3031 1220 3108 ῦποπέοητοιι
1241 3032 1309 3111 πρδς
1331 3032 1377 3091 τδν
1400 3025 1549 3116 [δημόσιον]

253 3152 409 3230 νομίσματα
430 3153 526 3233 λίτραν
553 3153 617 3229 μίαν
638 3160 673 3236 τῇ
697 3153 829 3236 ἐμρανείᾳ
854 3157 901 3213 τοῦ
928 3155 1061 3232 παρόντος
1086 3154 1167 3228 ἡμῶν
1195 3153 1340 3234 ἐγγράφου.
1370 3151 1448 3230 μηνὶ
1475 3175 1548 3212 σεπ-

253 3275 400 3356 τεμβρίῳ
424 3274 637 3348 ἰνδικτιῶνος
658 3272 697 3355 γ’,
721 3275 814 3347 έτους
837 3265 956 3356 ,ςψκγ.
980 3277 1002 3354 †

357 3415 447 3494 ψΤὰ
483 3415 608 3475 ἁνωθεν
638 3415 786 3495 τέσσαρα
824 3411 1035 3494 δωρεαστικὰ
1070 3413 1224 3495 ἔγγραρα
1257 3413 1547 3494 ῦπεστηρίχδησαν

252 3535 340 3616 παρὰ
361 3539 424 3596 τῶν
449 3537 589 3596 ἐνταῦθα
612 3535 840 3613 δηλουμένων.
865 3537 886 3616 †

357 3677 494 3755 †Ae'wv
532 3675 642 3756 ἱερεὺς
679 3675 735 3737 καὶ
774 3681 1000 3757 πρωτοπαπῦς
1040 3682 1099 3753 τῆς
1140 3677 1330 3756 ἁγιωτάτης
1371 3677 1547 3752 ἐπισκοπῆς

252 3798 356 3878 Ἱεροῦ
378 3798 395 3857 δ
417 3797 630 3878 Συρδπουλος
655 3800 796 3879 πάρειμι
819 3795 872 3858 ἐπί
894 3804 931 3881 τῇ
953 3798 1103 3882 παροῦση
1127 3798 1287 3860 ἀποδόσει
1308 3803 1371 3859 τῶν
1394 3800 1546 3860 τοιοῦτον

250 3919 427 4000 χωραρίων
446 3917 505 3979 καὶ
528 3921 626 3992 αῦτδς
649 3925 821 4000 μαρτυρῶν
843 3919 1028 4002 ὑπέγραψα.
1052 3923 1074 4002 †

354 4059 651 4140 ψΚωνστοιντῖνος
677 4057 786 4141 ίερεῦς
809 4061 823 4119 δ
847 4059 996 4138 Πολίτης
1021 4057 1078 4122 καὶ
1106 4059 1251 4142 ἔξαρχος
1276 4065 1334 4138 τής
1361 4061 1546 4140 ἁγιωτάτης

252 4181 436 4260 ἐπισκοπῆς
452 4183 556 4262 Ἱεροῦ
578 4185 717 4262 πάρειμι
739 4180 792 4242 ἐπὶ
814 4188 851 4265 τῇ
873 4184 1023 4266 παροῦοῃ
1046 4183 1206 4243 ἀποδόσει
1228 4189 1291 4244 τῶν
1313 4183 1419 4243 αῦτιῦν
1440 4204 1545 4264 χωρα-

250 4303 328 4383 ρίων
350 4305 406 4364 καί
428 4305 526 4375 αῦτδς
549 4309 720 4385 μαρτυρῶν
743 4305 930 4386 ὑπέγραψα.
955 4307 976 4384 †

354 4443 554 4524 ψἸωάννης
583 4442 693 4523 ίερεῦς
724 4442 780 4503 καὶ
810 4442 1026 4524 χαρτορῦλαξ
1056 4450 1115 4521 τῆς
1143 4445 1334 4524 ἁγιωτάτης
1365 4445 1546 4519 ἐπισκοπῆς

251 4566 353 4644 Ἱεροῦ
369 4565 382 4623 δ
401 4565 652 4642 Πεπαγωμένος
670 4567 808 4645 πάρειμι
829 4563 881 4625 ἐπὶ
901 4572 938 4648 τῇ
961 4568 1110 4650 παροῦσῃ
1128 4567 1287 4628 ἀποδόσει
1308 4573 1372 4628 τῶν
1393 4569 1545 4630 τοιοῦτον

250 4684 431 4768 χωραρίων
454 4685 509 4749 καὶ
533 4687 629 4762 αῦτδς
652 4695 824 4771 μαρτυρῶν
846 4689 1034 4771 ὑπέγραψα.
1058 4693 1079 4772 †
