3160 5292
268 355 331 420 182

264 553 408 610 τυποῦσα
446 549 500 608 τόν
528 548 668 628 Χριστόν
702 547 753 608 ἐπὶ
787 550 902 627 θρόνου
932 550 1133 626 καθήμενον,
1163 547 1196 606 ἐν
1227 545 1262 604 δὲ
1296 545 1340 623 τῷ
1371 545 1475 624 ἑτέρῳ
1506 545 1552 602 τὀν

266 671 410 746 βασιλέα
443 669 619 744 ἱστάμενον
653 669 773 750 ὄρθιον.
808 663 885 747 εἶχε
920 670 956 729 δὲ
989 667 1044 730 καί
1073 669 1132 741 τθις
1161 665 1275 740 λέξεις
1303 671 1360 726 τοῦ
1391 664 1552 744 σιγιλλίου

268 793 542 873 ἑρυθρογρόρους.
567 792 588 870 †

370 915 391 994 †
413 914 458 972 Τό
483 913 587 992 παρόν
614 911 685 973 ἴσον
712 909 796 988 μετὰ
821 915 876 972 τοῦ
898 914 1111 993 πρωτοτῦπου
1133 912 1312 986 βασιλικοῦ
1335 915 1554 989 προοκυνητοῦ

266 1033 522 1116 χρυσοβοθλλου
544 1033 733 1108 ἀντιβαλθιν
756 1035 938 1113 ὑπέγραψα.
962 1035 983 1112 †

370 1158 391 1237 †
414 1156 449 1216 ‘0
472 1150 723 1238 μητροπολίτης
745 1155 879 1236 Κρήτης
900 1154 956 1215 καί
977 1156 1225 1235 πανυπέρτιμος
1247 1152 1429 1225 Νικόλαος.
1453 1156 1474 1232 †

369 1285 520 1355 Εσσπιρίαι·
553 1285 639 1340 chart.
673 1283 748 1340 Hor.
771 1301 828 1338 πτο
856 1285 906 1338 26.
948 1283 1056 1338 Τσθυία
1086 1283 1230 1338 tribuenda
1263 1283 1371 1337 υιίθυιιιι·
1404 1283 1556 1351 imperatori

271 1389 407 1446 Theodoro
430 1391 455 1446 I.
479 1391 602 1444 βαυοαιν·
621 1395 646 1444 σι
668 1406 739 1444 anno
767 1389 859 1458 1221,
882 1389 929 1443 sed
951 1395 989 1443 σεῦ
1011 1394 1145 1458 suspecta.

524 1675 629 1742 LXV.
654 1676 729 1742 Sine
751 1699 846 1760 anno,
873 1697 983 1742 mense
1005 1678 1128 1758 martio,
1152 1675 1217 1740 ind.
1242 1675 1300 1740 IX.

266 1843 381 1896 Μαιιυοὶ
407 1841 575 1896 Εαοιτοαθυο
605 1840 745 1910 cmzfirmat
774 1843 935 1896 υιοιιασίσπίο
959 1842 1154 1910 possessionem
1184 1841 1369 1894 ιιιοιιιιεθστίυίί
1398 1839 1428 1894 S.
1453 1840 1558 1910 Georgii

860 1945 964 2015 Dynias.

369 2131 390 2208 †
414 2129 493 2190 Ἐπεὶ
515 2129 661 2204 μετὰτῶν
684 2129 791 2209 ἄλλων,
814 2123 851 2190 ὧν
874 2130 1096 2208 ἀπεγραψόμεθα
1120 2130 1147 2188 έν
1171 2129 1210 2208 τῷ
1232 2132 1329 2205 θέμστι
1352 2137 1406 2188 τῶν
1422 2124 1557 2214 Odeum]-

265 2252 339 2334 σίων,
367 2251 481 2332 εῦρομεν
508 2249 556 2312 καὶ
583 2251 631 2326 τὴν
660 2251 689 2310 ἐν
715 2249 755 2328 τῷ
782 2251 903 2330 ἐμπορίῳ
930 2259 983 2312 τῶν
1011 2248 1163 2336 Φυ[γέλων
1191 2249 1378 2332 διακειμένην]
1412 2249 1558 2326 σεβασμίου

266 2373 352 2448 μονὴν
378 2376 425 2433 τοῦ
452 2372 530 2450 θγίου
561 2372 807 2451 μεγαλομάριυρος
834 2373 985 2453 Γεωργίου,
1014 2375 1062 2448 τὴν
1092 2374 1333 2448 ἐπονομαζομένην
1364 2377 1411 2434 τοῦ
1434 2375 1557 2445 Δυσικοῦ,

266 2493 441 2574 διαφέρουσαν
470 2499 504 2573 τῇ
534 2492 672 2575 σεβασμίᾳ
706 2499 776 2575 μονῇ
806 2499 856 2568 τῆς
887 2495 1014 2572 Ποίτμου,
1052 2495 1091 2566 ὡς
1125 2494 1303 2567 οίκειοθελῶς
1337 2495 1497 2556 ἐκδοθεῖσαν
1528 2502 1558 2576 τῇ

265 2617 332 2696 αῦτη
362 2615 499 2695 σεβασμίου
528 2621 599 2696 μονῇ
628 2614 704 2694 παρὰ
732 2618 779 2674 τοῦ
809 2616 842 2674 ἐκ
872 2615 980 2696 βάθρων
1011 2617 1092 2691 αὐτὴν
1124 2616 1315 2696 ἀνεγείραντος
1342 2617 1489 2696 ἐγχωρίου,
1516 2621 1558 2676 τοῦ

266 2739 504 2814 ἐπονομαζομένου
533 2737 754 2813 κουβουκλεισίσυ
783 2743 829 2798 τοῦ
861 2738 1025 2808 Παλανίτου,
1056 2740 1088 2810 θς
1118 2741 1187 2816 δῆτα
1216 2738 1263 2798 καί
1292 2741 1500 2819 προσαριέρωσε
1528 2745 1557 2819 τῇ

266 2861 374 2942 τοιαθτῃ
401 2865 472 2942 μονῇ
497 2861 532 2920 τὰ
553 2860 695 2938 γονικόθεν
723 2858 794 2938 αὐτῷ
822 2859 992 2941 διαφέροντα,
1019 2861 1103 2939 ἤγουν
1125 2865 1155 2920 τό
1178 2881 1208 2920 τε
1233 2861 1359 2936 όσπέγτιον
1388 2863 1479 2940 οιῦτοῦ,
1502 2862 1557 2931 τοῦς

267 2981 449 3061 ἀμπελῶνας,
476 2982 510 3042 τόι
536 2982 698 3062 όπωρορόρα
725 2980 823 3061 δένδρη
846 2980 893 3042 καί
915 2986 1003 3041 πᾶσαν
1026 2984 1064 3055 ὡς
1087 2981 1115 3042 ἐν
1139 2978 1271 3068 συνόψ[ει]
1295 2978 1386 3067 φόνίαι
1409 2983 1459 3059 τὴν
1483 2977 1555 3065 ἰδίαν]

268 3105 346 3164 αῦτοῦ
372 3105 524 3184 ὑπόστασιν,
551 3104 696 3182 καθώσπερ
723 3103 913 3182 ἀκριβέστερον
941 3103 1100 3181 ἐπέγνωμεν
1128 3101 1174 3164 καί
1203 3104 1255 3164 ἀπό
1284 3107 1330 3164 τοῦ
1351 3107 1501 3184 γεγονότος
1529 3109 1557 3184 τῇ

266 3226 374 3309 τοιαύτη
402 3232 472 3308 μονῇ
498 3229 764 3304 πρωτοστρατορικοῦ
792 3224 938 3302 σιγιλλίου,
967 3225 995 3284 ἐν
1018 3220 1041 3306 ᾧ
1064 3224 1205 3306 δηλοῦται,
1233 3225 1324 3306 ότιπερ
1351 3223 1399 3286 καὶ
1427 3225 1556 3304 ἐπικυρω-

267 3350 341 3420 τικός
369 3346 512 3420 βασιλικός
537 3348 720 3425 προσκυνητθς
743 3347 854 3426 ὁρισμός
874 3351 908 3428 τῇ
931 3347 1040 3429 τοιαῦτῃ
1063 3353 1132 3430 μονῇ
1154 3349 1304 3428 πρόσεστιν,
1329 3348 1371 3426 ἐρ’
1395 3339 1437 3420 οἷς
1459 3349 1557 3422 κέκπγ-

267 3491 310 3530 ται
341 3469 407 3541 αῦτη
438 3467 580 3548 πράγμασί
607 3489 638 3527 τε
668 3466 714 3528 καὶ
746 3467 865 3544 μισθίοις.
889 3467 1060 3548 δουλευταῑς,
1091 3469 1169 3528 ἀλλὰ
1203 3467 1237 3544 δὴ
1272 3467 1318 3528 καί
1351 3469 1488 3546 σιγίλλιον
1515 3474 1557 3528 τοῦ

266 3589 487 3671 χρηματίσαντος
517 3589 615 3662 δουκθς
640 3595 687 3650 τοῦ
714 3591 833 3665 θέματος
862 3595 914 3649 τῶν
943 3587 1121 3670 Θρακηοίων,
1150 3590 1556 3670 πρωτοπανσεβαστοῦπερτοίτου

268 3713 387 3792 ἐκείνου,
414 3711 461 3772 καί
483 3713 564 3786 ἡμεῖς
596 3714 657 3772 κατ’
689 3713 832 3792 ἐπιτροπὴν
859 3715 906 3772 τοῦ
933 3714 1059 3772 αῦθέντου
1082 3714 1160 3788 ἡμῶν
1183 3718 1229 3772 τοῦ
1250 3714 1500 3793 παρακαιμωμένου
1521 3711 1555 3782 είς

266 3835 459 3914 περισσοτέραν
486 3834 636 3913 ἀσφάλειαν
663 3839 716 3894 τῶν
740 3832 918 3913 διαρερόντων
941 3839 974 3914 τῇ
996 3835 1106 3916 τοιαότῃ
1133 3841 1218 3916 μονῇ,
1240 3834 1334 3907 καθὼς
1357 3833 1486 3915 ἀνωτέρω
1509 3835 1555 3910 δη-

267 3957 373 4036 λοῦται,
395 3955 425 4014 τ“ο
446 3955 533 4035 παρόν
554 3957 702 4036 πρακτικόν
723 3958 862 4029 ποιοῦμεν.
887 3955 912 4014 οί
934 3957 1026 4030 μέντοι
1041 3977 1075 4033 γε
1095 3951 1193 4031 μίσθιοι
1214 3956 1358 4016 δουλευταί
1379 3963 1430 4034 τῆς
1454 3951 1555 4043 [μονῆς]

269 4076 376 4154 ἔχουσιν
396 4075 496 4148 οῦτυις·
521 4076 547 4136 οἱ
560 4075 657 4148 παῖδες
672 4083 722 4152 τῆς
742 4071 902 4161 [Λ]εοντιίις,
925 4078 985 4136 ότε
1002 4078 1142 4148 Νικόλαος
1165 4076 1211 4137 καί
1234 4079 1396 4160 όΜιχαήλ,
1420 4079 1446 4138 οί
1467 4079 1557 4148 παῖδες

268 4201 314 4257 τοῦ
336 4199 468 4277 Χαρζανᾶ
491 4244 498 4258 .
523 4245 529 4258 .
556 4248 562 4260 .
587 4200 667 4270 .ικ“ος
691 4200 705 4258 ό
727 4219 757 4258 τε
780 4199 860 4258 Λέων
887 4197 933 4257 καί
956 4199 970 4258 ό
995 4200 1137 4279 Ἰωάννης,
1166 4199 1212 4258 καί
1235 4201 1356 4278 Μιχαὴλ
1379 4203 1394 4260 ό
1425 4247 1555 4264 .....

268 4319 354 4380 τοίνυν
383 4319 430 4380 καὶ
461 4321 561 4381 ἐσεῖται
590 4323 608 4396 ἡ
638 4321 745 4395 τοιαῦτ-η
777 4321 847 4394 μονὴ
878 4320 1053 4392 θδιασείστως
1087 4319 1133 4380 καί
1163 4319 1378 4392 ἀναποσποίστως
1409 4327 1556 4401 κατέχουσι

268 4439 356 4502 πάντα
377 4444 421 4522 τό,
449 4444 487 4513 ὡς
515 4441 628 4522 εἴρηται,
655 4437 810 4525 προ[οόντα]
838 4442 920 4521 τοῦτ-ρ
943 4441 989 4502 καί
1015 4443 1077 4514 τοῦς
1104 4443 1236 4522 ῥηθέντας
1262 4443 1382 4518 μισθίους
1406 4445 1556 4521 δουλευτοίς,

270 4561 466 4642 διατηρουμένη
493 4563 568 4643 παρὰ
589 4567 634 4622 τοῦ
661 4564 760 4640 μέρους
786 4565 833 4621 τοῦ
860 4561 991 4638 δημοσίου
1014 4563 1135 4638 ἀνωτέρα
1157 4567 1247 4639 πόσης
1269 4563 1316 4624 καί
1337 4566 1472 4640 παντοίας
1494 4569 1556 4640 ἐτη-

269 4684 358 4766 ρείας,
382 4685 547 4766 θγγαρείας,
569 4684 777 4765 παραγγαρείας
804 4682 850 4744 καὶ
873 4683 966 4758 ἄλλης
989 4685 1129 4746 όποιασοῦν
1153 4687 1323 4762 συζηπησεως
1346 4689 1386 4760 ὡς
1409 4689 1557 4749 ἀκαταδου-
