3160 5292
1269 373 1334 440 253

46 571 132 650 λιττνή,
158 569 324 652 όγαμβρδς
349 576 396 632 τοῦ
418 571 546 651 Λσχανά,
574 567 721 648 Θεόδωρος
742 570 758 628 ό
780 570 945 650 Καρνωτης,
972 569 987 628 ό
1009 567 1066 641 υίδς
1086 573 1133 630 τοῦ
1155 569 1333 648 Μακρονικο-

44 689 117 753 λάου.
150 693 329 768 ὀνομάζονται
357 693 388 754 δὲ
414 693 517 770 δμοίως
542 689 588 752 καί
615 689 641 750 σί
663 690 767 750 άνωόεν
794 689 966 768 δηλωθέντες
994 689 1093 752 ἕνδεκα
1115 691 1333 772 προσκαθήμενοι

43 813 85 874 ναὶ
114 815 225 876 αὐλῖται
252 821 299 878 τοῦ
329 815 473 898 εἰρημένου
503 814 632 894 μετσχίου
661 819 711 890 τῆς
734 814 856 894 Πτέρης·
885 813 1071 890 όΝτζιανής,
1099 813 1334 892 όΜπονοράτζος

43 937 108 1010 μετὰ
129 941 176 998 τοῦ
198 939 333 1018 προγόνου
356 940 446 1018 αὺτοῦ,
469 939 484 998 ό
508 935 709 1016 Σιλιγόπονλος
735 935 806 1011 μετά
831 939 878 996 τοῦ
899 935 1026 1016 γαμβροῦ
1054 934 1143 1016 αὺτοῦ,
1167 935 1296 1010 Ἰωάννης
1318 936 1333 994 ό

44 1057 155 1136 Βίγλης,
180 1061 336 1140 Δημήτριος
357 1065 407 1136 τής
430 1058 620 1140 Καλογραίας,
644 1059 658 1118 ὁ
681 1057 913 1138 Ἀρχαγ-γεληνός,
938 1058 1144 1130 Κωνσταντῖνσς
1165 1056 1180 1116 ό
1203 1057 1333 1134 Νιάννης,

44 1181 176 1256 Μανονὴλ
199 1183 214 1240 ό
236 1181 362 1262 γαμβρός
384 1185 430 1242 τοῦ
455 1179 599 1262 Ἀρβάζου,
626 1179 821 1260 όΙίστζαρός,
845 1179 977 1254 Ἰωάννης
999 1179 1014 1238 ό
1038 1179 1177 1258 Μονντάς,
1202 1179 1334 1254 Ἰωάννης

42 1304 54 1360 ό
75 1303 243 1376 Ντζακέτσς.
266 1303 301 1364 τὰ
321 1303 383 1384 περὶ
406 1305 452 1364 τόν
474 1305 554 1364 αδτδν
575 1303 657 1363 τόπον
680 1300 871 1380 ἑοωπερίβολα
892 1306 943 1378 τῆς
965 1299 1094 1380 Εἰρήνης,
1116 1305 1162 1362 τοῦ
1183 1299 1333 1377 Χηνοδίτου

41 1423 83 1482 καὶ
105 1431 155 1500 τῆς
178 1425 304 1506 άδελρής
326 1425 410 1502 ατίτῆς
432 1424 542 1505 Σορίας.
566 1425 600 1484 τά
623 1423 653 1484 έν
674 1429 708 1501 τῇ
730 1422 875 1504 τοποθεοίᾳ
897 1428 946 1498 τῆς
963 1420 1094 1502 Πηγάδος
1114 1425 1241 1503 χωράρια
1263 1423 1334 1499 μετὰ

40 1552 89 1604 τῶν
105 1547 135 1606 ἐν
147 1546 216 1629 αὐτῇ
232 1552 312 1628 τριῶν
326 1549 497 1624 συκαμινέων
510 1543 558 1606 καὶ
573 1551 626 1606 τῶν
642 1546 742 1626 ἑτέρων
757 1544 903 1625 χωραρίων
918 1549 965 1606 τοῦ
977 1545 1162 1622 Σκαλομήνη·
1179 1546 1217 1606 ἔτι
1228 1566 1262 1624 γε
1278 1545 1333 1622 μὴν

39 1665 129 1728 καὶτὰ
147 1670 229 1748 ἕτερα
243 1671 369 1748 χωράρια
383 1672 430 1730 τοῦ
445 1669 598 1750 Δράκοντος
612 1667 756 1746 λεγόμενα
771 1667 841 1742 μετὰ
855 1671 905 1742 τής
921 1673 1008 1743 νομῆς
1023 1661 1072 1728 καί
1085 1673 1219 1747 περιοχῆς
1235 1667 1331 1728 αὒτιῖνν.

39 1791 103 1869 πρός
126 1791 232 1864 τούτοις
252 1789 300 1851 καὶ
320 1791 354 1851 τὰ
376 1791 406 1850 ἑν
428 1795 461 1873 τῇ
484 1792 557 1869 νήσῳ
573 1789 655 1870 Λέρῳ
678 1788 838 1865 διακείμενα
860 1787 999 1870 μονόδρια,
1024 1791 1099 1848 τότε
1121 1792 1168 1850 τοῦ
1184 1789 1332 1869 Παρθενίου

39 1911 145 1972 καὶτοῦ
160 1911 297 1988 Τεμενίου
313 1911 509 1994 ἐπιλεγόμενα,
526 1911 664 1988 μετὰτῶν
679 1913 834 1994 προσόντων
849 1911 940 1984 α’ντοῖς
956 1909 1106 1992 παροίκων,
1122 1911 1198 1971 άτινα
1213 1913 1332 1987 κέκτην-

38 2053 77 2093 ται
100 2034 148 2096 διὰ
170 2039 225 2094 τῶν
249 2032 400 2114 εἰρημένων
421 2036 469 2094 καὶ
492 2036 645 2116 προσόντων
668 2033 758 2106 αδτοῑς
779 2033 1004 2111 χρυσυβοόλλων.
1028 2033 1156 2108 ὼσσάτως
1177 2032 1225 2094 καί
1247 2033 1281 2094 τὰ
1303 2033 1331 2092 ἐν

38 2161 68 2236 τῇ
83 2158 160 2236 νήσῳ
176 2156 227 2236 Κῷ
242 2151 303 2238 τρία
318 2157 444 2238 μετόχια,
466 2157 497 2216 τό
511 2177 541 2216 τε
556 2159 603 2216 τοῦ
619 2155 772 2216 Ἀοπονσίου
789 2153 998 2236 ἐπιλεγόμενον,
1021 2157 1052 2216 τό
1072 2153 1112 2228 εἰς
1134 2155 1222 2232 όνομα
1242 2157 1331 2232 τιμάν-

38 2299 117 2352 μενον
140 2283 189 2338 τοῦ
212 2277 342 2340 δεσπότου
363 2277 411 2340 καὶ
433 2284 554 2358 σωτῆρος
575 2281 655 2354 ἡμῶν
679 2278 766 2352 Ἰησοῦ
787 2278 912 2358 Χριστοῦ,
936 2275 983 2338 καὶ
1006 2279 1036 2338 τό
1062 2256 1165 2352 ’λλοος
1186 2277 1256 2354 μετὰ
1278 2284 1331 2338 τῶν

37 2403 190 2480 προσόντων
209 2402 299 2474 ουύτοῖς
318 2399 518 2481 ὑδρομνλιόνων
541 2398 588 2460 καὶ
609 2397 756 2480 χωραρίων
778 2398 825 2460 καὶ
847 2404 894 2461 τοῦ
915 2405 1038 2476 ποταμοῦ
1060 2400 1104 2462 σὺν
1126 2399 1165 2480 τῷ
1187 2401 1271 2480 ταπίῳ
1286 2395 1332 2480 τῷ

38 2521 126 2600 ἐντῷ
149 2523 259 2603 κάστρῳ
284 2522 388 2602 Παλίῳ,
412 2515 493 2602 ἐρ’ἶρ
515 2521 661 2598 ἀμετόχως
682 2519 729 2580 καί
751 2521 827 2600 παρὰ
848 2525 962 2601 γνώμην
984 2527 1038 2582 τῶν
1060 2521 1114 2582 ἀπό
1137 2528 1186 2599 τῆς
1207 2524 1332 2600 τοιαύτης

37 2643 189 2720 σεβασμίας
220 2649 305 2720 μονῆς
332 2649 462 2722 μοναχῶν
489 2643 633 2725 ἀνήγειρεν
660 2641 797 2718 οἰκήματα
824 2643 839 2702 ό
867 2639 1013 2723 ἱερώτατος
1042 2643 1253 2725 ἀρχιεπίσκσπσς
1282 2651 1332 2722 τῆς

38 2767 118 2841 άντής
142 2769 225 2842 νήσου
248 2767 309 2828 Κῶ.
344 2767 413 2848 πρός
433 2767 588 2846 τοίιτοιοπερ
610 2763 658 2824 καί
680 2765 725 2824 τόν
748 2762 788 2838 εἰς
809 2767 840 2826 τό
861 2765 963 2846 χωρίον
985 2769 1015 2825 τδ
1039 2767 1210 2828 Ῥεπανίδιον
1232 2769 1330 2848 πάροι-

35 2909 79 2948 κον
108 2888 252 2948 Νικόλαον
282 2889 327 2948 τόν
354 2887 567 2970 Μανρολέοντα·
599 2887 648 2964 τήν
677 2887 801 2962 τοιαίιτην
832 2888 918 2946 αὐτῶν
945 2889 1054 2964 ζήτησιν
1083 2887 1131 2948 καὶ
1158 2891 1331 2969 παράκλησιν

36 3007 243 3089 προσδεξαμένη
266 3011 284 3084 ή
309 3007 439 3084 βασιλεία
461 3031 512 3084 μον
538 3009 584 3070 τόν
606 3009 727 3088 παρόντα
752 3007 958 3086 χρυοόβουλλον
984 3009 1070 3087 λόγον
1098 3010 1260 3090 ἐπιχορηγεῐ
1285 3009 1331 3068 καὶ

37 3131 211 3212 ἐπιβραβεόει
241 3131 345 3212 σίντοῑς,
373 3130 407 3191 δι’
430 3125 461 3192 οὗ
487 3133 647 3212 προστάσσει
674 3128 721 3190 καὶ
748 3128 900 3211 διορίζεται,
923 3131 962 3202 ὡς
984 3133 1016 3190 σἰν
1038 3131 1204 3192 τὰτοιαῦτα
1226 3133 1331 3192 ἅπαντα

35 3249 175 3314 καὶκατὰ
198 3255 281 3334 μέρος
304 3254 409 3314 ἄνωθεν
433 3251 594 3330 δηλωθέντα
618 3255 734 3331 μετόχια
760 3250 807 3312 καὶ
829 3255 956 3329 κτήματα
978 3251 1025 3312 καὶ
1047 3253 1130 3314 λοιπὰ
1153 3254 1331 3330 ἀναστήματα

37 3377 103 3452 μετὰ
129 3381 186 3436 τῶν
216 3375 244 3435 ἐν
268 3377 358 3448 αυτοῖς
383 3375 521 3454 παροίκων
551 3373 598 3434 καί
626 3375 859 3454 προσκαθημένων
885 3374 931 3435 καὶ
957 3372 1012 3434 τῶν
1035 3374 1081 3436 ἀπ’
1105 3376 1191 3437 αὺτῶν
1218 3376 1329 3456 όρειλο-

36 3500 123 3573 μένων
146 3497 326 3572 τελεσμάτων
347 3495 395 3558 καὶ
418 3497 517 3578 ἑτέρων
539 3501 705 3577 παροικικῶν
729 3495 841 3556 δικαίων
863 3498 969 3580 κατέχῃ
992 3497 1038 3558 καὶ
1061 3499 1176 3576 νέμηται
1197 3500 1215 3574 ή
1237 3500 1329 3559 τοιαίν-

35 3641 64 3696 τη
91 3619 231 3697 σεβοομία
260 3621 330 3696 μονή
359 3619 554 3697 ἀνενοχλήτως
581 3618 627 3680 καί
650 3618 836 3700 ἀδιασείστως,
864 3620 903 3682 ἔτι
930 3620 962 3680 δὲ
985 3615 1168 3701 ἀναφαιρέτως
1190 3620 1237 3681 καὶ
1259 3621 1328 3681 ἀνα-

36 3745 197 3814 ππάστως
223 3741 270 3802 καὶ
296 3743 345 3820 τήν
373 3737 405 3814 ἐξ
432 3741 520 3802 αὐτῶν
540 3745 630 3801 πάσαν
659 3739 706 3801 καὶ
732 3741 862 3803 παντοίαν
889 3743 1055 3822 άπορέρηται
1077 3741 1124 3803 καί
1146 3743 1329 3828 ἀποκερδαίνη

37 3865 169 3944 πρόσοδον
190 3863 238 3924 καί
260 3861 322 3924 οὔτε
343 3863 419 3942 παρὰ
439 3867 486 3923 τοῦ
510 3865 610 3943 μέρους
631 3867 685 3923 τῶν
707 3863 975 3941 κεραλατικευόντων
997 3865 1069 3925 κατὰ
1090 3865 1200 3948 καιροὶις
1223 3867 1330 3939 ἐντοῖς

36 3987 169 4057 τοιαίσταις
191 3987 293 4066 νήσοις,
317 3983 377 4046 οὔτε
398 3985 474 4067 παρὰ
495 3992 549 4046 τῶν
571 3986 606 4048 τὰ
626 3989 674 4046 τοῦ
696 3984 827 4062 δημοσίου
850 3986 1059 4068 διενεργοὺντων
1077 3991 1096 4062 ή
1114 3994 1232 4048 τοπικῶν
1253 3989 1328 4049 ἐκεῖ·

37 4127 74 4188 σε,
103 4105 167 4168 οίιτε
194 4107 248 4186 μήν
275 4109 350 4188 παρά
372 4127 441 4181 τινος
469 4109 562 4188 έτέρον
588 4113 642 4168 τῶν
669 4109 794 4169 άπάντων
822 4107 932 4191 εὑρίσκῃ
955 4107 999 4169 ἐπὶ
1021 4109 1121 4182 τούτοις
1143 4111 1192 4184 τήν
1215 4109 1328 4186 σίανδή-

36 4248 91 4288 τινα
120 4229 251 4308 ἐπήρειαν
277 4231 296 4305 ή
320 4227 503 4309 διενόχλησιν,
535 4229 613 4290 ἀλλὰ
644 4229 822 4309 διατηρῶνται
852 4233 935 4290 ταῦτα
968 4233 1056 4292 πάντα
1087 4231 1121 4290 τὰ
1151 4230 1328 4308 ἀναστήματα

35 4357 66 4431 τῇ
95 4351 206 4434 τοιαύτη
236 4349 373 4430 οεβαομίᾳ
402 4357 482 4434 μονή,
513 4351 551 4412 ἔτι
583 4350 614 4411 δὲ
643 4349 669 4411 σί
700 4350 728 4410 ἑν
759 4349 849 4422 α’ντσῖς
878 4353 1003 4432 πάροικοι
1032 4350 1079 4412 καὶ
1107 4354 1327 4433 προσκαθήμενοι

37 4471 164 4552 ἀνώτεροι
189 4475 280 4550 πάσης
305 4474 459 4550 ἡστινοσοῦν
487 4471 594 4544 ἀδικίας
620 4472 667 4534 καὶ
688 4475 905 4554 περιφρονήσεως
926 4471 974 4534 καὶ
996 4474 1177 4557 κατατριβής,
1199 4476 1328 4549 ὡσαύτως

36 4594 80 4654 καὶ
102 4591 157 4654 ἀπό
178 4600 233 4655 τῶν
255 4594 469 4688 ἀπαιτουμένωνΙ
482 4596 571 4656 ἐκεῖσε
590 4601 708 4668 τοπικῶς
730 4597 851 4671 συνήθων
874 4597 1045 4671 ἁπαιτήσεων
1066 4601 1158 4658 τοῦτο
1175 4597 1327 4678 κεραλαίου

36 4721 83 4792 τῆς
109 4715 262 4797 σιταρκίας,
292 4721 339 4778 τοῦ
367 4717 463 4800 ἀέρος,
490 4722 537 4779 τοῦ
564 4716 729 4800 άβιωτικίου,
756 4722 806 4796 τῆς
827 4717 1071 4800 παρδενορόορίας,
1097 4723 1145 4782 τοῦ
1167 4717 1327 4795 ξενοτέλους
