3160 5292
264 333 328 400 210

264 527 363 588 τοίτιυν
386 528 470 602 οθτιυς
496 529 561 608 παρ’
583 530 663 605 ἡμῶν
685 530 944 610 ἀριερωθέντωντῇ
973 535 1043 612 μονῇ
1070 530 1208 610 ὀφείλουσι
1233 531 1397 608 κατέχεσθαι
1419 529 1492 610 παρὰ
1512 539 1549 590 τοῦ

264 651 363 730 μέρους
390 651 472 726 αθτης
495 644 618 732 ἀνώτερα
644 654 736 728 ποίτης
762 651 809 712 καί
831 652 960 723 παντοίας
987 653 1134 730 ὀχλήσεως
1160 650 1206 712 καί
1236 651 1365 732 ἐπηρείας
1389 653 1549 727 δημοοιατιῆς

263 776 315 848 τῆςΙ
340 771 411 832 κατὰ
436 773 485 847 τἠν
507 775 602 852 χώραν
625 773 825 854 ἐπερχομένης,
848 775 887 846 ὡς
910 777 942 834 ἂν
967 773 1155 854 ἐκτενέστερον
1177 775 1379 852 ίνπερείιχωνται
1401 775 1458 845 τοῖς
1473 773 1550 850 ἁγίοις

264 893 343 970 ἡμῶν
367 894 585 973 αίντοκροίτοροιν·
611 894 753 956 ἐπὶτοῦτο
776 895 830 976 γὰρ
857 893 903 954 καί
925 896 955 955 το
978 897 1064 976 παρον
1086 897 1221 977 ἡμέτερον
1244 895 1424 974 σιγιλλιῶδες
1445 899 1550 976 γράμμα

265 1013 390 1095 ἐγεγόνει
411 1014 459 1076 καὶ
482 1015 598 1088 ἐπεδόθη
621 1023 653 1098 τῇ
678 1016 856 1098 θιαληρθείαη
880 1025 949 1099 μονῇ
972 1025 1025 1078 τῶν
1046 1017 1175 1078 Σπονδῶν
1197 1024 1231 1100 τῇ
1254 1019 1304 1078 ὑπο
1326 1025 1360 1099 τῇ
1383 1023 1489 1098 κατοχῇ
1509 1023 1549 1090 τίς

265 1135 377 1212 Πάτμου
399 1135 464 1220 οίίση
487 1141 525 1210 ὡς
548 1137 669 1217 μετοχίῳ
690 1137 729 1211 είς
745 1137 904 1218 ἀσραὶλειαν,
925 1140 1004 1217 μηνί
1019 1139 1243 1218 σεπτεμβρίῳ,
1260 1138 1468 1212 ίνθικτιιῖινος
1484 1139 1549 1211 ε’.θ

368 1260 389 1338 †
413 1259 447 1320 ‘0
465 1259 585 1332 δοῦλος
605 1266 664 1337 τῆς
683 1267 844 1339 κραταιᾶς
867 1261 921 1322 καί
944 1262 1045 1340 ἁγίας
1066 1265 1159 1338 ἡμῶν
1182 1267 1283 1341 κυρᾶς
1305 1260 1362 1322 καί
1384 1259 1549 1336 δεσποίνης

265 1378 357 1440 ὁκαὶ
379 1381 436 1455 τὴν
459 1381 687 1464 ἀναθεώρησιν
711 1382 767 1444 καί
795 1381 948 1456 ἑξίσινοιν
971 1390 1028 1462 τῆς
1050 1388 1149 1460 νήσου
1171 1383 1227 1464 Κῷ
1248 1385 1464 1462 ποιούμενος,
1487 1384 1548 1442 ‘lm-

265 1503 326 1582 σὴρ
348 1504 363 1562 θ
386 1503 577 1581 Πάγκαλος.
601 1505 622 1582 †

368 1631 511 1704 Αταθείμρ.
534 1634 774 1690 membranaceum.
798 1634 874 1688 Hor.
898 1653 948 1689 ιιι-ο
966 1637 1015 1690 89.
1039 1635 1124 1692 Aliud
1146 1636 1283 1706 exemplar
1304 1635 1414 1689 membr.
1437 1651 1485 1688 mro
1507 1634 1547 1686 90.
1569 1609 1570 1640 ³

485 1832 673 1898 LXXXIV.
697 1831 946 1921 [6770-1262],
971 1857 1081 1900 mense
1104 1837 1197 1918 maio,
1221 1833 1286 1898 ind.
1303 1834 1343 1898 V.

266 1963 419 2032 Imperator
441 1968 530 2017 tuetur
552 1965 617 2016 iura
638 1965 795 2018 monasterii
816 1965 845 2017 ιἰι
866 1965 991 2018 ιιιειοοθιό
1007 1967 1097 2037 Ρμνρο
1120 1972 1214 2020 contra
1237 1966 1338 2020 incolas
1358 1965 1549 2020 Μαίααίιίοννιιν

794 2075 818 2123 τί
843 2067 1034 2124 Stomatomm.

370 2233 391 2312 †
415 2232 492 2294 Ἐπεί
517 2236 548 2294 τὸ
576 2235 659 2312 μέρος
685 2239 734 2309 τῆς
761 2234 912 2312 σεβασμίας
941 2243 1026 2312 μονῆς
1052 2242 1101 2312 τῆς
1129 2236 1272 2310 βασιλείας
1295 2257 1346 2311 μου
1373 2241 1420 2297 τοῦ
1447 2229 1570 2313 ἠγατηὲ

268 2355 350 2431 μένου
370 2353 514 2434 Θεολθγου
536 2360 586 2432 τῆς
610 2356 721 2432 Ποίτμου
747 2358 877 2432 κέκτηται
900 2357 944 2416 διὰ
965 2359 1172 2436 χρυσοβοίιλλου
1198 2357 1245 2418 καί
1267 2359 1378 2438 ὁρισμοῦ
1404 2364 1454 2434 τῆς
1481 2358 1570 2431 βασι-’

267 2475 347 2548 λείας
370 2497 421 2552 μου
443 2477 472 2536 ἐν
494 2477 532 2556 τῷ
556 2477 677 2555 μετοχίῳ
699 2481 745 2538 τοῦ
768 2479 875 2558 Πύργον
897 2486 950 2558 γῆν
977 2480 1126 2560 ζευγαρίων
1152 2483 1300 2561 τεσσάρων,
1327 2482 1375 2554 τὴν
1405 2480 1551 2558 λεγομένην

268 2597 370 2658 Γιννίαν
393 2601 439 2659 τοῦ
463 2596 584 2678 Πετοίκη,
618 2597 665 2658 καί
693 2601 806 2677 κατέχει
835 2601 933 2674 ταύτην
964 2605 1047 2681 μέχρι
1076 2606 1122 2662 τοῦ
1151 2607 1206 2681 νῦν,
1238 2602 1353 2682 εὑρίσκει
1383 2601 1416 2662 δὲ
1446 2601 1551 2679 ίχλητιν

267 2720 342 2801 παρὰ
363 2725 417 2780 τῶν
440 2719 557 2780 ἐποίκων
577 2720 734 2798 Μαλαχίων
756 2720 802 2781 καὶ
825 2723 981 2802 Στομαίτων,
1006 2721 1149 2804 θιορίζεταί
1171 2743 1213 2784 σοι
1235 2725 1252 2797 ἡ
1277 2722 1407 2795 βασιλεία
1431 2745 1504 2802 μουη·
1519 2697 1570 2796 τίρ

269 2843 419 2922 ἑνεργοίιντι
442 2843 471 2902 ἐν
493 2847 527 2924 τῇ
549 2838 630 2925 χώρᾳ
652 2847 698 2904 τοίι
718 2842 838 2920 Σαμψὼν
862 2844 959 2924 δικαίῳ
982 2849 1027 2905 τοῦ
1052 2845 1191 2924 δημοσίου,
1216 2845 1255 2916 ὡς
1277 2845 1320 2924 ἄν,
1344 2842 1405 2904 ἐπεί
1428 2844 1473 2904 διὰ
1490 2864 1549 2922 χρα-

266 3092 315 3164 ιῆς
342 3091 442 3165 μονῆς,
471 3087 641 3170 ἑπιρωνηαης
667 3089 724 3160 τοῖς
751 3087 913 3162 δηλωθείσιν
942 3089 1061 3161 ἐποίκοις
1088 3095 1141 3150 τῶν
1165 3089 1321 3166 Μαλαχίων
1344 3087 1390 3148 καί
1414 3094 1466 3148 τῶν
1489 3089 1549 3146 Στο-

267 3211 360 3284 μοίτων
387 3209 501 3287 ἀπέχειν
531 3209 583 3270 ἀπο
610 3215 660 3286 τῆς
682 3211 805 3286 τοιαίντης
827 3217 880 3289 γῆς
907 3209 953 3270 καὶ
981 3212 1019 3285 μὴ
1048 3211 1174 3288 ἐνοχλεῖν
1201 3217 1234 3293 τῇ
1262 3216 1346 3292 μονῇ,
1371 3213 1411 3283 ὡς
1433 3211 1548 3270 ἀποστα-

267 3329 375 3406 σθείσης
402 3337 451 3408 τῆς
476 3331 601 3405 τοιαύτης
627 3337 681 3409 γῆς
708 3331 760 3392 ἀπο
788 3335 833 3392 τοῦ
856 3331 1008 3409 Μαλαχίου
1035 3331 1082 3392 καί
1105 3331 1230 3406 δοθείσης
1252 3339 1286 3413 τῇ
1315 3339 1383 3414 μονῇ
1406 3338 1456 3407 τῆς
1479 3331 1548 3404 βασι·

267 3449 345 3523 λείας
366 3471 434 3527 μου·
460 3452 504 3512 ἐπὶ
523 3454 607 3532 τούτῳ
627 3453 681 3532 γὰρ
701 3453 825 3532 ἐγεγόνει
847 3453 885 3533 τῷ
909 3455 987 3533 μέρει
1009 3460 1058 3529 τῆς
1081 3453 1275 3532 διαληρθείοης
1299 3459 1384 3529 μονῆς
1406 3461 1456 3528 τῆς
1478 3452 1547 3526 βατι-

266 3567 346 3645 λείας
369 3593 420 3648 μου
445 3581 495 3651 τῆς
519 3575 630 3651 Πάτμσυ
663 3574 710 3636 καὶ
737 3577 752 3636 ὁ
782 3575 875 3657 ταρίιν
902 3581 951 3652 τῆς
978 3576 1120 3649 βασιλείας
1143 3597 1194 3650 μου
1224 3577 1334 3655 ὁρισμὸς
1362 3575 1441 3652 μηνί
1464 3569 1546 3652 μαίῳ.

266 3691 474 3768 ίνδικτιῶνος
497 3692 530 3756 ε’.
554 3697 575 3775 †

369 3823 512 3894 Αναθοίμρ.
536 3823 613 3880 chart
645 3825 723 3881 Mor.
746 3843 795 3879 mro
816 3827 862 3880 79.

494 4023 666 4089 LXXXV.
691 4022 940 4112 [6770-1262]‚
964 4048 1072 4089 mense
1096 4025 1179 4110 iulio,
1202 4023 1267 4089 ind.
1284 4025 1323 4088 V.

266 4154 381 4210 Ioannes
402 4155 532 4226 Selaqita,
557 4157 613 4208 ιίαα
635 4155 798 4224 Μαίαιιιιιίῖί,
823 4157 899 4210 iussu
923 4158 1093 4226 νἰιιρεινιίονίτ
1116 4158 1218 4210 dirimit
1241 4159 1447 4210 controversiam
1470 4163 1544 4208 οτίανι

334 4261 403 4313 inter
425 4261 614 4313 monasterium
637 4267 661 4314 et
684 4260 787 4314 ιἰιοοίιιε
809 4261 866 4314 υἱοί
882 4261 1085 4314 Μαίααίιίονυιιι
1107 4261 1138 4313 de
1162 4267 1236 4314 terra
1258 4261 1380 4314 νινείοαΙιίί
1398 4261 1490 4330 Ρμτρῖ.

733 4409 944 4490 Παραδοτικη
968 4412 1086 4490 γραφή.

370 4547 391 4627 †
415 4547 491 4610 Ἰθτεὶ
521 4549 620 4630 ὡρίσθη
652 4569 698 4624 μοι
727 4549 803 4629 παρὰ
832 4553 878 4609 τοῦ
905 4554 1033 4630 κραταιοῦ
1062 4548 1109 4610 καί
1139 4549 1217 4629 ἁγίου
1248 4552 1325 4626 ἡμῶν
1357 4551 1482 4610 αἶνθέντου
1507 4543 1544 4606 καί

267 4667 405 4744 βασιλέως
431 4675 476 4730 τοῦ
503 4671 633 4730 ἀπελθεῖν
656 4667 701 4730 ἐπί
722 4676 756 4752 τῇ
780 4671 930 4751 οἰμριμοίχῳ
952 4677 1000 4753 γῇ,
1023 4666 1042 4754 ᾖ
1064 4674 1194 4746 κέκτηται
1216 4673 1233 4746 ἡ
1257 4671 1395 4746 σεβασμία
1417 4673 1484 4748 μονὴ
1505 4676 1545 4742 τίς
