3228 5294
1299 363 1335 426 11

62 551 154 628 ρἰηιον,
173 551 330 630 περοιόπτει
345 551 394 626 τὴν
415 551 495 630 ῥάχιν
514 553 561 610 τοῦ
580 551 676 625 βουνοῦ
697 549 745 610 καὶ
764 551 922 628 ἀκσυμβίζει
938 550 978 626 είς
992 553 1041 628 τὴν
1057 553 1185 633 μεγάλην
1201 555 1337 636 ριζιμαίαν

60 673 144 751 πέτραν
170 671 218 745 τὴν
248 671 407 750 λεγομένην
437 675 483 732 τοῦ
510 672 632 754 Πῦργου,
663 673 692 734 ἐν
722 667 745 752 ᾧ
773 672 820 732 καί
849 676 1000 755 γράμματα
1031 676 1177 756 εὑρέθησαν
1208 677 1236 737 ἐν
1266 676 1338 756 αίιτῷ

62 791 289 874 ἐγκεκολαμμένα,
318 796 469 874 γράφοντα·
501 795 576 876 όρος
607 795 794 872 βασιλικός,
818 795 928 875 διαιρῶν
958 796 1008 872 μέν
1038 797 1165 879 ἀριστερᾷ
1191 797 1225 858 τά
1247 797 1339 860 δίκαια

61 919 96 974 τοῦ
110 914 275 996 Μυρελαίσυ,
299 912 377 998 δεξιᾷ
398 915 429 976 δὲ
442 917 489 976 τόν
503 918 723 998 περιοριζόμενον
743 919 836 978 τόπον·
860 917 908 978 καὶ
928 918 982 978 ἀπδ
1001 923 1054 978 τῶν
1078 919 1166 980 ἐκεῖσε
1189 919 1338 1000 ἀπέρχεται

60 1038 107 1096 κατ’
128 1038 242 1120 εὐθεῖαν,
273 1038 408 1118 διαπερῶν
438 1039 487 1114 τὴν
518 1039 663 1115 Σκστεινὴν
686 1039 824 1120 Λαγκάδα
854 1037 901 1099 καὶ
927 1041 958 1099 τό
984 1043 1159 1122 κατάρραχον
1185 1047 1234 1116 τῆς
1257 1043 1340 1118 αῦτὴς
1369 1088 1370 1092 ,

61 1159 187 1236 λιγιάδος
209 1157 257 1218 καί
280 1159 430 1240 ἀπέρχεται
453 1161 536 1242 μέχρι
558 1167 607 1236 τὴς
628 1162 751 1232 παλαιᾶς
773 1163 875 1242 πέτρας
897 1167 946 1238 τῆς
968 1161 1084 1240 ἐχούσης
1098 1165 1218 1242 γραρήν·
1242 1165 1339 1244 γράρει

63 1279 145 1340 δὲκαὶ
172 1283 253 1355 αῦτη·
286 1283 364 1361 όρσς
393 1281 587 1362 βασιλικός,
620 1282 648 1342 έν
679 1277 701 1362 ᾧ
728 1281 775 1342 καὶ
801 1281 918 1358 πλησίον
946 1285 1029 1360 αὐτὴς
1052 1283 1130 1364 δρόες
1153 1283 1199 1344 δὺο
1220 1284 1339 1344 ἵστανται

63 1397 253 1481 διαχειρίζοντες
276 1397 381 1478 ὁμοίως
402 1401 449 1462 καί
472 1403 585 1478 ὁμοίως·
609 1401 656 1464 καί
678 1403 761 1464 πάλιν
781 1406 946 1484 κατέρχεται
964 1405 1031 1485 πρός
1055 1403 1154 1486 βορρᾶν
1169 1409 1275 1486 κρατῶν
1291 1405 1339 1481 τὴν

61 1524 124 1602 όόχιν
145 1528 190 1584 τοῦ
214 1524 293 1584 αὺτοῦ
314 1527 448 1604 ποταμοῦ,
472 1524 601 1608 ἀντιπερᾷ
622 1525 652 1584 τό
675 1526 767 1605 βυάκιν
789 1527 820 1586 τό
843 1527 996 1606 λεγόμενον
1018 1527 1066 1603 τὴν
1089 1526 1233 1601 Σκοτεινὴν
1257 1527 1339 1604 Λαγ-

60 1645 128 1722 κόδα,
149 1643 195 1704 καὶ
218 1647 368 1726 ἀπέρχεται
391 1647 474 1724 μέχρι
497 1649 546 1720 τῆς
569 1646 673 1728 μαῦρης
695 1649 797 1725 πέτρας
818 1653 869 1721 τὴς
888 1647 1006 1724 ἐχούσης
1025 1649 1138 1728 σταυρόν
1158 1647 1339 1725 ἐγκεκολαμ-

60 1769 137 1846 μένον,
166 1768 195 1828 έν
222 1761 245 1846 ᾧ
271 1765 318 1827 καί
346 1766 408 1848 δρῦς
438 1767 589 1847 ἔμπροσθεν
618 1767 717 1842 ταύτης
746 1767 860 1849 ἵσταται,
892 1766 939 1829 καί
969 1768 1118 1850 ἀπέρχεται
1148 1770 1209 1830 κατ’
1233 1771 1340 1830 είιόεϊαν

61 1887 181 1968 διαπερῶν
210 1891 241 1950 τό
272 1889 364 1968 βυάκιν
392 1893 447 1948 τῶν
473 1888 569 1968 Ἁγίων
594 1890 776 1968 Ἄποατόλων,
807 1888 854 1951 καὶ
885 1889 1034 1972 ἀπέρχεται
1063 1889 1104 1964 είς
1133 1891 1181 1967 τὴν
1213 1892 1340 1972 μεγάλην

58 2013 145 2088 πέτραν
165 2011 213 2086 τὴν
241 2011 345 2090 μοίρην
372 2009 421 2085 τὴν
449 2009 597 2086 ἱσταμένην
625 2011 716 2070 ἐπάνω
743 2015 789 2072 τοῦ
816 2011 986 2092 στρογγύλου
1015 2011 1119 2094 βουνοῦ,
1150 2013 1267 2092 ἔχουσαν
1293 2012 1341 2074 καὶ

59 2134 96 2190 τόν
117 2133 222 2213 σταυρόν
246 2133 503 2212 έγκεκολαμμένον,
528 2133 557 2192 έν
580 2125 602 2211 ᾧ
624 2131 672 2192 καί
694 2133 741 2194 δόο
765 2132 865 2214 δένδρα
884 2134 1003 2211 πλησίον
1018 2135 1101 2210 αίιτὴς
1116 2134 1249 2195 ἵστανται·
1273 2135 1340 2215 πρός

60 2253 123 2312 δόσιν
142 2259 272 2329 κάμπτων
293 2257 389 2335 κρατεῖ
409 2253 440 2314 τό
462 2257 636 2334 κατάρρσχον
662 2256 693 2315 τό
721 2257 839 2335 πέραθεν
865 2259 911 2316 τοῦ
942 2253 1047 2334 βουνοῦ,
1078 2255 1226 2336 ἀπέρχεται
1259 2258 1340 2338 μέχρι

61 2379 99 2434 τοῦ
120 2376 215 2456 βόακος
236 2379 283 2436 τοῦ
305 2375 460 2453 λεγομένου
476 2377 708 2456 Κουρκουμόκης·
735 2372 785 2437 εἶθ’
802 2377 871 2438 σῦτω
892 2379 1011 2453 κάμπτει
1032 2379 1099 2460 πρός
1119 2379 1219 2458 βορρᾶν
1234 2383 1341 2460 κρατῶν

59 2500 83 2556 τό
102 2500 294 2578 καταρρόακον,
317 2498 467 2578 ἀπέρχεται
490 2500 572 2578 μέχρι
595 2501 640 2558 τοῦ
663 2498 781 2558 παλαιοῦ
804 2498 901 2578 μύλου,
932 2497 978 2559 καί
1006 2499 1150 2580 ἀνέρχεται
1176 2501 1207 2560 τό
1234 2501 1339 2580 κατάρ-

60 2639 133 2696 ροχον
155 2625 199 2680 τσῦ
221 2619 326 2714 βουνοῦ,
349 2626 458 2701 κρατῶν
479 2621 509 2680 τό
531 2621 594 2680 αὺτδ
612 2620 756 2700 ἀνέρχεται
776 2618 816 2692 είς
834 2621 883 2696 τὴν
901 2621 1030 2702 Πτέρακα
1044 2625 1090 2682 τοῦ
1106 2621 1339 2704 Πρωτοοπαθάρη,

60 2743 112 2800 όῦεν
132 2741 177 2802 καί
199 2745 217 2820 ὴ
241 2743 313 2822 ἀρχὴ
336 2746 383 2802 τοῦ
405 2746 578 2823 τεριορισμοῦ
601 2747 649 2818 τῆς
672 2742 743 2817 όλης
764 2749 817 2820 γῆς
839 2747 885 2802 τοῦ
908 2745 1018 2817 κάμπου
1037 2745 1147 2822 γέγονε,
1172 2743 1340 2823 διαχωρίζων

60 2862 173 2947 ἀριστερᾷ
194 2863 247 2940 μὲν
267 2863 302 2924 τὰ
325 2863 417 2924 δίκαια
442 2868 488 2924 τοῦ
510 2863 679 2945 Μυρελαίου,
710 2862 788 2946 δεξιᾷ
814 2864 845 2924 δὲ
873 2865 907 2924 τὰ
937 2863 1028 2924 δίκαια
1054 2869 1100 2926 τοῦ
1121 2866 1340 2946 περιοριζομένου

59 2986 136 3066 τόπου,
165 2985 353 3046 έναποκλείων
380 2985 490 3046 ἔνδοθεν
516 2988 561 3046 τόν
590 2987 718 3067 δρυμῶνα
743 2985 790 3046 καί
817 2989 862 3046 τόν
891 2986 1014 3047 ἐλαιῶνα
1041 2991 1087 3046 τοῦ
1109 2987 1188 3046 αίιτοῦ
1211 2984 1339 3066 οἰκοπρο-

61 3105 152 3167 αττείου
166 3113 215 3184 τῆς
230 3109 354 3188 Βάρεως.
393 3107 494 3167 έσωθεν
518 3107 550 3167 δέ
572 3112 618 3168 τοῦ
640 3108 758 3168 τοιούτου
780 3111 954 3188 περιορισμοῦ
977 3108 1073 3188 εὑρέθη
1097 3105 1143 3168 καὶ
1165 3110 1183 3185 ὴ
1205 3129 1340 3189 πατριαρ-

60 3233 114 3305 χοιὴ
136 3231 203 3304 μονὴ
226 3231 245 3306 ὴ
268 3230 409 3309 λεγομένη
431 3235 486 3288 τῶν
508 3228 657 3305 Ναμάτων·

148 3353 353 3434 Προάστειον
375 3351 409 3410 τό
433 3351 613 3412 Μελάνιον.
660 3352 699 3410 To
723 3354 841 3412 τοιοῦτον
862 3353 1022 3431 προάστειον
1043 3349 1180 3426 οἰκήματα
1197 3351 1342 3412 δεσποτικὰ

61 3473 179 3552 ἀπέχει.
225 3473 286 3533 Διά
307 3471 370 3532 τῶν
391 3473 558 3552 παροίκων
580 3477 635 3532 τοῦ
657 3473 754 3533 αὑτοῦ
776 3472 983 3553 προαστείου,
1026 3473 1341 3554 Γεῶργιοςτὴςχὴρας,

61 3593 109 3672 ἔχει
133 3599 250 3675 γυναῖκα
273 3591 378 3676 Ἄνναν,
404 3593 460 3654 υίδν
485 3594 625 3674 Ἰωάννην,
654 3597 818 3675 ζευγαράτος
843 3639 1048 3656 ......
1073 3595 1178 3674 Πέτρος
1200 3595 1215 3652 ό
1237 3595 1341 3656 Καλα-

61 3715 122 3796 βρός,
144 3719 203 3796 ἔχει
225 3719 342 3796 γυναῖκα
365 3714 558 3795 θεοπέμπιην,
582 3717 718 3798 θυγατέρα
734 3715 839 3797 Ἄνναν,
864 3717 1030 3798 ζευγαράτος
1053 3761 1258 3778 ......
1282 3717 1342 3776 Διά

60 3843 108 3896 τῶν
129 3839 306 3920 χωραρίων
332 3841 387 3898 τοῦ
414 3839 510 3898 αὺτοῦ
536 3836 736 3918 προαστείου
763 3843 825 3898 τῶν
853 3838 954 3898 όντων
982 3838 1014 3898 ἑν
1042 3837 1210 3919 διαφόροις
1239 3859 1340 3898 κατα-

60 3964 172 4034 τομαῖς.
217 3957 356 4040 χωράριον
383 3959 414 4020 τό
439 3961 470 4019 δν
498 3957 538 4030 είς
563 3961 594 4019 τό
617 3958 806 4020 Μελσνοίιδιον
832 3958 948 4034 πλησίον
975 3965 1029 4020 τῶν
1050 3957 1207 4036 οἰκημάτων
1229 3960 1274 4019 σὺν
1296 3964 1342 4020 τοῦ

61 4081 138 4162 ἑτέρου
159 4083 299 4164 χωραρίαυ
321 4087 375 4141 τῶν
392 4080 537 4142 Ἁλωνίων.
572 4081 672 4160 βορρᾶς
694 4084 816 4161 σωκάρια
839 4081 873 4159 ε’,
895 4081 969 4162 σῦργ.
986 4078 1027 4156 ς’.
1062 4082 1139 4153 νότος
1162 4083 1284 4164 σωκάρια
1306 4079 1341 4163 δ’,

60 4203 119 4283 είργ.
131 4201 165 4284 γ’.
199 4199 322 4278 ἀνατολὴ
342 4203 463 4284 σωκάρια
478 4201 516 4282 η’,
533 4201 606 4276 δόσις
622 4204 744 4284 σωκάρια
760 4201 793 4264 ε’.
825 4203 893 4278 όμοῦ
908 4204 1013 4276 πλάτος
1028 4205 1151 4284 σωκάρια
1166 4200 1204 4283 β’,
1217 4204 1291 4284 οῦργ.
1306 4202 1341 4265 θ’.

59 4331 132 4399 μῆκός
153 4327 276 4408 σωκάρια
300 4323 335 4406 δ’,
356 4326 430 4405 οάργ.
452 4323 485 4406 ζ’,
510 4323 612 4400 μοδίων
635 4324 667 4400 ς’
687 4327 779 4401 ὴμιου.
817 4327 954 4405 χωράριον
984 4326 1015 4384 τό
1044 4327 1074 4383 όν
1109 4322 1148 4396 εἰς
1174 4326 1223 4401 τὴν
1251 4328 1342 4386 στάσιν

59 4451 94 4505 τοῦ
107 4449 285 4509 Φιλιππικοῦ·
311 4447 384 4520 δόσις
399 4449 520 4527 σωκάρια
535 4445 573 4528 γ’,
587 4447 661 4528 οίνργ.
675 4445 714 4526 γ’,
732 4452 820 4523 μῆκος
836 4448 958 4527 σωκάρια
974 4441 1010 4527 β’,
1026 4444 1148 4523 ἀνατολὴ
1167 4449 1290 4527 σωκάρια
1306 4446 1341 4528 ε’,

60 4573 133 4642 μῆκος
148 4571 270 4650 σωκάρια
284 4567 339 4648 κδ’,
356 4570 431 4649 οῦργ.
448 4565 485 4647 α’,
509 4565 610 4644 μσδίων
633 4567 667 4628 ν’.
701 4570 840 4648 χωρσὶριον
854 4571 901 4628 τοῦ
917 4568 1045 4647 Κάμπσυ,
1069 4567 1194 4644 ἀνατολὴ
1218 4566 1342 4650 σωκάρια

60 4688 88 4767 β’,
108 4692 176 4764 δόσις
190 4689 315 4773 σωκάρια
329 4689 368 4770 γ’,
385 4711 457 4771 ουργ.
473 4689 510 4768 γ’.
543 4694 632 4766 μῆκος
653 4692 775 4770 σωκάρια
795 4689 841 4770 ιβ’,
857 4691 932 4770 σῐιργ.
948 4688 985 4768 α’,
1006 4689 1109 4764 μαδίων
1130 4685 1180 4764 ις’.
1203 4693 1342 4771 χωροίριον
