3228 5294
1345 279 1409 380 σι’

87 509 134 567 σὺν
155 513 189 588 τῇ
213 513 285 589 μονῇ
309 511 389 568 α’ντοθ
411 507 458 568 καί
480 511 536 578 τοῖς
558 509 602 566 ὑπ’
626 509 705 568 αίιτθν
729 511 872 586 μοναχοίς,
900 507 946 566 καί
973 507 1210 582 καταβλάπτουσιν
1234 509 1284 568 σὐκ
1305 508 1388 588 ὀλίγα

85 629 182 701 αὐτοὺς
213 629 259 689 θιά
285 631 316 689 τ“ο
340 631 378 706 μὴ
401 631 567 710 χωρισθῆναι
589 627 664 709 παρὰ
686 634 733 690 σοῦ
759 629 808 703 τήν
836 630 951 690 ἑκάστου
979 631 1076 709 νομήν,
1099 630 1144 688 θτε
1167 629 1215 704 τήν
1237 635 1284 690 τοῦ
1307 631 1387 709 Παρ·

84 751 174 813 θενίου
204 752 354 831 παράδοσιν
384 751 453 832 πρὸς
482 750 544 824 τσθς
574 751 714 828 μσναχσίις
745 751 886 828 ἐποίησας,
919 751 986 810 ἀλλ’
1018 746 1088 812 εἶναι
1119 751 1386 831 ἀνακεκοινωμένην,

85 873 261 953 διοριζόμεθα
283 894 325 934 σοι
348 873 479 933 ἀπελθεῖν
506 871 553 933 καί
584 871 747 954 διαχωρίσαι
769 873 818 948 τὴν
841 872 1019 952 διαρέρουσαν
1043 875 1150 952 ἑκάστῳ
1173 875 1260 949 νομὴν
1288 872 1319 947 ἐξ
1342 875 1387 955 ἀρ-

83 997 171 1072 χαίων
195 1002 251 1055 τῶν
272 997 390 1075 χρόνων,
413 994 564 1076 περιορίσσιι
587 1015 616 1054 τε
638 999 722 1055 ταθτα
744 994 792 1055 καί
818 995 997 1074 λαβρατῶσαι
1023 993 1069 1054 καί
1097 998 1303 1075 παρασκευάσαι
1325 995 1387 1068 τοίνς

84 1119 202 1177 ἑκάστου
217 1117 303 1196 ἀγροῦ
318 1115 463 1196 οἰκήτορας
483 1115 522 1187 εἰς
544 1117 575 1176 τθ
597 1115 647 1189 τὰς
670 1116 846 1196 διαφερούσας
870 1115 959 1188 σίντσίς
981 1117 1068 1192 νομὰς
1091 1117 1230 1196 νέμεσθαι,
1254 1115 1300 1176 καί
1316 1119 1386 1192 μήτε

88 1239 150 1309 τοὺς
173 1243 221 1299 τοῦ
244 1239 422 1318 Πσλουρσίτη
446 1237 486 1310 είς
508 1240 557 1314 τὴν
573 1239 601 1298 ἐν
616 1236 655 1316 τῷ
679 1235 821 1318 Παρθενίῳ
844 1239 930 1313 νομὴν
953 1235 1134 1317 είσέρχεσθαι,
1157 1241 1228 1313 μήτε
1250 1239 1312 1310 τοὺς
1333 1245 1386 1298 τῶν

83 1361 258 1441 Κουρουνῶν,
282 1363 352 1438 μήτε
374 1365 436 1434 τοθς
459 1361 488 1420 ἐν
510 1359 550 1438 τῷ
574 1355 716 1440 Παρθενίῳ
739 1357 779 1432 είς
801 1361 831 1419 ἓν
853 1359 968 1419 τοίιτων·
1002 1357 1081 1420 ἀλλά
1100 1359 1163 1432 τους
1185 1358 1267 1432 ίθίσυς
1289 1362 1386 1433 τόπους

83 1479 204 1552 καὶτὰς
226 1481 314 1558 νομάς
335 1481 518 1562 γνωρίζοντας
541 1481 691 1560 ἀπέχεσθαι
713 1486 760 1540 τοῦ
782 1483 838 1553 ταῖς
855 1477 1013 1561 ἀλλοτρίοις
1029 1480 1204 1556 ἐπεμβαίνειν
1227 1480 1274 1542 καί
1296 1503 1384 1542 κατα-

84 1602 218 1676 βλάτττειν
241 1607 258 1679 ἢ
280 1606 452 1684 περικθπτειν
480 1603 584 1682 αὐτοίις,
617 1605 656 1675 ὡς
683 1603 716 1662 ἂν
745 1603 866 1664 ἐντεῦθεν
899 1599 1046 1662 ἀνάπαυσιν
1076 1603 1189 1682 ἔχοντες
1215 1602 1241 1663 σί
1268 1603 1386 1682 μσναχοί

82 1723 129 1784 καί
159 1725 334 1806 ἀπερικόπως
357 1723 479 1799 βιοῦντες
501 1723 548 1784 καί
571 1723 718 1804 ἀταράχως
741 1724 942 1804 ίντερείιχωνται
969 1729 1018 1802 τῆς
1045 1723 1188 1800 βασιλείας
1217 1725 1306 1801 ήμῶν.
1337 1725 1384 1786 καὶ

83 1845 238 1918 ἐξάπαντσς
259 1844 307 1906 καί
330 1841 519 1926 ἀνυπερθέτως
542 1843 589 1906 καὶ
612 1841 657 1906 διὰ
678 1847 780 1924 τάχους
807 1845 986 1924 έκπλήρωσσν
1009 1845 1042 1905 τὰ
1066 1845 1232 1926 θιαρισθέντα
1255 1868 1305 1908 σοι.
1340 1848 1385 1908 διὰ

80 1967 236 2048 γάρτοῦτο
258 1965 305 2028 καί
328 1967 358 2027 πθ
379 1969 466 2045 παρθν
487 1969 626 2028 πιττάκιον
651 1968 679 2026 έν
702 1970 759 2039 τοῖς
780 1967 904 2047 χαρτίοις
934 1970 981 2027 τοῦ
1005 1949 1135 2048 σεκρέτσυ
1155 1971 1201 2028 τοῦ
1224 1967 1384 2048 Μυρελαίσυ

82 2085 270 2170 κατεστρώθη,
301 2088 358 2149 ἴσον
381 2109 411 2148 τε
437 2089 531 2149 τοίιτου
552 2090 756 2164 πεπιστωμένσν
780 2089 890 2168 ἐγένετο
917 2087 964 2148 καὶ
990 2091 1046 2159 τοῖς
1073 2091 1206 2166 μοναχοίς
1233 2086 1273 2162 εἰς
1295 2089 1384 2169 ἀορά-

81 2211 161 2271 λειαν
191 2211 322 2288 ἐπεθέθη·
356 2204 386 2271 οὗ
413 2210 448 2286 δὴ
478 2208 526 2270 καὶ
554 2212 646 2288 ἕτερον
673 2209 729 2270 ίσον
756 2209 832 2290 παρά
858 2214 905 2271 σοῦ
931 2211 1059 2288 γενέσθαι
1086 2209 1191 2289 ἀρείλει
1220 2209 1267 2270 καὶ
1295 2211 1385 2284 αθτοϊς

80 2332 306 2412 προσεπιθσθῆναι
338 2329 376 2404 είς
406 2330 586 2414 βεβαιοτέραν
616 2331 778 2410 ἀσφάλειαν.
814 2328 891 2406 μηνί
925 2325 1046 2410 ίσυνίῳ,
1088 2328 1296 2403 ίνδικτιῶνος
1332 2331 1383 2395 ια’.

81 2453 137 2514 καί
168 2457 185 2529 ή
220 2453 274 2514 διὰ
308 2457 411 2535 κηροῦ
441 2455 587 2530 συνήθης
609 2452 747 2534 σφραγίς
781 2459 840 2529 τῆς
870 2452 969 2532 ἁγίας
1000 2454 1092 2528 ἡμῶν
1124 2452 1315 2530 δεσποίνης.
1347 2452 1384 2513 ἑκ

81 2583 134 2653 τῆς
163 2575 359 2655 δεσποίνης,
390 2582 448 2651 τῆς
479 2577 604 2656 μητρθς
632 2579 686 2636 τοῦ
718 2571 912 2654 βασιλέως,
931 2576 1012 2654 πρθς
1042 2577 1096 2636 τθν
1118 2575 1292 2655 πατρίκισν
1323 2576 1383 2635 Εἰν-

81 2698 214 2757 στάθισν
244 2695 300 2756 καὶ
327 2697 517 2776 προνοητὴν
544 2699 671 2778 Σάμου,
699 2698 753 2756 τ’σν
780 2695 1015 2778 Χαρσιανίτην,
1045 2694 1102 2756 καὶ
1128 2698 1181 2758 τθν
1213 2696 1383 2778 έκπροσω-

81 2824 203 2878 τοῦντα
233 2819 267 2878 ἐν
293 2817 340 2896 τῷ
362 2817 444 2898 σίκῳ
474 2823 529 2880 τοῦ
559 2813 782 2900 Μυρελαίου,»

186 2939 283 3012 Οίιτως
306 2935 351 3000 οὗν
374 2938 492 3016 καὶτῆς
515 2941 641 3018 τοιαύτης
663 2941 754 3016 τιμίας
779 2937 956 3020 προστάξεως
986 2940 1248 3019 παρακελευομένης
1279 2938 1382 3012 ἐξαπε-

81 3061 228 3138 στείλαμεν
259 3063 305 3122 τθν
335 3064 609 3142 προμνημονευθέντα
639 3063 771 3138 Ἰωάννην
802 3064 923 3142 νοτάριον
953 3063 998 3120 τθν
1021 3058 1193 3140 Θεσλογίτην
1221 3063 1384 3138 ποιήσασθαι

80 3184 128 3258 τἠν
151 3183 333 3264 ἀναμέτρησιν
354 3188 402 3243 τοῦ
424 3183 584 3264 προαστείου
606 3188 652 3244 τσῦ
676 3181 827 3264 Παρθενίου
847 3179 933 3262 ἰδίως,
957 3181 1004 3242 καὶ
1023 3189 1077 3242 τῶν
1093 3183 1185 3264 ἀγρῶν
1202 3179 1276 3257 αὖθις
1291 3183 1381 3258 ίθίως·

82 3303 126 3364 καί
149 3303 174 3364 εί
197 3306 249 3380 μέν
273 3306 381 3385 εὑρήσει
404 3306 453 3380 τὴν
475 3310 521 3365 τοῦ
549 3306 698 3386 Παρθενίου
720 3305 806 3383 νομὴν
829 3305 1034 3376 πλεονάζουσαν
1056 3311 1106 3381 τῆς
1128 3309 1181 3365 τῶν
1204 3305 1308 3387 ἀγρῶν,
1337 3307 1381 3367 ἐ-

82 3429 152 3507 νάψη
173 3427 274 3502 ταυτην
296 3425 344 3486 καί
366 3423 504 3510 ἀπονείμη
526 3425 573 3486 καί
599 3429 654 3498 τοῖς
684 3427 779 3506 ἀγροῖς
802 3428 832 3486 τθ
856 3425 1010 3501 ἐπιβάλλον
1032 3424 1063 3499 ἐξ
1087 3426 1218 3508 ἰσότητος,
1242 3427 1288 3488 καί
1311 3431 1382 3506 μήτε

83 3545 118 3626 τῷ
132 3545 287 3628 προαστείῳ
306 3547 454 3628 Παρθενίου
470 3555 672 3628 παραχωρῆσαι
690 3547 819 3620 πλείονος
838 3553 926 3624 νομῆς
940 3553 994 3608 τῶν
1010 3549 1113 3629 ἀγρῶν,
1137 3551 1207 3624 μήτε
1229 3553 1286 3621 τοῖς
1309 3549 1382 3611 δυσίν

85 3667 184 3748 ἀγροῖς,
209 3667 248 3747 τῷ
271 3687 300 3728 τε
326 3669 502 3750 Πολουροθτη
525 3667 571 3728 καί
597 3669 636 3748 τῷ
664 3669 824 3749 Πουρσυνῶν
847 3675 896 3745 τής
918 3673 964 3728 τοῦ
988 3668 1138 3750 Παρθενίου
1166 3670 1326 3744 ἐλάττονος·
1358 3670 1382 3731 εί

85 3787 114 3847 δὲ
135 3789 173 3866 μή
197 3790 294 3869 οὓτως,
319 3789 396 3849 ἐᾶσαι
419 3787 466 3849 καὶ
488 3791 519 3849 τθ
540 3767 700 3870 προάστειον
721 3788 851 3880 καίὶτσίις
875 3790 975 3870 ἀγροὺς
994 3791 1069 3869 ἔχειν
1084 3789 1118 3850 τά
1138 3789 1195 3851 ἴδια
1208 3790 1256 3852 καί
1279 3793 1381 3853 δεσπό-

84 3911 143 3990 ζειν,
158 3908 207 3971 καί
223 3913 295 3987 μήτε
310 3910 454 3992 θραίρεσιν,
472 3913 541 3987 μήτε
557 3909 667 3989 αὔξησιν
683 3911 729 3971 καί
749 3913 906 3993 προσθήκην
928 3913 1074 3988 ἐμποιῆσαι
1095 3913 1201 3994 θατέρῳ
1221 3915 1299 3994 μέρει
1314 3915 1379 3974 τινί·

85 4031 150 4104 ὅστις
166 4033 202 4108 δὴ
217 4030 265 4092 καί
288 4032 417 4092 ἀπελθὼν
440 4033 625 4114 ἀνεμέτρησεν
648 4033 724 4105 ίθίως
744 4035 795 4110 μέν
817 4034 865 4110 τὴν
881 4035 951 4110 ὅλην
967 4036 1053 4110 νομὴν
1069 4038 1115 4096 τοῦ
1130 4035 1290 4116 προαστείου
1307 4036 1380 4117 Παρ-

85 4153 176 4236 θενίου,
193 4151 271 4226 ίθίως
287 4153 317 4214 δέ
333 4161 386 4214 τῶν
403 4155 449 4214 θθσ
466 4155 572 4237 ἀγρῶν·
596 4155 643 4215 καί
665 4156 761 4236 εὑρέθη
784 4161 830 4216 τοῦ
853 4158 904 4232 μὲν
928 4157 1079 4237 Παρθενίου
1101 4164 1138 4236 γῆ
1163 4155 1311 4233 νομαθιαία
1333 4157 1379 4218 σὺν

85 4275 252 4357 τήτπορίμῳ
275 4275 378 4351 ρσθίων
399 4273 595 4356 ἑξακισχιλίων
616 4279 796 4358 πεντήκοντα,
818 4283 865 4338 τοῦ
881 4277 912 4337 δὲ
931 4278 1017 4359 ἀγροῦ
1040 4279 1216 4359 Πολουροθτη
1236 4273 1379 4359 χῆνσμα-

86 4393 153 4456 θιάα
168 4397 263 4478 συντῇ
285 4397 410 4478 σπορίμῳ
433 4397 535 4474 μοθίων
558 4399 788 4477 πεντακισχιλίων
811 4395 960 4471 ἑξακοσίων
984 4399 1138 4478 δεκαοκτώ,
1165 4399 1212 4459 καί
1232 4405 1278 4461 τοῦ
1294 4397 1393 4483 ἀγροῦ.

86 4523 134 4576 τῶν
155 4519 318 4600 Πουρσυνῶν
340 4526 378 4598 γῆ
401 4519 549 4595 νομαθιαία
572 4521 617 4580 σὺν
640 4527 672 4602 τῇ
696 4519 819 4601 σπορίμῳ
847 4521 948 4597 μοθίων
975 4521 1074 4599 χιλίων
1101 4517 1282 4601 τετρακοσίων
1309 4543 1379 4582 πεν-

85 4641 197 4713 τήκοντα
228 4641 311 4703 θκτθι.
343 4639 422 4701 ἀλλά
449 4641 550 4702 τούτων
580 4641 665 4714 σθτως
695 4641 924 4722 θιενεργηθέντων
954 4641 1000 4703 καί
1032 4642 1204 4723 εὑρεθέντων,
1234 4641 1282 4704 καί
1309 4645 1378 4720 μήτε
