3186 5286
239 337 304 404 382

240 531 412 613 ἀδιόρθωτσι,
437 531 655 607 ἐκβληθήτωσαν
671 537 720 606 τῆς
739 530 816 611 ίερᾶς
835 532 933 608 ταίιτης
953 537 1039 607 μονῆς
1061 530 1108 590 καί
1131 531 1376 590 ἁπελαυνέσθωσαν
1398 537 1449 606 τῆς
1465 530 1535 609 ἰερὰς

239 655 337 729 ταύτης
365 657 583 732 μσναστηριακῆς
611 652 727 728 ποίμνης
756 654 794 724 ὡς
820 653 944 732 πρόβατα
971 658 1113 731 ψωρῶντα.
1141 650 1188 712 καί
1211 654 1269 712 όσσι
1292 653 1316 712 δ’
1333 655 1366 712 ἁν
1388 652 1443 712 τῶν
1467 672 1534 712 νεω-

239 777 325 855 τέρων
352 773 542 855 ίερσμσνὰχων
569 773 617 834 καί
639 773 831 852 ίερσδιακόνων
854 775 1008 834 ὑποπέσωσι
1028 773 1068 852 τῷ
1090 779 1139 848 τῆς
1161 773 1280 854 θβρεως,
1304 774 1471 844 ἀλαζονείας
1492 772 1533 832 καί

240 894 420 968 ἁνυποταξίας
439 899 636 976 παραπτώματι
658 894 705 956 καὶ
729 896 799 971 μετὰ
822 896 949 974 δευτέραν
972 895 1109 956 νουθεσίαν
1133 895 1244 971 μείνασι
1262 895 1347 956 πάλιν
1367 895 1532 976 ἀδιόρθωτοι,

240 1017 457 1094 ἐκβληθήτωσαν
484 1017 530 1078 καί
557 1011 628 1078 οὗτοι
651 1025 700 1094 τῆς
723 1023 809 1094 μονῆς
832 1017 951 1094 μηδενός
974 1017 1177 1092 ἐναντιουμένου
1204 1019 1234 1076 έν
1262 1017 1340 1096 βάρει
1368 1017 1466 1097 ἀργίας
1492 1013 1534 1076 καὶ

240 1137 288 1199 καί
310 1139 410 1200 ἁλῦτσυ
434 1134 589 1219 ἁρσρισμσῦ.
614 1139 743 1214 ἕβδομον.
769 1138 906 1214 μηδέποτέ
921 1159 961 1210 τις
984 1141 1071 1198 αῦτῦν
1093 1142 1112 1213 ἢ
1136 1138 1180 1198 διὰ
1202 1143 1402 1219 πατριαρχικῆς
1425 1139 1533 1198 ἐπιστο-

241 1261 296 1336 λῆς
324 1264 342 1334 ἢ
373 1261 471 1332 άλλως
496 1282 556 1331 πως
586 1261 725 1338 πραττέτω
751 1280 776 1318 τι
805 1257 867 1340 περί
897 1262 945 1334 την
973 1261 1191 1340 μοναστηριακὴν
1221 1261 1308 1320 αῦτιῖιν
1336 1259 1467 1335 διοίκησιν
1494 1259 1535 1318 ἐπὶ

240 1381 393 1462 παραβάσει
417 1388 470 1442 τῶν
490 1402 520 1440 τε
543 1379 666 1460 ἀρχαίων
690 1383 777 1440 αῦτιῦν
799 1377 904 1452 τάξεων
926 1381 1047 1440 καὶτῶν
1070 1381 1124 1457 ἤδη
1149 1381 1193 1440 διὰι
1215 1387 1261 1440 τοῦ
1283 1384 1417 1462 παρόντος
1439 1383 1533 1460 γνώμη

244 1509 322 1584 κοινῇ
345 1501 392 1562 καί
415 1501 542 1582 συνοδικῇ
566 1501 752 1583 δεδογμένων,
780 1501 847 1561 ἀλλ’
871 1497 1007 1576 ἁβιὰστως
1033 1501 1080 1562 καὶ
1108 1502 1264 1580 ἐλευθέρως
1292 1501 1477 1562 δισικείτωσαν
1505 1503 1534 1560 ιδ

243 1625 421 1704 μοναστηριον
451 1627 529 1684 τοῦτο
559 1624 630 1682 κατὰ
659 1623 708 1700 τἠν
738 1623 857 1703 ἀρχαίαν
889 1624 975 1684 αῦτῶν
1002 1620 1086 1696 τάξιν.
1117 1622 1164 1684 καὶ
1187 1625 1238 1684 όσα
1261 1626 1344 1704 μέχρι
1366 1623 1447 1684 τοῦδε
1470 1624 1534 1682 οῦτω

242 1745 314 1804 κατὰ
343 1745 404 1819 βίαν
434 1746 583 1821 συνέβησαν
613 1743 652 1824 τῷ
680 1746 851 1824 μσναστηρίῳ
882 1747 976 1825 τοὺτῳ,
1005 1745 1059 1804 εἴτε
1084 1745 1146 1825 περὶ
1169 1744 1366 1825 ἡγουμενείας,
1394 1743 1449 1806 εἴτε
1477 1744 1533 1824 περὶ

243 1865 397 1942 οἰκονομίαν
421 1865 468 1926 καί
491 1866 620 1944 μετοχίσυ
643 1863 690 1926 καί
713 1866 809 1928 σίλλων
833 1872 1057 1946 μοναστηριακιῦν
1080 1867 1217 1946 όφρικίων,
1245 1870 1351 1927 ἅπαντα
1372 1867 1407 1926 τά
1429 1871 1535 1926 τοιαῦτα

244 1989 365 2048 ἔστωσαν
386 1991 473 2064 πάντη
498 1988 596 2068 ἄκυρα,
623 1985 670 2048 καὶ
692 1985 794 2060 ἐξέστω
817 1992 874 2060 τοῖς
895 1989 1047 2070 προκρίτοις
1069 1987 1117 2049 καί
1138 1989 1330 2069 πρεσβυτέροις
1353 2007 1533 2065 μοναστηρια-

243 2113 302 2182 κοῖς
322 2109 507 2184 διοικήσασθαι
528 2111 620 2170 ἐκεῖνα
640 2110 712 2168 κατὰ
730 2111 760 2170 io
780 2115 857 2192 κοινῇ
878 2112 966 2180 αὺτοῖς
987 2109 1083 2170 δοκοῦν
1103 2111 1170 2190 πρός
1189 2112 1238 2184 τἠν
1254 2111 1372 2190 ἀρχαίαν
1393 2112 1485 2186 μέντοι
1503 2132 1533 2188 γε

244 2231 363 2312 ἀφορῶσι
384 2232 604 2310 μσναστηριακὴν
621 2232 707 2290 σι’στῶν
727 2228 812 2303 τάξιν.
836 2231 935 2308 όγδσον
956 2231 987 2290 δέ
1010 2233 1081 2304 ὅστις
1102 2233 1188 2291 αῦτιῦν
1209 2232 1248 2306 μὴ
1268 2232 1340 2291 κατὰ
1358 2233 1404 2290 τόν
1425 2233 1533 2310 ἀρχαῑσν

245 2355 460 2433 μοναστηριακόν
488 2354 575 2412 αῦτῶν
602 2355 710 2432 τρόπον,
740 2352 817 2412 ἀλλὰ
840 2353 911 2412 κατὰ
934 2351 995 2426 βίαν
1022 2351 1069 2412 καί
1092 2349 1192 2426 ἄλλως
1212 2375 1271 2426 πως
1300 2354 1469 2434 ἐπιχειρήσει
1490 2349 1534 2411 αἰ-

244 2479 323 2550 τῆσαι
350 2471 532 2552 ἡγουμενείαν
559 2477 577 2548 ἢ
601 2471 777 2548 οίκσνομὰτσν
804 2476 822 2547 ἢ
845 2471 965 2552 όρρίκισν
992 2477 1010 2548 ἢ
1038 2474 1112 2534 ἀλλο
1135 2496 1160 2536 τι
1186 2479 1314 2556 τοιοῦτον,
1342 2468 1414 2534 οὗτοι
1441 2477 1536 2543 πάντες

245 2597 284 2666 ὡς
316 2595 476 2676 ἁνατροπεῖς
509 2601 564 2654 τῶν
591 2593 712 2674 ἀρχαίων
739 2593 786 2654 καί
816 2595 911 2654 καλῶν
939 2594 1164 2676 μσναστηριακῶν
1195 2597 1296 2673 ἐθίμων
1327 2595 1375 2658 καὶ
1411 2597 1450 2669 ὡς
1479 2597 1535 2655 διε-

245 2718 411 2794 στραμμένα
431 2715 478 2776 καί
497 2717 595 2793 φαῦλοι
615 2715 861 2776 ἀπελαυνέσθωσαν
880 2721 927 2776 τοῦ
947 2716 1019 2797 ἱεροῦ
1037 2718 1129 2778 τούτου
1144 2718 1333 2799 μοναοιηρίου,
1353 2715 1399 2778 καί
1421 2718 1536 2778 ἔστωσαν

244 2840 330 2912 πάντη
359 2835 563 2912 ἀπεξενωμένοι
585 2836 632 2897 καὶ
654 2837 806 2918 ἀλλότριοι,
834 2839 877 2898 ἵνα
901 2839 939 2914 μὴ
962 2840 1127 2917 πρόσκομμα
1148 2839 1275 2918 γίνωνται
1298 2837 1537 2918 συνδιαρθείροντες

245 2959 291 3020 καί
314 2960 429 3032 σίκλους.
454 2961 527 3031 ὅστις
550 2957 574 3018 δ’
595 2962 627 3018 ἁν
649 2957 696 3020 καὶ
720 2960 812 3032 όστσῖος
835 2961 931 3040 μικρός
953 2963 971 3036 ἢ
995 2962 1084 3038 μέγας
1106 2959 1160 3020 τῶν
1183 2966 1410 3041 μοναστηριακιῦν
1433 2961 1534 3036 τσίτων,

244 3080 439 3161 ίερσμόναχος,
476 3080 660 3161 ίεροδιάκσνσς
688 3083 706 3155 ἢ
737 3083 860 3159 μοναχός
890 3083 1034 3142 όποιασοῦν
1063 3079 1168 3154 τάξεως
1201 3079 1248 3140 καί
1279 3081 1386 3156 βαθμοῦ
1415 3082 1535 3160 τσλμιίογΙ

244 3201 310 3262 ποτὲ
332 3201 490 3281 παραβῆναί
518 3223 577 3273 πως
602 3201 649 3262 καί
673 3201 821 3282 ἀνατρέψαι
844 3202 973 3278 ἐμμέοως
995 3205 1013 3276 ἢ
1036 3202 1168 3278 ἁμμέσως
1189 3203 1224 3262 τά
1246 3203 1374 3284 ἀνωτέρω
1397 3203 1535 3272 συνοδικῦς

245 3324 442 3404 ἀπσρανθέντα,
472 3317 545 3384 οὗτοι
574 3326 674 3396 πάντες
704 3325 858 3403 ὑπάρχωσιν
886 3325 1064 3404 ἀφωρισμέναι
1095 3325 1148 3384 ἀπδ
1175 3325 1239 3384 θεοῦ
1268 3324 1360 3404 κυρίου
1386 3325 1535 3405 παντοκρά-

245 3463 324 3525 τορος
352 3444 400 3506 καὶ
426 3447 623 3530 κατηραμένοιγ
641 3444 689 3506 καί
716 3441 907 3526 ἀσυγχώρητοι
934 3444 982 3505 καί
1010 3447 1078 3521 μετὰ
1105 3447 1220 3506 θάνατον
1242 3446 1337 3508 ἀλυτοι
1364 3445 1414 3506 καί
1434 3467 1534 3523 τυμπα-

246 3567 327 3626 νιαῖοι
353 3564 400 3626 καί
426 3567 565 3627 ῦπείιθννοι
586 3565 625 3645 τῷ
649 3565 748 3645 αἰωνίῳ
770 3565 830 3647 πυρὶ
857 3572 907 3642 τῆς
929 3569 1043 3645 γεέννης
1070 3564 1117 3626 καί
1143 3567 1266 3630 ὑπόδικοι
1287 3565 1326 3645 τῷ
1349 3566 1450 3647 αἰωνίῳ
1472 3567 1534 3626 ἀνα-

248 3687 353 3766 θέματι,
382 3689 495 3766 ἔχοντες
516 3686 563 3749 καί
586 3687 634 3760 τὰς
656 3688 725 3768 ἀρὰς
751 3695 804 3748 τῶν
832 3688 918 3766 ἁγίων
948 3688 1107 3769 τριακοσίων
1135 3688 1205 3750 δέκα
1234 3683 1281 3750 καί
1308 3688 1382 3749 όκτίο
1409 3689 1534 3768 θεαρόρων

247 3811 370 3889 πατέρων
392 3815 446 3869 τῶν
470 3809 498 3868 ἐν
525 3809 628 3890 Νικαίᾳ
654 3808 701 3870 καί
723 3814 776 3868 τῶν
798 3810 903 3870 λοιπῶν
932 3809 1017 3888 ἁγίων
1039 3808 1170 3874 συνόδων.
1199 3814 1284 3872 ταῦτα
1311 3810 1363 3884 μέν
1392 3809 1436 3870 σόν
1457 3809 1534 3868 κεκί-

249 3951 331 4009 ρωται
358 3931 505 4004 συνοδικῦς
527 3929 572 3992 διὰ
595 3934 640 3989 τοῦ
662 3931 795 4010 παρόντος
817 3931 889 3990 κατὰ
911 3931 959 4005 τὴν
982 3931 1085 4010 θερμὴν
1109 3929 1201 4007 δέησιν
1224 3937 1278 3991 τῶν
1302 3931 1438 4010 ῥηθέντων
1459 3931 1534 3989 όοιω-

248 4053 335 4111 τὰτων
363 4057 588 4132 μοναστηριακῦν
614 4053 747 4130 πατέρων,
778 4049 817 4124 εἰς
840 4052 871 4112 δὲ
893 4051 941 4128 τὴν
963 4051 1025 4131 περὶ
1046 4053 1145 4112 τοῦτων
1174 4051 1287 4124 ἔνδειξιν
1313 4053 1424 4129 ἐγένετο
1445 4049 1488 4110 καὶ
1506 4051 1534 4107 τί

250 4173 335 4252 παρόν
358 4174 491 4253 ἡμέτερον
513 4174 709 4254 πατριαρχικόν
732 4171 779 4233 καὶ
802 4171 941 4234 συνοδικόν
964 4176 1091 4254 γράμμα,
1118 4174 1309 4253 καταστρωθέν
1335 4174 1387 4234 κάν
1415 4172 1452 4251 τῷ
1475 4169 1533 4250 ἱερῷ

250 4291 345 4354 κίνδικι
378 4299 428 4370 τῆς
460 4295 522 4355 καθ’
557 4298 630 4370 ἡμὰς
664 4299 711 4356 τοῦ
745 4297 859 4376 Χριστοῦ
887 4295 1016 4374 μεγάλης
1045 4295 1206 4377 ἐκκλησίας,
1241 4294 1289 4356 καὶ
1325 4295 1409 4371 ἐδόθη
1442 4293 1478 4364 εἰς
1507 4293 1533 4350 τό

245 4411 394 4494 ἐἰρημένον
431 4415 504 4498 ἱερόν
541 4416 587 4477 καὶ
625 4418 772 4492 σεβάσμιον
809 4417 837 4475 ἐν
869 4423 903 4500 τῇ
937 4419 1012 4498 νήσῳ
1045 4418 1150 4498 Πάτμῳ
1184 4420 1318 4499 ἡμέτερον
1349 4417 1396 4478 καί
1430 4433 1532 4494 σταυρο-

249 4541 385 4616 ττηγιακόν
419 4543 597 4620 μαναστίγρισν
626 4545 672 4599 τοῦ
703 4538 780 4618 ἁγίου
811 4538 937 4600 Ἰωάννου
966 4545 1013 4601 τσῦ
1040 4541 1194 4620 Θεσλόγου.
1231 4541 1265 4600 ἐν
1296 4541 1365 4600 ἔτει
1394 4537 1532 4616 σωτηρίῳ

253 4658 358 4740 ,αωα’.
381 4660 402 4738 †
