3160 5292
1268 352 1326 418 18⁷

51 557 122 634 ἡμῶν,
148 554 240 634 κυρίου
263 550 388 626 Ἀλεξίου
421 557 468 612 τοῦ
494 550 739 633 Βαραγγοποῦλου,
769 554 815 610 τοῦ
845 548 1011 630 βεστιαρίτου
1040 552 1090 622 τῆς
1119 553 1250 628 κραταιᾶς
1279 545 1328 608 καὶ

51 675 113 754 όγίος
146 673 291 748 βασιλείας
323 676 405 753 κυροῦ
436 667 582 754 Θεοδώρου
614 676 660 732 τοῦ
694 673 825 752 Σκολάρι,
862 675 908 732 τοῦ
941 670 1150 750 θεοφιλεστάτου
1184 670 1328 730 ἐπισκόπου

50 799 173 876 Κεράμου.
197 794 245 856 καί
260 797 387 876 ἐγεγόνει
401 799 431 857 τό
449 799 536 877 παρόν
556 797 789 876 σημειομάρτυφον
810 795 891 873 ἡμῶν
912 795 1039 874 γράμμα,
1062 790 1109 854 καὶ
1132 790 1249 868 ἐπεδόθη
1272 795 1329 864 τοῖς

49 921 166 996 μνοχοῖς
188 923 238 997 τῆς
259 917 412 994 σεβοσμίας
439 923 526 996 μονῆς
555 924 605 995 τῆς
634 917 745 992 Πάτμου
775 915 815 987 είς
845 915 1002 996 ἀναδρομὴν
1032 915 1079 976 καὶ
1107 915 1254 994 ἐμφάνειαν
1280 921 1329 988 τῆς

49 1045 163 1120 ιρατσιάς
189 1038 238 1100 καὶ
263 1039 346 1120 άγίας
368 1039 511 1117 βασιλείας
533 1059 591 1123 σου,
619 1037 667 1100 καί
689 1038 716 1100 εί
735 1059 759 1100 τι
783 1039 816 1100 ἐκ
844 1039 908 1100 θεοῦ
937 1038 1069 1116 όνδηγηόη
1095 1037 1113 1111 ί,
1140 1035 1257 1118 κραταιόι
1283 1033 1330 1096 καί

49 1163 101 1240 ίγία
127 1161 257 1236 βασιλεία
279 1183 336 1225 σου.
366 1161 415 1224 καί
440 1163 479 1236 ὡς
506 1161 598 1224 δοῦλοι
627 1161 674 1223 καὶ
701 1161 816 1238 στλάβοι
841 1167 891 1237 τῆς
916 1163 1049 1242 κραταιᾶς
1074 1157 1121 1219 καὶ
1144 1156 1226 1239 ἁγίας
1248 1157 1329 1234 βασι-

48 1285 112 1357 λείας
134 1307 183 1346 οου
204 1286 364 1362 τολμῶντες
387 1284 567 1366 άναφόρομεν.
591 1287 613 1366 †

135 1407 157 1486 †
179 1407 224 1466 Τό
250 1408 353 1487 παρόν
380 1409 668 1488 οημειομάρτυρον
695 1409 835 1488 γράμμα
862 1405 1033 1484 ἐπεγράφη
1059 1401 1115 1463 καί
1140 1403 1213 1484 παρ’
1236 1403 1329 1478 ἡμῶν

48 1527 85 1600 είς
104 1526 249 1602 ἔνδειξιν
270 1527 327 1588 καί
349 1525 543 1608 ἀσφάλειαν.
567 1526 644 1606 μηνὶ
668 1527 813 1610 Ἰουλίῳ,
837 1525 1045 1599 ἰνδικτιῶνος
1067 1525 1104 1588 α’.

135 1652 224 1732 †T·0
249 1653 355 1732 παρόν
381 1653 669 1732 οημειομάρτυρον
695 1653 835 1731 γράμμα
865 1650 1036 1730 ἐπεγράφη
1065 1645 1121 1709 καί
1148 1647 1224 1727 παρ’
1250 1645 1329 1722 ἐμοῦ

46 1777 90 1832 τοῦ
108 1778 267 1835 ταπεινοῦ
289 1774 470 1834 ἐπισκόπου
492 1775 592 1850 νήσου
615 1775 670 1834 Κῶ
693 1773 821 1852 Νήφων.
845 1773 866 1851 †
886 1773 907 1852 †
928 1773 949 1852 †

134 1899 156 1976 †
178 1888 215 1954 ‘0
237 1899 292 1957 τοῦ
314 1897 412 1956 τόπου
434 1895 565 1976 κεφαλὴ
587 1899 642 1956 τοῦ
665 1895 760 1974 άγίου
781 1895 874 1972 ἡμῶν
898 1894 1053 1956 αῦόέντου
1075 1890 1130 1954 καὶ
1161 1891 1330 1966 βασιλέως

47 2015 189 2091 Ἀλέξιος
211 2019 227 2076 ό
248 2016 544 2098 Βαραγγόπουλος.
568 2021 590 2100 †

134 2147 280 2218 Δσσόείμρ.
308 2147 393 2202 chart.
422 2147 498 2202 Hor.
527 2164 577 2200 nro
599 2149 648 2202 80.
677 2145 785 2201 Tabula
814 2145 920 2214 scripta
949 2151 987 2200 ατί
1017 2145 1166 2214 imperante
1193 2142 1330 2198 Theodoro

46 2251 154 2307 όοοοατί
175 2253 200 2306 Ι.
225 2259 275 2306 auc
298 2251 351 2320 11„
375 2269 446 2306 αππο
470 2253 556 2305 1213
578 2257 627 2306 σοί
651 2251 744 2318 1258,
768 2251 817 2322 φατ’
837 2249 934 2304 habent
955 2249 1012 2304 ind.
1037 2249 1061 2303 1.

229 2571 385 2638 LXVIII.
409 2569 635 2657 6745-1236,
657 2593 768 2638 mense
791 2569 975 2658 septembn',
999 2568 1063 2636 ind.
1087 2569 1130 2634 X.

48 2720 149 2775 ίοαπνιαε
177 2721 278 2775 Poma
312 2727 336 2774 σό
367 2721 482 2774 loannes
513 2719 624 2776 θαόταο
662 2721 823 2774 monasterio
858 2717 887 2774 S.
919 2718 1031 2773 Mariae
1062 2718 1181 2774 Νίυοεοο
1214 2719 1332 2772 vandum

553 2843 634 2898 αμπου
655 2825 685 2878 in
704 2824 806 2880 Δοίεσο.

137 3011 342 3088 γἸωάννης
379 3009 488 3090 ίερεὶνς
526 3011 542 3068 ό
576 3008 723 3085 Πολίτης
759 3007 814 3068 καὶ
847 3007 1011 3088 κληρικός
1046 3014 1105 3084 τῆς
1142 3003 1330 3086 ἁγιωτάτης

47 3129 218 3208 ἐπισκοπῆς
241 3133 350 3214 Ἱεροῦ
372 3129 482 3214 οἰκείᾳ
502 3130 593 3214 χειρὶ
614 3127 791 3212 προέταξα.
814 3132 836 3211 †

551 3287 648 3366 Σίγνον
701 3287 828 3346 Ἰωάννου

578 3413 624 3470 τοῦ
712 3411 732 3470 Γ
735 3410 815 3493 αβρά.

138 3603 229 3680 γἘν
257 3603 368 3678 ὀνόματι
394 3607 442 3664 τοῦ
467 3604 568 3684 πατρός
593 3601 641 3662 καί
665 3606 712 3663 τοῦ
738 3602 794 3664 υίοῦ
820 3600 867 3662 καί
892 3607 939 3662 τοῦ
966 3598 1044 3682 άγίου
1065 3603 1227 3678 πνεύματος.
1251 3603 1331 3680 κίγὼ

48 3719 168 3799 Ἰωάννης
190 3724 278 3804 ἱερεῦς
300 3727 316 3784 ό
339 3725 461 3800 Πολίτης
488 3725 546 3800 ἅμα
568 3723 607 3802 τῷ
631 3722 774 3804 ἐξαδέλφῳ
798 3744 849 3800 μου
872 3725 987 3806 Ἰωάννῃ
1015 3722 1201 3804 οίκειοχείρως
1229 3725 1332 3785 άνωόεν

46 3844 173 3922 προτάξας
193 3847 243 3922 τὴν
265 3851 402 3924 παροῦσαν
426 3847 563 3926 ἔγγραφον
585 3846 633 3906 καὶ
660 3847 843 3927 ἐνυπόγραφον
874 3845 922 3906 καὶ
950 3847 1074 3928 καθαράν
1103 3848 1133 3907 τό
1164 3847 1256 3908 διόλου
1287 3846 1332 3906 διό

47 3971 132 4044 πρᾶσιν
151 3969 253 4047 π’όημι,
276 3965 323 4028 καί
345 3971 474 4042 ποιοῦμεν
497 3967 543 4028 καὶ
565 3969 719 4048 πράττομεν
742 3968 882 4050 ἑκουσίως,
906 3969 1016 4049 ἀφόβως
1037 3966 1084 4030 καί
1107 3969 1242 4044 άβιάοτως
1264 3969 1332 4047 πρός

47 4089 88 4160 τ’φν
108 4091 190 4166 μονὴν
212 4095 262 4166 τῆς
290 4087 440 4170 ῦπεραγίας
462 4091 589 4150 θεοτόκου
616 4097 665 4166 τῆς
688 4091 867 4167 Χιονιομένης
893 4089 941 4152 καὶ
962 4094 1030 4172 πρός
1051 4111 1083 4150 οε
1105 4091 1151 4150 τόν
1172 4091 1331 4165 τιμιώτατον

48 4209 215 4292 ἓεφομόναγον
238 4210 286 4274 καί
308 4211 514 4291 καθηγοόμενον
536 4215 609 4291 κῦριν
632 4209 755 4290 Γαβριὴλ
784 4210 832 4270 καί
859 4214 927 4292 πρός
956 4213 1017 4284 τοῦς
1047 4213 1098 4272 ῦπό
1120 4233 1151 4272 σε
1181 4210 1331 4291 ἀδελφούς,

48 4333 129 4405 καθέυς
151 4334 352 4410 δηλωθήσεται.
376 4331 436 4394 ἐπεὶ
458 4335 585 4412 χωράφια
608 4333 710 4410 ἔχομεν
733 4332 766 4392 ἐκ
784 4339 897 4412 γονικῆς
916 4334 996 4408 ἡμῶν
1015 4333 1199 4414 κληροδοσίας
1222 4331 1261 4404 είς
1282 4333 1332 4408 τἠν

48 4456 193 4516 τοποθεσίαν
220 4461 266 4516 τοῦ
290 4457 422 4535 Ἀσιοοοῦ,
450 4455 505 4516 ἔστι
533 4454 564 4514 δὲ
590 4455 755 4516 τὰτοιαῦτα
782 4454 885 4530 μοδίων
908 4449 960 4536 ις’,
982 4453 1029 4516 καὶ
1050 4457 1095 4516 τόν
1119 4455 1170 4532 μὲν
1192 4457 1331 4536 τεσσάρων

51 4571 239 4656 ίποχαρίζομεν
265 4579 314 4654 πἠν
342 4579 491 4658 ῦτεραγίαν
514 4579 651 4651 όεοτόκον,
679 4579 725 4637 τὀν
748 4577 779 4638 δὲ
807 4577 916 4638 δώδεκα
943 4575 1044 4652 μοόίων
1066 4578 1195 4656 τέτρακα
1216 4575 1250 4635 τὰ
1271 4597 1331 4636 τον-

51 4700 109 4756 σῦτα
128 4701 194 4778 πρός
214 4701 263 4775 τὴν
292 4699 377 4774 μονὴν
401 4697 441 4772 είς
462 4698 599 4778 ῦπέρπυρα
626 4697 683 4778 όῦο,
710 4697 757 4759 καὶ
779 4699 885 4778 όφειλει
906 4700 1034 4777 κατέχειν
1061 4699 1128 4758 αῦτόι
1154 4697 1195 4772 είς
1220 4698 1331 4760 τελείαν
