<?xml version="1.0" encoding="UTF-8"?>
<!DOCTYPE html PUBLIC "-//W3C//DTD XHTML 1.0 Transitional//EN"
    "http://www.w3.org/TR/xhtml1/DTD/xhtml1-transitional.dtd">
<html xmlns="http://www.w3.org/1999/xhtml" xml:lang="en" lang="en">
 <head>
  <title>
</title>
<meta http-equiv="Content-Type" content="text/html;charset=utf-8" />
  <meta name='ocr-system' content='tesseract 3.04.00' />
  <meta name='ocr-capabilities' content='ocr_page ocr_carea ocr_par ocr_line ocrx_word'/>
</head>
<body>
  <div class='ocr_page' id='page_1' title='image "./actaetdiplomata02miklgoog_0290.png"; bbox 0 0 3162 5278; ppageno 0'>
   <div class='ocr_carea' id='block_1_1' title="bbox 1282 313 1346 376">
    <p class='ocr_par' dir='ltr' id='par_1_1' title="bbox 1282 313 1346 376">
     <span class='ocr_line' id='line_1_1' title="bbox 1282 313 1346 376; baseline 0 0"><span class='ocrx_word' id='word_1_1' title='bbox 1282 313 1346 376; x_wconf 78' lang='lat'>275</span> 
     </span>
    </p>
   </div>
   <div class='ocr_carea' id='block_1_2' title="bbox 11 501 1351 3507">
    <p class='ocr_par' dir='ltr' id='par_1_2' title="bbox 11 501 1351 3507">
     <span class='ocr_line' id='line_1_2' title="bbox 11 501 1345 588; baseline 0.004 -28"><span class='ocrx_word' id='word_1_2' title='bbox 11 569 12 578; x_wconf 20' lang='grc' dir='ltr'>γ</span> <span class='ocrx_word' id='word_1_3' title='bbox 65 503 133 582; x_wconf 85' lang='grc' dir='ltr'>δύσει,</span> <span class='ocrx_word' id='word_1_4' title='bbox 159 501 221 583; x_wconf 83' lang='grc' dir='ltr'>πρὶν</span> <span class='ocrx_word' id='word_1_5' title='bbox 243 505 261 579; x_wconf 78' lang='grc' dir='ltr'>ἡ</span> <span class='ocrx_word' id='word_1_6' title='bbox 284 505 351 581; x_wconf 98' lang='grc' dir='ltr'>θύρα</span> <span class='ocrx_word' id='word_1_7' title='bbox 372 505 499 586; x_wconf 81' lang='grc' dir='ltr'>κλειοθῇ,</span> <span class='ocrx_word' id='word_1_8' title='bbox 527 503 587 584; x_wconf 87' lang='grc' dir='ltr'>πρὶν</span> <span class='ocrx_word' id='word_1_9' title='bbox 611 508 628 580; x_wconf 78' lang='grc' dir='ltr'>ἡ</span> <span class='ocrx_word' id='word_1_10' title='bbox 651 508 800 584; x_wconf 79' lang='grc' dir='ltr'>πανήγυρις</span> <span class='ocrx_word' id='word_1_11' title='bbox 826 505 897 588; x_wconf 69' lang='grc' dir='ltr'>λυθῇ</span> <span class='ocrx_word' id='word_1_12' title='bbox 919 504 967 564; x_wconf 86' lang='grc' dir='ltr'>καί</span> <span class='ocrx_word' id='word_1_13' title='bbox 989 507 1006 580; x_wconf 81' lang='grc' dir='ltr'>ό,</span> <span class='ocrx_word' id='word_1_14' title='bbox 1030 505 1076 578; x_wconf 83' lang='grc' dir='ltr'>νύξ</span> <span class='ocrx_word' id='word_1_15' title='bbox 1099 507 1257 588; x_wconf 80' lang='grc' dir='ltr'>καταλάβῃ,</span> <span class='ocrx_word' id='word_1_16' title='bbox 1284 509 1345 566; x_wconf 76' lang='grc' dir='ltr'>τότε</span> 
     </span>
     <span class='ocr_line' id='line_1_3' title="bbox 64 621 1345 710; baseline 0.003 -27"><span class='ocrx_word' id='word_1_17' title='bbox 64 623 137 695; x_wconf 82' lang='grc' dir='ltr'>οιίδείς</span> <span class='ocrx_word' id='word_1_18' title='bbox 158 626 390 704; x_wconf 71' lang='grc' dir='ltr'>πραγματεύεται,</span> <span class='ocrx_word' id='word_1_19' title='bbox 414 627 482 686; x_wconf 84' lang='grc' dir='ltr'>ἐπὰν</span> <span class='ocrx_word' id='word_1_20' title='bbox 503 628 534 686; x_wconf 82' lang='grc' dir='ltr'>τό</span> <span class='ocrx_word' id='word_1_21' title='bbox 557 628 670 707; x_wconf 81' lang='grc' dir='ltr'>θέατρον</span> <span class='ocrx_word' id='word_1_22' title='bbox 693 627 772 710; x_wconf 76' lang='grc' dir='ltr'>λυθῇ.</span> <span class='ocrx_word' id='word_1_23' title='bbox 799 627 899 709; x_wconf 91' lang='grc' dir='ltr'>δρόμου</span> <span class='ocrx_word' id='word_1_24' title='bbox 921 621 1013 708; x_wconf 79' lang='grc' dir='ltr'>χρεία,</span> <span class='ocrx_word' id='word_1_25' title='bbox 1037 626 1165 706; x_wconf 86' lang='grc' dir='ltr'>ἀδελφοί·</span> <span class='ocrx_word' id='word_1_26' title='bbox 1187 627 1345 707; x_wconf 79' lang='grc' dir='ltr'>δράμωμεν,</span> 
     </span>
     <span class='ocr_line' id='line_1_4' title="bbox 62 743 1346 828; baseline 0.003 -25"><span class='ocrx_word' id='word_1_27' title='bbox 62 745 97 804; x_wconf 79' lang='grc' dir='ltr'>ἵνα</span> <span class='ocrx_word' id='word_1_28' title='bbox 121 751 157 821; x_wconf 80' lang='grc' dir='ltr'>μὴ</span> <span class='ocrx_word' id='word_1_29' title='bbox 189 744 236 806; x_wconf 89' lang='grc' dir='ltr'>καῖ</span> <span class='ocrx_word' id='word_1_30' title='bbox 257 748 341 821; x_wconf 82' lang='grc' dir='ltr'>ἡμεῖς</span> <span class='ocrx_word' id='word_1_31' title='bbox 370 795 603 812; x_wconf 89' lang='grc'><strong>........</strong></span> <span class='ocrx_word' id='word_1_32' title='bbox 633 751 682 809; x_wconf 85' lang='grc' dir='ltr'>οῦκ</span> <span class='ocrx_word' id='word_1_33' title='bbox 708 743 771 810; x_wconf 87' lang='grc' dir='ltr'>οῖδα</span> <span class='ocrx_word' id='word_1_34' title='bbox 797 749 868 825; x_wconf 82' lang='grc' dir='ltr'>ὑμᾶς</span> <span class='ocrx_word' id='word_1_35' title='bbox 893 749 976 810; x_wconf 85' lang='grc' dir='ltr'>πόθεν</span> <span class='ocrx_word' id='word_1_36' title='bbox 1000 749 1071 828; x_wconf 85' lang='grc' dir='ltr'>ἐστέ,</span> <span class='ocrx_word' id='word_1_37' title='bbox 1099 749 1193 822; x_wconf 78' lang='grc' dir='ltr'>καθὼς</span> <span class='ocrx_word' id='word_1_38' title='bbox 1216 749 1244 809; x_wconf 92' lang='grc' dir='ltr'>αῖ</span> <span class='ocrx_word' id='word_1_39' title='bbox 1265 749 1346 808; x_wconf 84' lang='grc' dir='ltr'>πέντε</span> 
     </span>
     <span class='ocr_line' id='line_1_5' title="bbox 62 866 1346 948; baseline 0.003 -21"><span class='ocrx_word' id='word_1_40' title='bbox 62 866 138 946; x_wconf 81' lang='grc' dir='ltr'>μωραὶ</span> <span class='ocrx_word' id='word_1_41' title='bbox 167 869 295 948; x_wconf 78' lang='grc' dir='ltr'>παρθένοι</span> <span class='ocrx_word' id='word_1_42' title='bbox 325 915 493 932; x_wconf 94' lang='grc'>......</span> <span class='ocrx_word' id='word_1_43' title='bbox 522 872 567 930; x_wconf 85' lang='grc' dir='ltr'>τόν</span> <span class='ocrx_word' id='word_1_44' title='bbox 596 871 728 948; x_wconf 79' lang='grc' dir='ltr'>δεσπότην</span> <span class='ocrx_word' id='word_1_45' title='bbox 755 871 922 948; x_wconf 84' lang='grc' dir='ltr'>ἀτιμάζομεν</span> <span class='ocrx_word' id='word_1_46' title='bbox 949 871 1011 931; x_wconf 80' lang='grc' dir='ltr'>καθ’</span> <span class='ocrx_word' id='word_1_47' title='bbox 1035 871 1152 946; x_wconf 85' lang='grc' dir='ltr'>ἑκάστην</span> <span class='ocrx_word' id='word_1_48' title='bbox 1180 870 1214 930; x_wconf 68' lang='grc' dir='ltr'>δι’</span> <span class='ocrx_word' id='word_1_49' title='bbox 1239 871 1346 931; x_wconf 79' lang='grc' dir='ltr'>ἀτόπων</span> 
     </span>
     <span class='ocr_line' id='line_1_6' title="bbox 60 988 1347 1074; baseline 0.003 -26"><span class='ocrx_word' id='word_1_50' title='bbox 60 988 99 1048; x_wconf 81' lang='grc' dir='ltr'>καὶ</span> <span class='ocrx_word' id='word_1_51' title='bbox 119 998 256 1072; x_wconf 88' lang='grc' dir='ltr'>σαρκικῶν</span> <span class='ocrx_word' id='word_1_52' title='bbox 278 989 413 1071; x_wconf 81' lang='grc' dir='ltr'>πράξεων.</span> <span class='ocrx_word' id='word_1_53' title='bbox 438 989 627 1070; x_wconf 82' lang='grc' dir='ltr'>αἰσχυνθῶμεν</span> <span class='ocrx_word' id='word_1_54' title='bbox 649 993 760 1052; x_wconf 86' lang='grc' dir='ltr'>λοιπόν·</span> <span class='ocrx_word' id='word_1_55' title='bbox 783 993 798 1052; x_wconf 85' lang='grc' dir='ltr'>δ</span> <span class='ocrx_word' id='word_1_56' title='bbox 817 991 872 1074; x_wconf 83' lang='grc' dir='ltr'>γὰρ</span> <span class='ocrx_word' id='word_1_57' title='bbox 894 995 988 1073; x_wconf 84' lang='grc' dir='ltr'>καιρός</span> <span class='ocrx_word' id='word_1_58' title='bbox 1009 993 1125 1070; x_wconf 78' lang='grc' dir='ltr'>ἤγγικεν</span> <span class='ocrx_word' id='word_1_59' title='bbox 1147 991 1194 1052; x_wconf 85' lang='grc' dir='ltr'>καὶ</span> <span class='ocrx_word' id='word_1_60' title='bbox 1216 994 1233 1068; x_wconf 84' lang='grc' dir='ltr'><strong>ἡ</strong></span> <span class='ocrx_word' id='word_1_61' title='bbox 1256 993 1347 1074; x_wconf 76' lang='grc' dir='ltr'>ἡμέρα</span> 
     </span>
     <span class='ocr_line' id='line_1_7' title="bbox 61 1113 1348 1194; baseline 0.005 -24"><span class='ocrx_word' id='word_1_62' title='bbox 61 1113 162 1191; x_wconf 81' lang='grc' dir='ltr'>ἔφθασεν</span> <span class='ocrx_word' id='word_1_63' title='bbox 185 1113 233 1174; x_wconf 85' lang='grc' dir='ltr'>καί</span> <span class='ocrx_word' id='word_1_64' title='bbox 256 1114 300 1174; x_wconf 89' lang='grc' dir='ltr'>δεῖ</span> <span class='ocrx_word' id='word_1_65' title='bbox 320 1115 395 1188; x_wconf 80' lang='grc' dir='ltr'>ἡμᾶς</span> <span class='ocrx_word' id='word_1_66' title='bbox 417 1113 503 1192; x_wconf 87' lang='grc' dir='ltr'>λόγον</span> <span class='ocrx_word' id='word_1_67' title='bbox 527 1113 599 1192; x_wconf 82' lang='grc' dir='ltr'>αύτῷ</span> <span class='ocrx_word' id='word_1_68' title='bbox 623 1113 714 1174; x_wconf 88' lang='grc' dir='ltr'>δοῦναι</span> <span class='ocrx_word' id='word_1_69' title='bbox 736 1113 803 1194; x_wconf 82' lang='grc' dir='ltr'>ὑπὲρ</span> <span class='ocrx_word' id='word_1_70' title='bbox 826 1114 893 1174; x_wconf 86' lang='grc' dir='ltr'>όλου</span> <span class='ocrx_word' id='word_1_71' title='bbox 914 1117 960 1174; x_wconf 87' lang='grc' dir='ltr'>τοῦ</span> <span class='ocrx_word' id='word_1_72' title='bbox 983 1113 1041 1190; x_wconf 91' lang='grc' dir='ltr'>βίου</span> <span class='ocrx_word' id='word_1_73' title='bbox 1063 1115 1152 1190; x_wconf 78' lang='grc' dir='ltr'>ἡμῶν.</span> <span class='ocrx_word' id='word_1_74' title='bbox 1180 1117 1348 1192; x_wconf 83' lang='grc' dir='ltr'>παυσώμεθα</span> 
     </span>
     <span class='ocr_line' id='line_1_8' title="bbox 58 1233 1347 1318; baseline 0.002 -26"><span class='ocrx_word' id='word_1_75' title='bbox 58 1233 144 1296; x_wconf 82' lang='grc' dir='ltr'>λοιπόν</span> <span class='ocrx_word' id='word_1_76' title='bbox 178 1242 229 1312; x_wconf 74' lang='grc' dir='ltr'>τῆς</span> <span class='ocrx_word' id='word_1_77' title='bbox 259 1237 378 1317; x_wconf 82' lang='grc' dir='ltr'>ἀμέτρου</span> <span class='ocrx_word' id='word_1_78' title='bbox 410 1241 525 1317; x_wconf 80' lang='grc' dir='ltr'>τρυφῆς,</span> <span class='ocrx_word' id='word_1_79' title='bbox 558 1239 604 1296; x_wconf 89' lang='grc' dir='ltr'>τοῦ</span> <span class='ocrx_word' id='word_1_80' title='bbox 635 1235 747 1318; x_wconf 74' lang='grc' dir='ltr'>αἰσχροῦ</span> <span class='ocrx_word' id='word_1_81' title='bbox 778 1237 917 1316; x_wconf 87' lang='grc' dir='ltr'>γέλωτος,</span> <span class='ocrx_word' id='word_1_82' title='bbox 951 1235 996 1296; x_wconf 86' lang='grc' dir='ltr'>ἵνα</span> <span class='ocrx_word' id='word_1_83' title='bbox 1025 1237 1064 1312; x_wconf 83' lang='grc' dir='ltr'>μὴ</span> <span class='ocrx_word' id='word_1_84' title='bbox 1096 1237 1155 1296; x_wconf 87' lang='grc' dir='ltr'>ἐκεῖ</span> <span class='ocrx_word' id='word_1_85' title='bbox 1182 1236 1347 1313; x_wconf 76' lang='grc' dir='ltr'>κλαύσωμεν</span> 
     </span>
     <span class='ocr_line' id='line_1_9' title="bbox 57 1353 1346 1440; baseline 0.002 -25"><span class='ocrx_word' id='word_1_86' title='bbox 57 1363 165 1438; x_wconf 76' lang='grc' dir='ltr'>πικρῶς,</span> <span class='ocrx_word' id='word_1_87' title='bbox 189 1356 237 1418; x_wconf 83' lang='grc' dir='ltr'>καὶ</span> <span class='ocrx_word' id='word_1_88' title='bbox 259 1358 458 1438; x_wconf 81' lang='grc' dir='ltr'>ἀγωνισώμεθα</span> <span class='ocrx_word' id='word_1_89' title='bbox 483 1359 536 1438; x_wconf 83' lang='grc' dir='ltr'>πρό</span> <span class='ocrx_word' id='word_1_90' title='bbox 562 1365 611 1434; x_wconf 80' lang='grc' dir='ltr'>τῆς</span> <span class='ocrx_word' id='word_1_91' title='bbox 637 1361 711 1440; x_wconf 88' lang='grc' dir='ltr'>ῶρας</span> <span class='ocrx_word' id='word_1_92' title='bbox 738 1359 845 1434; x_wconf 80' lang='grc' dir='ltr'>ἐκείνης</span> <span class='ocrx_word' id='word_1_93' title='bbox 873 1353 942 1418; x_wconf 85' lang='grc' dir='ltr'>εῖναι</span> <span class='ocrx_word' id='word_1_94' title='bbox 966 1359 1117 1437; x_wconf 85' lang='grc' dir='ltr'>εθπρεπεῖς,</span> <span class='ocrx_word' id='word_1_95' title='bbox 1141 1361 1194 1420; x_wconf 86' lang='grc' dir='ltr'>κοίν</span> <span class='ocrx_word' id='word_1_96' title='bbox 1216 1358 1346 1419; x_wconf 84' lang='grc' dir='ltr'>ἑουνειθί-</span> 
     </span>
     <span class='ocr_line' id='line_1_10' title="bbox 57 1476 1347 1560; baseline 0.002 -22"><span class='ocrx_word' id='word_1_97' title='bbox 57 1501 135 1553; x_wconf 84' lang='grc' dir='ltr'>ταμεν</span> <span class='ocrx_word' id='word_1_98' title='bbox 159 1479 188 1540; x_wconf 84' lang='grc' dir='ltr'>ἐν</span> <span class='ocrx_word' id='word_1_99' title='bbox 212 1478 366 1560; x_wconf 76' lang='grc' dir='ltr'>ἁμαρτίαις,</span> <span class='ocrx_word' id='word_1_100' title='bbox 394 1479 473 1540; x_wconf 87' lang='grc' dir='ltr'>ἀλλά</span> <span class='ocrx_word' id='word_1_101' title='bbox 496 1479 678 1558; x_wconf 82' lang='grc' dir='ltr'>ἀνακόψωμεν</span> <span class='ocrx_word' id='word_1_102' title='bbox 701 1483 759 1550; x_wconf 87' lang='grc' dir='ltr'>ταῖς</span> <span class='ocrx_word' id='word_1_103' title='bbox 783 1479 948 1556; x_wconf 87' lang='grc' dir='ltr'>μετανοίαις.</span> <span class='ocrx_word' id='word_1_104' title='bbox 977 1480 1015 1556; x_wconf 81' lang='grc' dir='ltr'>μὴ</span> <span class='ocrx_word' id='word_1_105' title='bbox 1038 1480 1234 1560; x_wconf 89' lang='grc' dir='ltr'>πλανηθῶμεν,</span> <span class='ocrx_word' id='word_1_106' title='bbox 1258 1476 1347 1540; x_wconf 84' lang='grc' dir='ltr'>ἀδελ-</span> 
     </span>
     <span class='ocr_line' id='line_1_11' title="bbox 56 1597 1347 1681; baseline 0.002 -22"><span class='ocrx_word' id='word_1_107' title='bbox 56 1601 101 1678; x_wconf 75' lang='grc' dir='ltr'>φοί,</span> <span class='ocrx_word' id='word_1_108' title='bbox 124 1602 172 1662; x_wconf 86' lang='grc' dir='ltr'>καί</span> <span class='ocrx_word' id='word_1_109' title='bbox 194 1601 280 1681; x_wconf 87' lang='grc' dir='ltr'>κρίσις</span> <span class='ocrx_word' id='word_1_110' title='bbox 303 1599 359 1662; x_wconf 81' lang='grc' dir='ltr'>ἐστὶ</span> <span class='ocrx_word' id='word_1_111' title='bbox 382 1599 429 1663; x_wconf 90' lang='grc' dir='ltr'>καὶ</span> <span class='ocrx_word' id='word_1_112' title='bbox 452 1601 566 1674; x_wconf 89' lang='grc' dir='ltr'>κόλασις</span> <span class='ocrx_word' id='word_1_113' title='bbox 589 1599 695 1681; x_wconf 88' lang='grc' dir='ltr'>αἰωνία,</span> <span class='ocrx_word' id='word_1_114' title='bbox 724 1601 855 1677; x_wconf 82' lang='grc' dir='ltr'>ἄσβεστον</span> <span class='ocrx_word' id='word_1_115' title='bbox 877 1606 928 1681; x_wconf 86' lang='grc' dir='ltr'>πῦρ</span> <span class='ocrx_word' id='word_1_116' title='bbox 950 1600 998 1662; x_wconf 82' lang='grc' dir='ltr'>καί</span> <span class='ocrx_word' id='word_1_117' title='bbox 1020 1597 1134 1677; x_wconf 79' lang='grc' dir='ltr'>σκώληξ</span> <span class='ocrx_word' id='word_1_118' title='bbox 1157 1601 1347 1678; x_wconf 82' lang='grc' dir='ltr'>ἀτελεύτητος,</span> 
     </span>
     <span class='ocr_line' id='line_1_12' title="bbox 57 1719 1348 1805; baseline 0.001 -24"><span class='ocrx_word' id='word_1_119' title='bbox 57 1727 145 1796; x_wconf 81' lang='grc' dir='ltr'>σκότος</span> <span class='ocrx_word' id='word_1_120' title='bbox 176 1719 312 1802; x_wconf 78' lang='grc' dir='ltr'>ἐξώτερον</span> <span class='ocrx_word' id='word_1_121' title='bbox 343 1721 390 1782; x_wconf 83' lang='grc' dir='ltr'>καί</span> <span class='ocrx_word' id='word_1_122' title='bbox 423 1725 554 1802; x_wconf 83' lang='grc' dir='ltr'>τάρταρος</span> <span class='ocrx_word' id='word_1_123' title='bbox 586 1721 633 1782; x_wconf 88' lang='grc' dir='ltr'>καί</span> <span class='ocrx_word' id='word_1_124' title='bbox 663 1722 784 1802; x_wconf 85' lang='grc' dir='ltr'>βρυγμδς</span> <span class='ocrx_word' id='word_1_125' title='bbox 816 1721 865 1783; x_wconf 84' lang='grc' dir='ltr'>καὶ</span> <span class='ocrx_word' id='word_1_126' title='bbox 896 1723 1053 1805; x_wconf 78' lang='grc' dir='ltr'>κλαυθμός,</span> <span class='ocrx_word' id='word_1_127' title='bbox 1088 1725 1127 1795; x_wconf 88' lang='grc' dir='ltr'>ῶς</span> <span class='ocrx_word' id='word_1_128' title='bbox 1154 1725 1169 1782; x_wconf 92' lang='grc' dir='ltr'>ό</span> <span class='ocrx_word' id='word_1_129' title='bbox 1200 1724 1292 1803; x_wconf 88' lang='grc' dir='ltr'>κύριος</span> <span class='ocrx_word' id='word_1_130' title='bbox 1320 1723 1348 1782; x_wconf 86' lang='grc' dir='ltr'>ἐν</span> 
     </span>
     <span class='ocr_line' id='line_1_13' title="bbox 56 1843 1348 1926; baseline 0.002 -23"><span class='ocrx_word' id='word_1_131' title='bbox 56 1844 225 1923; x_wconf 73' lang='grc' dir='ltr'>εύαγγελίοις</span> <span class='ocrx_word' id='word_1_132' title='bbox 252 1845 327 1905; x_wconf 79' lang='grc' dir='ltr'>ὅλων</span> <span class='ocrx_word' id='word_1_133' title='bbox 349 1845 449 1904; x_wconf 88' lang='grc' dir='ltr'>τούτων</span> <span class='ocrx_word' id='word_1_134' title='bbox 473 1845 674 1922; x_wconf 78' lang='grc' dir='ltr'>ἐμνημόνευσεν</span> <span class='ocrx_word' id='word_1_135' title='bbox 701 1843 748 1905; x_wconf 89' lang='grc' dir='ltr'>καὶ</span> <span class='ocrx_word' id='word_1_136' title='bbox 771 1847 801 1905; x_wconf 88' lang='grc' dir='ltr'>ού</span> <span class='ocrx_word' id='word_1_137' title='bbox 823 1845 965 1923; x_wconf 79' lang='grc' dir='ltr'>ψεύδεται·</span> <span class='ocrx_word' id='word_1_138' title='bbox 992 1848 1031 1906; x_wconf 76' lang='grc' dir='ltr'>«ό</span> <span class='ocrx_word' id='word_1_139' title='bbox 1054 1846 1166 1926; x_wconf 86' lang='grc' dir='ltr'>ούρανδς</span> <span class='ocrx_word' id='word_1_140' title='bbox 1188 1848 1251 1926; x_wconf 92' lang='grc' dir='ltr'>γάρ,</span> <span class='ocrx_word' id='word_1_141' title='bbox 1275 1867 1348 1925; x_wconf 85' lang='grc' dir='ltr'>φησι,</span> 
     </span>
     <span class='ocr_line' id='line_1_14' title="bbox 54 1965 1348 2046; baseline 0 -22"><span class='ocrx_word' id='word_1_142' title='bbox 54 1966 95 2024; x_wconf 82' lang='grc' dir='ltr'>καὶ</span> <span class='ocrx_word' id='word_1_143' title='bbox 121 1968 139 2041; x_wconf 80' lang='grc' dir='ltr'><strong>ἡ</strong></span> <span class='ocrx_word' id='word_1_144' title='bbox 167 1973 205 2045; x_wconf 82' lang='grc' dir='ltr'>γῆ</span> <span class='ocrx_word' id='word_1_145' title='bbox 234 1965 442 2046; x_wconf 85' lang='grc' dir='ltr'>παρελεύσεται,</span> <span class='ocrx_word' id='word_1_146' title='bbox 473 1965 498 2026; x_wconf 85' lang='grc' dir='ltr'>οἱ</span> <span class='ocrx_word' id='word_1_147' title='bbox 525 1965 556 2025; x_wconf 86' lang='grc' dir='ltr'>δὲ</span> <span class='ocrx_word' id='word_1_148' title='bbox 582 1966 663 2046; x_wconf 86' lang='grc' dir='ltr'>λόγοι</span> <span class='ocrx_word' id='word_1_149' title='bbox 690 1987 742 2042; x_wconf 93' lang='grc' dir='ltr'>μου</span> <span class='ocrx_word' id='word_1_150' title='bbox 773 1967 803 2026; x_wconf 86' lang='grc' dir='ltr'>ού</span> <span class='ocrx_word' id='word_1_151' title='bbox 831 1967 870 2044; x_wconf 83' lang='grc' dir='ltr'>μὴ</span> <span class='ocrx_word' id='word_1_152' title='bbox 896 1966 1090 2045; x_wconf 73' lang='grc' dir='ltr'>παρέλθωσι».</span> <span class='ocrx_word' id='word_1_153' title='bbox 1119 1967 1161 2026; x_wconf 86' lang='grc' dir='ltr'>διό</span> <span class='ocrx_word' id='word_1_154' title='bbox 1184 1965 1348 2045; x_wconf 90' lang='grc' dir='ltr'>φοβηθῶμεν</span> 
     </span>
     <span class='ocr_line' id='line_1_15' title="bbox 53 2083 1348 2169; baseline 0.002 -25"><span class='ocrx_word' id='word_1_155' title='bbox 53 2085 95 2144; x_wconf 76' lang='grc' dir='ltr'>καὶ</span> <span class='ocrx_word' id='word_1_156' title='bbox 124 2083 264 2166; x_wconf 71' lang='grc' dir='ltr'>φρίξωμεν</span> <span class='ocrx_word' id='word_1_157' title='bbox 293 2090 393 2158; x_wconf 86' lang='grc' dir='ltr'>πάντες</span> <span class='ocrx_word' id='word_1_158' title='bbox 430 2088 455 2148; x_wconf 89' lang='grc' dir='ltr'>οί</span> <span class='ocrx_word' id='word_1_159' title='bbox 485 2088 514 2148; x_wconf 85' lang='grc' dir='ltr'>ἐν</span> <span class='ocrx_word' id='word_1_160' title='bbox 545 2088 689 2169; x_wconf 82' lang='grc' dir='ltr'>ἁμαρτίαις</span> <span class='ocrx_word' id='word_1_161' title='bbox 720 2091 851 2162; x_wconf 76' lang='grc' dir='ltr'>ζήσαντες</span> <span class='ocrx_word' id='word_1_162' title='bbox 884 2086 931 2148; x_wconf 89' lang='grc' dir='ltr'>καί</span> <span class='ocrx_word' id='word_1_163' title='bbox 962 2088 1157 2165; x_wconf 82' lang='grc' dir='ltr'>οπουδάσωμεν</span> <span class='ocrx_word' id='word_1_164' title='bbox 1192 2087 1262 2164; x_wconf 87' lang='grc' dir='ltr'>μετὰ</span> <span class='ocrx_word' id='word_1_165' title='bbox 1295 2093 1348 2148; x_wconf 91' lang='grc' dir='ltr'>τῶν</span> 
     </span>
     <span class='ocr_line' id='line_1_16' title="bbox 54 2205 1348 2290; baseline 0.001 -23"><span class='ocrx_word' id='word_1_166' title='bbox 54 2205 134 2286; x_wconf 72' lang='grc' dir='ltr'>ἁγίων</span> <span class='ocrx_word' id='word_1_167' title='bbox 162 2211 392 2290; x_wconf 79' lang='grc' dir='ltr'>συναριθμηθῆναι</span> <span class='ocrx_word' id='word_1_168' title='bbox 420 2211 465 2270; x_wconf 87' lang='grc' dir='ltr'>διὰ</span> <span class='ocrx_word' id='word_1_169' title='bbox 492 2217 541 2286; x_wconf 73' lang='grc' dir='ltr'>τῆς</span> <span class='ocrx_word' id='word_1_170' title='bbox 568 2211 724 2286; x_wconf 85' lang='grc' dir='ltr'>μετανοίας.</span> <span class='ocrx_word' id='word_1_171' title='bbox 754 2211 852 2286; x_wconf 78' lang='grc' dir='ltr'>ταύτην</span> <span class='ocrx_word' id='word_1_172' title='bbox 879 2211 928 2285; x_wconf 82' lang='grc' dir='ltr'>ιὴν</span> <span class='ocrx_word' id='word_1_173' title='bbox 954 2209 1110 2289; x_wconf 88' lang='grc' dir='ltr'>παραίνεσιν</span> <span class='ocrx_word' id='word_1_174' title='bbox 1137 2208 1183 2269; x_wconf 86' lang='grc' dir='ltr'>καί</span> <span class='ocrx_word' id='word_1_175' title='bbox 1211 2209 1348 2270; x_wconf 89' lang='grc' dir='ltr'>νουθεσίαν</span> 
     </span>
     <span class='ocr_line' id='line_1_17' title="bbox 55 2330 1350 2412; baseline 0.002 -22"><span class='ocrx_word' id='word_1_176' title='bbox 55 2331 158 2410; x_wconf 77' lang='grc' dir='ltr'>ἔγραψα</span> <span class='ocrx_word' id='word_1_177' title='bbox 183 2333 253 2410; x_wconf 85' lang='grc' dir='ltr'>πρός</span> <span class='ocrx_word' id='word_1_178' title='bbox 279 2332 363 2411; x_wconf 82' lang='grc' dir='ltr'>ὑμαῖς,</span> <span class='ocrx_word' id='word_1_179' title='bbox 392 2330 511 2412; x_wconf 87' lang='grc' dir='ltr'>ῶρίλοι</span> <span class='ocrx_word' id='word_1_180' title='bbox 533 2353 585 2407; x_wconf 92' lang='grc' dir='ltr'>μου</span> <span class='ocrx_word' id='word_1_181' title='bbox 615 2331 662 2393; x_wconf 86' lang='grc' dir='ltr'>καὶ</span> <span class='ocrx_word' id='word_1_182' title='bbox 688 2330 802 2412; x_wconf 85' lang='grc' dir='ltr'>ἀδελφοὶ</span> <span class='ocrx_word' id='word_1_183' title='bbox 829 2331 876 2393; x_wconf 86' lang='grc' dir='ltr'>καὶ</span> <span class='ocrx_word' id='word_1_184' title='bbox 898 2334 982 2392; x_wconf 86' lang='grc' dir='ltr'>τέκνα</span> <span class='ocrx_word' id='word_1_185' title='bbox 1004 2332 1172 2412; x_wconf 78' lang='grc' dir='ltr'>ηγαπημὲνα</span> <span class='ocrx_word' id='word_1_186' title='bbox 1198 2337 1248 2409; x_wconf 72' lang='grc' dir='ltr'>τῆς</span> <span class='ocrx_word' id='word_1_187' title='bbox 1270 2334 1350 2409; x_wconf 83' lang='grc' dir='ltr'>ἡμῶν</span> 
     </span>
     <span class='ocr_line' id='line_1_18' title="bbox 52 2451 1350 2536; baseline 0.002 -24"><span class='ocrx_word' id='word_1_188' title='bbox 52 2457 239 2535; x_wconf 86' lang='grc' dir='ltr'>μετριότητος,</span> <span class='ocrx_word' id='word_1_189' title='bbox 271 2455 323 2532; x_wconf 82' lang='grc' dir='ltr'>οῦχ</span> <span class='ocrx_word' id='word_1_190' title='bbox 352 2457 391 2526; x_wconf 88' lang='grc' dir='ltr'>ῶς</span> <span class='ocrx_word' id='word_1_191' title='bbox 424 2453 574 2535; x_wconf 88' lang='grc' dir='ltr'>ἱμείρομεν,</span> <span class='ocrx_word' id='word_1_192' title='bbox 610 2455 740 2527; x_wconf 83' lang='grc' dir='ltr'>ἀλλ’ὡς</span> <span class='ocrx_word' id='word_1_193' title='bbox 771 2455 864 2536; x_wconf 81' lang='grc' dir='ltr'>ἔφερεν</span> <span class='ocrx_word' id='word_1_194' title='bbox 894 2456 912 2530; x_wconf 79' lang='grc' dir='ltr'>ἡ</span> <span class='ocrx_word' id='word_1_195' title='bbox 943 2455 1012 2535; x_wconf 88' lang='grc' dir='ltr'>ώρα,</span> <span class='ocrx_word' id='word_1_196' title='bbox 1046 2452 1093 2514; x_wconf 86' lang='grc' dir='ltr'>καί</span> <span class='ocrx_word' id='word_1_197' title='bbox 1124 2451 1249 2536; x_wconf 80' lang='grc' dir='ltr'>δέξασθε,</span> <span class='ocrx_word' id='word_1_198' title='bbox 1282 2455 1350 2534; x_wconf 80' lang='grc' dir='ltr'>άπερ</span> 
     </span>
     <span class='ocr_line' id='line_1_19' title="bbox 51 2574 1350 2657; baseline 0.002 -23"><span class='ocrx_word' id='word_1_199' title='bbox 51 2578 153 2656; x_wconf 84' lang='grc' dir='ltr'>γράφω,</span> <span class='ocrx_word' id='word_1_200' title='bbox 186 2575 216 2634; x_wconf 85' lang='grc' dir='ltr'>ἐν</span> <span class='ocrx_word' id='word_1_201' title='bbox 242 2577 303 2648; x_wconf 88' lang='grc' dir='ltr'>ταῖς</span> <span class='ocrx_word' id='word_1_202' title='bbox 325 2576 452 2657; x_wconf 76' lang='grc' dir='ltr'>καρδίαις</span> <span class='ocrx_word' id='word_1_203' title='bbox 474 2577 550 2652; x_wconf 83' lang='grc' dir='ltr'>ὑμῶν</span> <span class='ocrx_word' id='word_1_204' title='bbox 573 2577 703 2654; x_wconf 83' lang='grc' dir='ltr'>ἀσφαλῶς</span> <span class='ocrx_word' id='word_1_205' title='bbox 725 2574 756 2649; x_wconf 83' lang='grc' dir='ltr'>ἐξ</span> <span class='ocrx_word' id='word_1_206' title='bbox 780 2577 848 2650; x_wconf 84' lang='grc' dir='ltr'>όλης</span> <span class='ocrx_word' id='word_1_207' title='bbox 871 2581 962 2654; x_wconf 82' lang='grc' dir='ltr'>ψυχῆς</span> <span class='ocrx_word' id='word_1_208' title='bbox 988 2580 1080 2636; x_wconf 89' lang='grc' dir='ltr'>τοῦτον</span> <span class='ocrx_word' id='word_1_209' title='bbox 1102 2578 1147 2636; x_wconf 82' lang='grc' dir='ltr'>τόν</span> <span class='ocrx_word' id='word_1_210' title='bbox 1170 2577 1350 2652; x_wconf 83' lang='grc' dir='ltr'>πνευματικόν</span> 
     </span>
     <span class='ocr_line' id='line_1_20' title="bbox 51 2695 1350 2778; baseline 0.003 -24"><span class='ocrx_word' id='word_1_211' title='bbox 51 2695 177 2776; x_wconf 86' lang='grc' dir='ltr'>πλοῦτον,</span> <span class='ocrx_word' id='word_1_212' title='bbox 206 2699 245 2769; x_wconf 89' lang='grc' dir='ltr'>ῶς</span> <span class='ocrx_word' id='word_1_213' title='bbox 272 2699 349 2774; x_wconf 82' lang='grc' dir='ltr'>πηγὴ</span> <span class='ocrx_word' id='word_1_214' title='bbox 377 2697 469 2774; x_wconf 80' lang='grc' dir='ltr'>ἀγαθὴ</span> <span class='ocrx_word' id='word_1_215' title='bbox 496 2697 543 2758; x_wconf 89' lang='grc' dir='ltr'>καί</span> <span class='ocrx_word' id='word_1_216' title='bbox 566 2697 669 2778; x_wconf 83' lang='grc' dir='ltr'>λιπαρά</span> <span class='ocrx_word' id='word_1_217' title='bbox 692 2700 738 2757; x_wconf 85' lang='grc' dir='ltr'>τόν</span> <span class='ocrx_word' id='word_1_218' title='bbox 761 2700 842 2774; x_wconf 84' lang='grc' dir='ltr'>σῖτον,</span> <span class='ocrx_word' id='word_1_219' title='bbox 871 2697 915 2756; x_wconf 90' lang='grc' dir='ltr'>ίνα</span> <span class='ocrx_word' id='word_1_220' title='bbox 937 2700 1162 2778; x_wconf 79' lang='grc' dir='ltr'>καρποφορήσητε</span> <span class='ocrx_word' id='word_1_221' title='bbox 1184 2700 1257 2774; x_wconf 83' lang='grc' dir='ltr'>ζωὴν</span> <span class='ocrx_word' id='word_1_222' title='bbox 1280 2697 1350 2758; x_wconf 86' lang='grc' dir='ltr'>αἰώ-</span> 
     </span>
     <span class='ocr_line' id='line_1_21' title="bbox 51 2815 1351 2901; baseline 0.004 -26"><span class='ocrx_word' id='word_1_223' title='bbox 51 2839 102 2877; x_wconf 85' lang='grc' dir='ltr'>νιον</span> <span class='ocrx_word' id='word_1_224' title='bbox 125 2817 175 2878; x_wconf 82' lang='grc' dir='ltr'>καί</span> <span class='ocrx_word' id='word_1_225' title='bbox 198 2819 342 2896; x_wconf 87' lang='grc' dir='ltr'>ἀθάνατον,</span> <span class='ocrx_word' id='word_1_226' title='bbox 366 2819 480 2879; x_wconf 84' lang='grc' dir='ltr'>ἐνταῦθα</span> <span class='ocrx_word' id='word_1_227' title='bbox 501 2819 552 2893; x_wconf 86' lang='grc' dir='ltr'>μὲν</span> <span class='ocrx_word' id='word_1_228' title='bbox 575 2815 710 2894; x_wconf 81' lang='grc' dir='ltr'>ἀξιωθῆτε</span> <span class='ocrx_word' id='word_1_229' title='bbox 733 2819 887 2900; x_wconf 87' lang='grc' dir='ltr'>μακρόβιοι,</span> <span class='ocrx_word' id='word_1_230' title='bbox 912 2819 1108 2898; x_wconf 84' lang='grc' dir='ltr'>εῦθυνούμενοι,</span> <span class='ocrx_word' id='word_1_231' title='bbox 1131 2821 1351 2901; x_wconf 91' lang='grc' dir='ltr'>περιοσευόμενοι</span> 
     </span>
     <span class='ocr_line' id='line_1_22' title="bbox 52 2939 1351 3020; baseline 0.001 -21"><span class='ocrx_word' id='word_1_232' title='bbox 52 2939 92 2999; x_wconf 86' lang='grc' dir='ltr'>ἐπί</span> <span class='ocrx_word' id='word_1_233' title='bbox 119 2945 204 3000; x_wconf 80' lang='grc' dir='ltr'>πᾶσιν</span> <span class='ocrx_word' id='word_1_234' title='bbox 232 2941 361 3020; x_wconf 88' lang='grc' dir='ltr'>ἀγαθοῖς,</span> <span class='ocrx_word' id='word_1_235' title='bbox 391 2940 437 3000; x_wconf 86' lang='grc' dir='ltr'>καί</span> <span class='ocrx_word' id='word_1_236' title='bbox 466 2941 539 3000; x_wconf 81' lang='grc' dir='ltr'>ἔσται</span> <span class='ocrx_word' id='word_1_237' title='bbox 567 2943 597 3000; x_wconf 88' lang='grc' dir='ltr'>τό</span> <span class='ocrx_word' id='word_1_238' title='bbox 625 2942 706 3012; x_wconf 79' lang='grc' dir='ltr'>ἔλεος</span> <span class='ocrx_word' id='word_1_239' title='bbox 732 2945 779 3001; x_wconf 89' lang='grc' dir='ltr'>τοῦ</span> <span class='ocrx_word' id='word_1_240' title='bbox 805 2942 868 3000; x_wconf 83' lang='grc' dir='ltr'>θεοῦ</span> <span class='ocrx_word' id='word_1_241' title='bbox 896 2941 936 3020; x_wconf 83' lang='grc' dir='ltr'>ἐφ’</span> <span class='ocrx_word' id='word_1_242' title='bbox 960 2941 1030 3016; x_wconf 83' lang='grc' dir='ltr'>ύμοῖς</span> <span class='ocrx_word' id='word_1_243' title='bbox 1056 2939 1103 3000; x_wconf 89' lang='grc' dir='ltr'>καὶ</span> <span class='ocrx_word' id='word_1_244' title='bbox 1129 2939 1173 3000; x_wconf 85' lang='grc' dir='ltr'>ἐπί</span> <span class='ocrx_word' id='word_1_245' title='bbox 1195 2940 1257 3012; x_wconf 85' lang='grc' dir='ltr'>τούς</span> <span class='ocrx_word' id='word_1_246' title='bbox 1280 2939 1351 3014; x_wconf 87' lang='grc' dir='ltr'>υίοὶις</span> 
     </span>
     <span class='ocr_line' id='line_1_23' title="bbox 51 3058 1351 3142; baseline 0.003 -26"><span class='ocrx_word' id='word_1_247' title='bbox 51 3059 123 3134; x_wconf 77' lang='grc' dir='ltr'>ὑμῶν</span> <span class='ocrx_word' id='word_1_248' title='bbox 148 3060 197 3122; x_wconf 88' lang='grc' dir='ltr'>καῖ</span> <span class='ocrx_word' id='word_1_249' title='bbox 225 3062 300 3122; x_wconf 79' lang='grc' dir='ltr'>ἔσται</span> <span class='ocrx_word' id='word_1_250' title='bbox 327 3060 369 3122; x_wconf 87' lang='grc' dir='ltr'>ἐπί</span> <span class='ocrx_word' id='word_1_251' title='bbox 397 3063 460 3134; x_wconf 88' lang='grc' dir='ltr'>τούς</span> <span class='ocrx_word' id='word_1_252' title='bbox 487 3062 578 3136; x_wconf 89' lang='grc' dir='ltr'>οίκους</span> <span class='ocrx_word' id='word_1_253' title='bbox 604 3064 678 3138; x_wconf 80' lang='grc' dir='ltr'>ὑμῶν</span> <span class='ocrx_word' id='word_1_254' title='bbox 701 3065 719 3138; x_wconf 75' lang='grc' dir='ltr'><strong>ἦ</strong></span> <span class='ocrx_word' id='word_1_255' title='bbox 743 3062 856 3140; x_wconf 83' lang='grc' dir='ltr'>εύλογία</span> <span class='ocrx_word' id='word_1_256' title='bbox 880 3059 1020 3142; x_wconf 88' lang='grc' dir='ltr'>Ἀβραάμ,</span> <span class='ocrx_word' id='word_1_257' title='bbox 1048 3058 1146 3120; x_wconf 88' lang='grc' dir='ltr'>’ίσαάκ</span> <span class='ocrx_word' id='word_1_258' title='bbox 1174 3059 1221 3122; x_wconf 89' lang='grc' dir='ltr'>καὶ</span> <span class='ocrx_word' id='word_1_259' title='bbox 1248 3059 1351 3137; x_wconf 78' lang='grc' dir='ltr'>Ἰακώβ</span> 
     </span>
     <span class='ocr_line' id='line_1_24' title="bbox 50 3181 1351 3264; baseline 0.001 -23"><span class='ocrx_word' id='word_1_260' title='bbox 50 3182 94 3242; x_wconf 79' lang='grc' dir='ltr'>καὶ</span> <span class='ocrx_word' id='word_1_261' title='bbox 122 3185 229 3244; x_wconf 81' lang='grc' dir='ltr'>εύθυνεῖ</span> <span class='ocrx_word' id='word_1_262' title='bbox 257 3184 348 3264; x_wconf 89' lang='grc' dir='ltr'>κύριος</span> <span class='ocrx_word' id='word_1_263' title='bbox 376 3184 420 3244; x_wconf 80' lang='grc' dir='ltr'>διὰ</span> <span class='ocrx_word' id='word_1_264' title='bbox 447 3189 496 3260; x_wconf 80' lang='grc' dir='ltr'>τῆς</span> <span class='ocrx_word' id='word_1_265' title='bbox 522 3187 713 3264; x_wconf 73' lang='grc' dir='ltr'>παναχράντου</span> <span class='ocrx_word' id='word_1_266' title='bbox 742 3187 820 3246; x_wconf 85' lang='grc' dir='ltr'>αῦτοῦ</span> <span class='ocrx_word' id='word_1_267' title='bbox 848 3185 950 3264; x_wconf 84' lang='grc' dir='ltr'>μητρός</span> <span class='ocrx_word' id='word_1_268' title='bbox 979 3181 1026 3243; x_wconf 87' lang='grc' dir='ltr'>καὶ</span> <span class='ocrx_word' id='word_1_269' title='bbox 1056 3181 1102 3242; x_wconf 82' lang='grc' dir='ltr'>διὰ</span> <span class='ocrx_word' id='word_1_270' title='bbox 1127 3182 1279 3261; x_wconf 87' lang='grc' dir='ltr'>πρεσβειῶν</span> <span class='ocrx_word' id='word_1_271' title='bbox 1305 3185 1351 3242; x_wconf 91' lang='grc' dir='ltr'>τοῦ</span> 
     </span>
     <span class='ocr_line' id='line_1_25' title="bbox 51 3302 1351 3387; baseline 0 -25"><span class='ocrx_word' id='word_1_272' title='bbox 51 3305 138 3384; x_wconf 77' lang='grc' dir='ltr'>ἁγίου,</span> <span class='ocrx_word' id='word_1_273' title='bbox 164 3302 286 3387; x_wconf 80' lang='grc' dir='ltr'>ἐνδόξου,</span> <span class='ocrx_word' id='word_1_274' title='bbox 314 3310 488 3386; x_wconf 80' lang='grc' dir='ltr'>πανευφήμου</span> <span class='ocrx_word' id='word_1_275' title='bbox 517 3305 670 3367; x_wconf 88' lang='grc' dir='ltr'>ἀποστόλου</span> <span class='ocrx_word' id='word_1_276' title='bbox 696 3304 744 3366; x_wconf 86' lang='grc' dir='ltr'>καὶ</span> <span class='ocrx_word' id='word_1_277' title='bbox 771 3306 967 3386; x_wconf 76' lang='grc' dir='ltr'>εὐαγγελιοτοῦ</span> <span class='ocrx_word' id='word_1_278' title='bbox 991 3306 1116 3366; x_wconf 78' lang='grc' dir='ltr'>Ἰωάννου</span> <span class='ocrx_word' id='word_1_279' title='bbox 1138 3308 1185 3366; x_wconf 84' lang='grc' dir='ltr'>τοῦ</span> <span class='ocrx_word' id='word_1_280' title='bbox 1207 3303 1351 3384; x_wconf 87' lang='grc' dir='ltr'>Θεολόγου</span> 
     </span>
     <span class='ocr_line' id='line_1_26' title="bbox 50 3423 1351 3507; baseline -0.001 -23"><span class='ocrx_word' id='word_1_281' title='bbox 50 3425 95 3484; x_wconf 82' lang='grc' dir='ltr'>καῖ</span> <span class='ocrx_word' id='word_1_282' title='bbox 117 3429 167 3486; x_wconf 87' lang='grc' dir='ltr'>τοῦ</span> <span class='ocrx_word' id='word_1_283' title='bbox 190 3425 263 3486; x_wconf 84' lang='grc' dir='ltr'>ὁσίου</span> <span class='ocrx_word' id='word_1_284' title='bbox 286 3425 488 3507; x_wconf 86' lang='grc' dir='ltr'>Χριστοδούλου</span> <span class='ocrx_word' id='word_1_285' title='bbox 511 3425 558 3487; x_wconf 88' lang='grc' dir='ltr'>καὶ</span> <span class='ocrx_word' id='word_1_286' title='bbox 580 3426 763 3488; x_wconf 88' lang='grc' dir='ltr'>κατευοδώοει</span> <span class='ocrx_word' id='word_1_287' title='bbox 785 3427 835 3500; x_wconf 83' lang='grc' dir='ltr'>τὰς</span> <span class='ocrx_word' id='word_1_288' title='bbox 858 3425 980 3499; x_wconf 85' lang='grc' dir='ltr'>εἰσόδους</span> <span class='ocrx_word' id='word_1_289' title='bbox 1002 3424 1048 3486; x_wconf 87' lang='grc' dir='ltr'>καί</span> <span class='ocrx_word' id='word_1_290' title='bbox 1070 3425 1119 3498; x_wconf 80' lang='grc' dir='ltr'>τὰς</span> <span class='ocrx_word' id='word_1_291' title='bbox 1142 3423 1254 3499; x_wconf 83' lang='grc' dir='ltr'>ἐξόδους</span> <span class='ocrx_word' id='word_1_292' title='bbox 1276 3426 1351 3502; x_wconf 90' lang='grc' dir='ltr'>ύμῶν</span> 
     </span>
    </p>
   </div>
   <div class='ocr_carea' id='block_1_3' title="bbox 50 3547 1352 3629">
    <p class='ocr_par' dir='ltr' id='par_1_3' title="bbox 50 3547 1352 3629">
     <span class='ocr_line' id='line_1_27' title="bbox 50 3547 1352 3629; baseline -0.001 -22"><span class='ocrx_word' id='word_1_293' title='bbox 50 3547 95 3607; x_wconf 83' lang='grc' dir='ltr'>καί</span> <span class='ocrx_word' id='word_1_294' title='bbox 125 3547 177 3620; x_wconf 88' lang='grc' dir='ltr'>τάς</span> <span class='ocrx_word' id='word_1_295' title='bbox 209 3547 254 3608; x_wconf 88' lang='grc' dir='ltr'>διά</span> <span class='ocrx_word' id='word_1_296' title='bbox 288 3547 429 3624; x_wconf 81' lang='grc' dir='ltr'>θαλάσσης</span> <span class='ocrx_word' id='word_1_297' title='bbox 458 3547 627 3629; x_wconf 80' lang='grc' dir='ltr'>ὁδοιπορίας,</span> <span class='ocrx_word' id='word_1_298' title='bbox 663 3549 722 3608; x_wconf 85' lang='grc' dir='ltr'>ἐκεῖ</span> <span class='ocrx_word' id='word_1_299' title='bbox 752 3547 783 3608; x_wconf 83' lang='grc' dir='ltr'>δὲ</span> <span class='ocrx_word' id='word_1_300' title='bbox 815 3548 982 3608; x_wconf 88' lang='grc' dir='ltr'>ἀπολαύοιτε</span> <span class='ocrx_word' id='word_1_301' title='bbox 1014 3547 1089 3629; x_wconf 83' lang='grc' dir='ltr'>παρὰ</span> <span class='ocrx_word' id='word_1_302' title='bbox 1117 3551 1163 3608; x_wconf 87' lang='grc' dir='ltr'>τοῦ</span> <span class='ocrx_word' id='word_1_303' title='bbox 1195 3547 1352 3628; x_wconf 86' lang='grc' dir='ltr'>ἐπουρανίου</span> 
     </span>
    </p>
   </div>
   <div class='ocr_carea' id='block_1_4' title="bbox 52 3668 1352 3750">
    <p class='ocr_par' dir='ltr' id='par_1_4' title="bbox 52 3668 1352 3750">
     <span class='ocr_line' id='line_1_28' title="bbox 52 3668 1352 3750; baseline 0 -22"><span class='ocrx_word' id='word_1_304' title='bbox 52 3669 192 3742; x_wconf 86' lang='grc' dir='ltr'>βασιλέως</span> <span class='ocrx_word' id='word_1_305' title='bbox 219 3669 281 3742; x_wconf 88' lang='grc' dir='ltr'>τούς</span> <span class='ocrx_word' id='word_1_306' title='bbox 308 3668 505 3746; x_wconf 79' lang='grc' dir='ltr'>ἀδαμαντίνους</span> <span class='ocrx_word' id='word_1_307' title='bbox 531 3668 578 3730; x_wconf 87' lang='grc' dir='ltr'>καὶ</span> <span class='ocrx_word' id='word_1_308' title='bbox 605 3669 802 3749; x_wconf 86' lang='grc' dir='ltr'>ἀμαραντίνους</span> <span class='ocrx_word' id='word_1_309' title='bbox 829 3672 988 3750; x_wconf 79' lang='grc' dir='ltr'>στεφάνους,</span> <span class='ocrx_word' id='word_1_310' title='bbox 1012 3669 1109 3748; x_wconf 82' lang='grc' dir='ltr'>τρυφὴν</span> <span class='ocrx_word' id='word_1_311' title='bbox 1131 3669 1180 3744; x_wconf 78' lang='grc' dir='ltr'>τὴν</span> <span class='ocrx_word' id='word_1_312' title='bbox 1203 3669 1352 3750; x_wconf 87' lang='grc' dir='ltr'>ἀδάπανον,</span> 
     </span>
    </p>
   </div>
   <div class='ocr_carea' id='block_1_5' title="bbox 50 3789 1353 4461">
    <p class='ocr_par' dir='ltr' id='par_1_5' title="bbox 50 3789 1350 4111">
     <span class='ocr_line' id='line_1_29' title="bbox 50 3789 1350 3872; baseline 0.001 -23"><span class='ocrx_word' id='word_1_313' title='bbox 50 3795 156 3851; x_wconf 86' lang='grc' dir='ltr'>πάντων</span> <span class='ocrx_word' id='word_1_314' title='bbox 186 3796 241 3850; x_wconf 91' lang='grc' dir='ltr'>τῶν</span> <span class='ocrx_word' id='word_1_315' title='bbox 264 3791 375 3870; x_wconf 87' lang='grc' dir='ltr'>ἀγαθῶν</span> <span class='ocrx_word' id='word_1_316' title='bbox 398 3793 446 3866; x_wconf 82' lang='grc' dir='ltr'>τὴν</span> <span class='ocrx_word' id='word_1_317' title='bbox 470 3794 572 3872; x_wconf 83' lang='grc' dir='ltr'>τέρψιν,</span> <span class='ocrx_word' id='word_1_318' title='bbox 601 3794 618 3850; x_wconf 86' lang='grc' dir='ltr'>ά</span> <span class='ocrx_word' id='word_1_319' title='bbox 640 3791 788 3868; x_wconf 84' lang='grc' dir='ltr'>ἡτοίμασεν</span> <span class='ocrx_word' id='word_1_320' title='bbox 811 3792 826 3850; x_wconf 88' lang='grc' dir='ltr'>ό</span> <span class='ocrx_word' id='word_1_321' title='bbox 848 3793 911 3862; x_wconf 82' lang='grc' dir='ltr'>θεδς</span> <span class='ocrx_word' id='word_1_322' title='bbox 933 3793 990 3864; x_wconf 85' lang='grc' dir='ltr'>τοῖς</span> <span class='ocrx_word' id='word_1_323' title='bbox 1013 3791 1155 3868; x_wconf 85' lang='grc' dir='ltr'>ἀγαπῶσιν</span> <span class='ocrx_word' id='word_1_324' title='bbox 1177 3789 1224 3850; x_wconf 91' lang='grc' dir='ltr'>καὶ</span> <span class='ocrx_word' id='word_1_325' title='bbox 1245 3795 1350 3852; x_wconf 83' lang='grc' dir='ltr'>κοπιῶ-</span> 
     </span>
     <span class='ocr_line' id='line_1_30' title="bbox 51 3906 1348 3994; baseline 0.003 -23"><span class='ocrx_word' id='word_1_326' title='bbox 51 3934 89 3972; x_wconf 90' lang='grc' dir='ltr'>σιν</span> <span class='ocrx_word' id='word_1_327' title='bbox 117 3913 154 3974; x_wconf 79' lang='grc' dir='ltr'>δι’</span> <span class='ocrx_word' id='word_1_328' title='bbox 180 3913 270 3994; x_wconf 77' lang='grc' dir='ltr'>οιίτοῦ,</span> <span class='ocrx_word' id='word_1_329' title='bbox 298 3906 329 3973; x_wconf 91' lang='grc' dir='ltr'>ού</span> <span class='ocrx_word' id='word_1_330' title='bbox 351 3914 369 3988; x_wconf 82' lang='grc' dir='ltr'><strong>ἡ</strong></span> <span class='ocrx_word' id='word_1_331' title='bbox 391 3915 473 3994; x_wconf 82' lang='grc' dir='ltr'>χάρις</span> <span class='ocrx_word' id='word_1_332' title='bbox 499 3910 545 3972; x_wconf 82' lang='grc' dir='ltr'>καὶ</span> <span class='ocrx_word' id='word_1_333' title='bbox 568 3914 598 3972; x_wconf 84' lang='grc' dir='ltr'>τδ</span> <span class='ocrx_word' id='word_1_334' title='bbox 622 3914 733 3993; x_wconf 89' lang='grc' dir='ltr'>ἀπειρον</span> <span class='ocrx_word' id='word_1_335' title='bbox 761 3914 841 3974; x_wconf 81' lang='grc' dir='ltr'>αὺτοῦ</span> <span class='ocrx_word' id='word_1_336' title='bbox 865 3912 947 3984; x_wconf 83' lang='grc' dir='ltr'>ἔλεος</span> <span class='ocrx_word' id='word_1_337' title='bbox 974 3911 1018 3987; x_wconf 91' lang='grc' dir='ltr'>εῖη</span> <span class='ocrx_word' id='word_1_338' title='bbox 1042 3911 1112 3986; x_wconf 84' lang='grc' dir='ltr'>μετὰ</span> <span class='ocrx_word' id='word_1_339' title='bbox 1133 3913 1241 3971; x_wconf 89' lang='grc' dir='ltr'>πάντων</span> <span class='ocrx_word' id='word_1_340' title='bbox 1264 3911 1348 3988; x_wconf 86' lang='grc' dir='ltr'>ὑμῶν.</span> 
     </span>
     <span class='ocr_line' id='line_1_31' title="bbox 51 4033 182 4111; baseline -0.008 0"><span class='ocrx_word' id='word_1_341' title='bbox 51 4033 182 4111; x_wconf 51' lang='grc' dir='ltr'>δῖοί</span> 
     </span>
    </p>

    <p class='ocr_par' dir='ltr' id='par_1_6' title="bbox 50 4153 1353 4358">
     <span class='ocr_line' id='line_1_32' title="bbox 156 4153 1353 4236; baseline 0 -22"><span class='ocrx_word' id='word_1_342' title='bbox 156 4154 424 4236; x_wconf 63' lang='grc' dir='ltr'>γΣίλβεστρος,</span> <span class='ocrx_word' id='word_1_343' title='bbox 454 4155 542 4234; x_wconf 82' lang='grc' dir='ltr'>ἐλέῳ</span> <span class='ocrx_word' id='word_1_344' title='bbox 569 4155 645 4214; x_wconf 82' lang='grc' dir='ltr'>θεοῦ</span> <span class='ocrx_word' id='word_1_345' title='bbox 667 4157 779 4228; x_wconf 85' lang='grc' dir='ltr'>πάπας</span> <span class='ocrx_word' id='word_1_346' title='bbox 806 4153 862 4214; x_wconf 89' lang='grc' dir='ltr'>καὶ</span> <span class='ocrx_word' id='word_1_347' title='bbox 883 4157 1094 4234; x_wconf 87' lang='grc' dir='ltr'>πατριάρχης</span> <span class='ocrx_word' id='word_1_348' title='bbox 1116 4160 1174 4230; x_wconf 81' lang='grc' dir='ltr'>τῆς</span> <span class='ocrx_word' id='word_1_349' title='bbox 1197 4155 1353 4233; x_wconf 91' lang='grc' dir='ltr'>μεγάλης</span> 
     </span>
     <span class='ocr_line' id='line_1_33' title="bbox 50 4275 523 4358; baseline -0.002 -22"><span class='ocrx_word' id='word_1_350' title='bbox 50 4277 186 4350; x_wconf 83' lang='grc' dir='ltr'>πόλεως</span> <span class='ocrx_word' id='word_1_351' title='bbox 209 4275 478 4358; x_wconf 80' lang='grc' dir='ltr'>Ἀλεξανδρείας.</span> <span class='ocrx_word' id='word_1_352' title='bbox 502 4277 523 4356; x_wconf 87' lang='lat'><em>†</em></span> 
     </span>
    </p>

    <p class='ocr_par' dir='ltr' id='par_1_7' title="bbox 157 4404 700 4461">
     <span class='ocr_line' id='line_1_34' title="bbox 157 4404 700 4461; baseline -0.004 -1"><span class='ocrx_word' id='word_1_353' title='bbox 157 4404 266 4460; x_wconf 79' lang='grc' dir='ltr'>Δνσίισί.</span> <span class='ocrx_word' id='word_1_354' title='bbox 289 4405 397 4461; x_wconf 76' lang='lat' dir='ltr'><strong><em>membr.</em></strong></span> <span class='ocrx_word' id='word_1_355' title='bbox 422 4405 499 4460; x_wconf 81' lang='lat' dir='ltr'><em>Flor.</em></span> <span class='ocrx_word' id='word_1_356' title='bbox 518 4405 559 4460; x_wconf 84' lang='grc' dir='ltr'>Π.</span> <span class='ocrx_word' id='word_1_357' title='bbox 582 4423 632 4459; x_wconf 79' lang='lat' dir='ltr'>nro</span> <span class='ocrx_word' id='word_1_358' title='bbox 650 4407 700 4458; x_wconf 82' lang='lat'>43.</span> 
     </span>
    </p>
   </div>
   <div class='ocr_carea' id='block_1_6' title="bbox 0 0 1588 5278">
    <p class='ocr_par' dir='ltr' id='par_1_8' title="bbox 0 0 1588 5278">
     <span class='ocr_line' id='line_1_35' title="bbox 0 0 1588 5278; baseline 0 0"><span class='ocrx_word' id='word_1_359' title='bbox 0 0 1588 5278; x_wconf 95' lang='lat' dir='ltr'> </span> 
     </span>
    </p>
   </div>
  </div>
 </body>
</html>
