3184 5288
1282 369 1322 432 97

52 559 77 631 εἷς
94 563 121 619 θν
148 561 210 620 οὑδὲ
234 562 311 636 ὑμεῖς
334 561 500 640 ἀμφιβολίαν
529 561 634 641 εἴχετε,
658 562 704 622 ἀπ’
729 564 806 622 αὑτοῦ
836 561 936 621 δὲκαὶ
959 561 1003 621 ἐπὶ
1025 566 1081 631 τοῖς
1105 562 1255 641 ἔμπροσθεν
1278 567 1323 622 τοὺ

50 683 144 742 ττισὺτου
166 684 303 757 μὺλωνος,
328 681 392 741 ἰδὼν
416 683 454 754 ὡς
478 685 517 742 ότι
538 685 569 742 τό
592 684 669 763 νερόν
690 683 728 754 ὡς
750 685 817 762 πρός
836 685 867 742 τό
890 683 1003 758 ἀλήθειν
1026 684 1105 742 αὑτδν
1127 683 1324 755 ἀπεικάσαντός

51 825 91 884 μου,
120 803 166 863 ἀπ’
196 804 301 864 ἐκείνου
330 803 361 863 δέ
387 803 434 863 καί
463 802 502 875 είς
528 805 577 880 τὴν
603 806 684 865 πόλιν
716 806 932 884 νριμνηζσμένου
959 803 1005 864 καὶ
1033 805 1071 879 μὴ
1101 804 1219 882 ἑχόντων
1248 805 1323 880 ὑμῶν

52 927 92 985 ἑίεν
122 925 309 1000 ἀναλαβέσθαι
342 930 419 986 τοῦτο
452 923 490 997 εἰς
518 927 548 984 τό
579 926 694 996 ποτίζειν
723 929 740 984 ά
767 927 923 1007 προείρηται
957 926 1050 1006 τοπία,
1080 926 1173 998 καθὼς
1203 927 1324 986 ἔκπαλαι

52 1047 122 1124 εἴχετε
150 1048 243 1128 τόπον,
277 1047 323 1107 καὶ
355 1050 403 1123 τὴν
433 1049 563 1122 τοσαὺτην
598 1048 706 1109 ἀδικίαν
739 1049 992 1129 πληροφορηθέντες
1025 1047 1072 1108 καί
1107 1051 1176 1123 μήτε
1208 1049 1237 1108 ἐν
1268 1051 1324 1119 τοῖς

49 1173 182 1248 πρακτικοῖς
212 1173 259 1230 τοὺ
283 1170 412 1246 δημοσίου
435 1173 453 1246 ἢ
476 1177 525 1247 τῆς
549 1171 707 1252 ἀναγραφῆς
736 1170 821 1250 εὑρὼν
843 1172 888 1230 τόν
910 1175 1029 1231 τοιοῦτον
1057 1170 1170 1247 μὺλωνα
1192 1167 1332 1258 τελοὺντοί

48 1313 70 1370 τι,
90 1292 220 1372 παρευθὺς
248 1289 399 1373 προσέταξε
430 1293 604 1371 χαλαοθῆναι
635 1295 714 1353 αὑτόν
742 1294 775 1353 ἐκ
802 1293 909 1372 βάθρων
933 1295 1029 1373 αὑτῶν,
1056 1294 1086 1352 τό
1114 1291 1144 1351 δέ
1170 1292 1243 1372 ὑδωρ
1270 1292 1323 1352 ἀπό

47 1417 77 1472 τόν
94 1415 212 1474 παλαιόν
234 1413 282 1472 καί
309 1414 556 1492 δεδημοσιωμένον
583 1417 707 1496 μὺλωνα,
736 1416 801 1474 ἔνθα
823 1413 869 1474 καί
895 1415 944 1492 την
966 1413 1088 1474 παλαιὰν
1111 1415 1198 1488 νομὴν
1221 1412 1332 1492 εἴχετε,Ι

48 1539 226 1614 μετσχέτευσα,
260 1537 332 1596 ὥστε
362 1538 437 1615 ἐχειν
463 1537 534 1612 ὑμᾶς
560 1538 608 1612 τὴν
630 1538 723 1598 τοὺτου
749 1543 847 1617 χρῆσιν
873 1536 945 1596 κατὰ
971 1537 1001 1595 τό
1028 1535 1169 1595 ἀκώλυτον
1195 1533 1243 1595 καί
1270 1535 1322 1614 ἀρ-

48 1658 115 1720 δεὺειν
142 1659 175 1718 τόι
202 1656 324 1734 ποτάμια
348 1657 476 1741 χωράφια
504 1662 578 1734 ὑμκῖιν
602 1661 640 1731 ὡς
668 1661 802 1720 ἔκπαλαι·
830 1660 923 1720 τοὺτου
950 1658 1004 1736 γάρ
1027 1660 1107 1738 χάριν
1134 1656 1181 1716 καὶ
1208 1656 1243 1716 δι’
1272 1657 1322 1735 ἐγ-

45 1784 128 1860 γράφου
153 1780 200 1841 καί
229 1779 414 1862 ἐνυπογροίφου
440 1785 589 1861 πρακτικοῦ
614 1783 754 1864 παρεδόθη
782 1783 842 1857 ὑμῖν
869 1783 887 1854 ἡ
910 1783 956 1840 τοὺ
984 1781 1102 1840 τοιοὺτσν
1128 1780 1227 1852 ὑδατος
1253 1780 1323 1839 ἐνοι-

42 1903 149 1982 φιίρετος
171 1903 242 1978 νομὴ
266 1902 312 1964 καί
339 1909 447 1984 χρῆσις.
475 1901 538 1984 περὶ
565 1903 595 1962 δὲ
624 1909 677 1963 τῶν
705 1904 809 1963 λοιπῶν
835 1908 1025 1978 καινοτομιῶν,
1054 1896 1092 1960 ὧν
1115 1902 1231 1980 ἐλέγετε
1254 1902 1322 1960 ὑπο-

45 2032 126 2106 στῆναι,
155 2026 293 2104 ἔγγραφον
320 2031 374 2084 τῶν
401 2025 527 2084 τοιούτων
554 2032 599 2085 τοῦ
623 2029 706 2084 ποσοὺ
733 2024 780 2084 καί
808 2030 862 2083 τῶν
892 2025 1013 2104 χρόνων,
1043 2021 1106 2083 καθ’
1134 2023 1212 2095 όσους
1239 2028 1323 2083 ταῦτα

44 2148 165 2227 ὑτέστητε,
193 2147 232 2226 τῷ
261 2148 375 2229 αὑθέντη
402 2149 481 2222 ἡμῶν
510 2146 548 2228 τῷ
575 2151 719 2208 κατεπάνω
747 2147 944 2207 ἐπιδεδώκατε.
971 2145 1033 2225 περὶ
1056 2140 1093 2205 ὢν
1116 2147 1162 2205 καί
1187 2145 1322 2224 ἔγγραφον

45 2269 156 2349 ῖτόφασιν
177 2273 226 2344 τῆς
249 2267 365 2349 κρίσεως
388 2270 467 2328 αὑτοῦ
491 2269 648 2348 ἐνεχείρησε
671 2271 755 2328 ταὺτα
778 2267 873 2328 οὑτωσὶ
895 2269 1091 2348 περιέχουσαν·

128 2392 149 2468 †
176 2389 250 2449 «Καὶ
274 2387 349 2462 αὖθις
365 2391 435 2450 κατὰ
457 2386 492 2450 τό
515 2391 544 2450 ἐν
568 2392 644 2469 μέσῳ
666 2391 904 2470 προσδιορισθέντα
926 2392 981 2460 τοῖς
1011 2389 1129 2460 ἐποίκοις
1152 2390 1323 2472 τοῦχωρίου
1411 2379 1413 2385 “

44 2511 160 2590 θίένικος,
188 2515 259 2571 ὥστε
288 2512 433 2592 ἐγγράφως
459 2513 525 2604 ἡμῖν
554 2518 738 2592 παραστῆσαι,
769 2515 803 2584 άς
833 2511 984 2586 ὑπέστησαν
1012 2511 1188 2586 καινοτομίας
1203 2490 1249 2572 ιἐκ
1274 2519 1323 2589 τῆς

43 2634 93 2710 παρ’
116 2635 195 2694 αὑτοῦ
222 2637 267 2692 τοὺ
289 2632 389 2705 ὑδατος
410 2637 457 2693 τοὺ
482 2633 556 2712 παρὰ
581 2633 724 2710 Ἀχιλλίου
750 2637 797 2692 τοὺ
819 2633 963 2707 Λιμενίτου
989 2635 1188 2714 κατεχομένου,
1215 2633 1323 2712 ηχηζο-

43 2756 151 2823 μένοντε
168 2748 215 2814 καί
232 2755 270 2829 μὴ
293 2756 520 2832 συγχωρουμένου
535 2753 709 2834 καταρδεὺειν
725 2755 774 2826 τὰς
790 2750 943 2835 ἀρωσίμους
967 2757 1053 2815 αὑτῶν
1076 2731 1171 2836 χώρας
1193 2755 1240 2816 καὶ
1261 2757 1323 2828 τσὺς

43 2873 204 2956 ίμπελιῖινσις,
228 2873 374 2956 ἐγγράφως
388 2895 418 2934 τε
436 2876 561 2936 ἐκθέσθαι
583 2873 629 2935 καὶ
651 2877 712 2947 τοὺς
734 2876 845 2956 καιροὺς
867 2882 921 2935 τῶν
940 2884 1130 2958 καινοτομιῶν,
1150 2880 1323 2958 παρέστησαν

42 2995 68 3072 τῲ
89 2997 249 3078 δικαστηρίῳ
273 2995 298 3056 οί
319 2999 498 3078 Μεγικιιῖιται,
521 3001 772 3078 ονμπαριστάμενον
797 2997 886 3070 αὑτοῖς
911 2999 1022 3077 ἔχοντες
1044 2997 1092 3059 καί
1114 3001 1159 3058 τόν
1176 2999 1322 3075 Λιμενίτην

43 3117 182 3200 ’.ίχιλλιοη
210 3117 256 3178 καί
280 3120 313 3178 δι’
338 3118 472 3199 ίκετηρίου
495 3121 582 3178 αὑτῶν
606 3117 751 3201 ἐγγράφως
774 3121 823 3192 τός
845 3120 1030 3196 καινοτομίας,
1054 3122 1086 3192 άς
1110 3113 1181 3180 οὑτοι
1200 3121 1322 3200 πάθοιεν,

42 3241 100 3320 ταρὰ
124 3241 162 3321 τῷ
191 3243 321 3322 ἐγγράφῳ
350 3241 493 3316 ἐκθέμενοι
520 3239 566 3300 καί
592 3243 655 3314 τοὺς
676 3243 787 3322 καιροὺς
814 3249 867 3301 τῶν
895 3248 1074 3318 καινοτομιῶν
1103 3243 1131 3301 ἐν
1160 3241 1232 3320 αὑτῷ
1260 3242 1322 3302 δια-

43 3367 195 3440 ττφίσαντες
218 3365 283 3439 ἡμῖν
313 3363 490 3442 ἐνεφάνησαν,
521 3365 588 3444 ὅπερ
615 3363 662 3422 καί
690 3363 897 3442 ὑπαναγνωσθέν
927 3365 990 3444 παρ’
1014 3366 1093 3439 ἡμῶν
1123 3363 1222 3445 ὡρίσθη
1253 3368 1325 3444 τρεῖς

45 3481 178 3564 ἐκλεγῆναι
208 3484 310 3565 ἄνδρας
339 3485 392 3544 άπὺ
421 3491 475 3544 τῶν
501 3485 540 3565 τῷ
563 3485 703 3564 Ἀχιλλίῳ
731 3480 931 3561 ἀνθισταμένων
964 3485 1010 3546 καί
1038 3487 1067 3546 ἐν
1093 3485 1172 3566 χερσὶ
1198 3487 1325 3568 φέροντες

43 3603 64 3661 τό
81 3609 141 3687 παρ’
165 3605 253 3667 αὑτῶν
275 3608 392 3686 γεγονός
416 3607 552 3687 ἔγγραφον
576 3607 769 3683 ἐπομόσασθαι
793 3607 831 3682 μὴ
855 3609 926 3666 κατά
948 3627 972 3666 τι
996 3607 1191 3684 διαψεύσασθαι
1216 3608 1249 3667 ἐκ
1269 3613 1323 3666 τῶν

43 3726 71 3803 ’.ᾧ
91 3729 217 3810 ἐγγράφω
245 3725 480 3808 ἀναταττομένων,
509 3731 579 3804 μήτε
607 3730 661 3804 μὴν
688 3726 750 3807 περί
775 3735 825 3804 τῆς
852 3730 1000 3803 ποσότητος
1021 3733 1075 3787 τῶν
1093 3713 1243 3788 Ιδεκαεπτόι
1267 3727 1324 3788 ἐνι-

45 3856 115 3908 αυτῶν
142 3854 237 3932 μικρόν
261 3871 285 3911 τι
312 3850 423 3928 ψευδεῖς
451 3849 655 3910 ἀναδείκνυσθαι
683 3847 729 3909 καὶ
762 3850 927 3930 εὑθυνθῆναι,
955 3849 1078 3925 νομίμως
1104 3851 1149 3910 τόν
1178 3848 1323 3925 Λιμενίτην

44 3967 174 4046 ’.ἐχιλλιον
196 3979 246 4050 τῆς
268 3978 322 4033 τῶν
346 3972 519 4048 ἀμπελώνων
543 3971 655 4047 βλάβης
677 3970 724 4030 καί
746 3971 837 4048 λὺμης
859 3979 908 4048 τῆς
932 3971 1070 4052 άρωσίμου
1093 3977 1146 4051 γῆς
1170 3970 1266 4032 αὑτῶν.
1290 3976 1322 4051 τῇ

44 4089 134 4169 ἀκριβεῖ
160 4095 313 4172 διατιμήσει
341 4099 394 4155 τῶν
416 4094 621 4170 πλησιαζόντων
645 4093 753 4172 χωρίων
777 4095 866 4166 αὑτοῖς
890 4099 943 4153 τῶν
972 4094 1167 4169 ἐπιστημιὺνων
1190 4092 1322 4167 διατιμω-

44 4211 130 4290 μένης·
162 4217 238 4292 μηνί
267 4217 434 4295 αὑγοὺστῳ
466 4213 520 4295 ια’,
553 4213 758 4286 ίνδικτιῶνος
787 4213 840 4273 ια’.
866 4217 901 4274 ’0
924 4216 1099 4275 κατεπάνω
1124 4215 1167 4274 δι’
1191 4211 1323 4274 οἰκείων

46 4333 126 4395 αὑτοῦ
139 4341 377 4418 γραμμάτων.»
396 4338 417 4414 †
441 4337 536 4409 Οὑτως
557 4335 602 4396 οὑν
618 4343 667 4412 τῆς
684 4337 844 4415 ἀποφάσεως
869 4333 1029 4416 διεξιούσης,
1054 4333 1222 4408 ἐξελθόντων
1244 4337 1323 4410 ἡμῶν

46 4449 88 4513 ἀπό
112 4461 139 4518 τό
167 4459 338 4539 δικαστήριον
365 4458 404 4538 τῷ
430 4461 590 4540 περιωνὺμῳ
618 4459 675 4538 ναῷ
702 4465 755 4518 τῶν
779 4459 878 4538 Ἁγίων
906 4459 1020 4519 Πάντων
1047 4457 1105 4533 τῆς
1126 4457 1325 4537 μητροπόλεως

46 4579 223 4658 κατελάβομεν
247 4581 272 4641 σί
296 4583 421 4662 ἑκάτεροι
448 4584 516 4661 πρός
539 4583 568 4640 τό
591 4583 719 4659 γενέσθαι
745 4583 817 4642 κατὰ
838 4582 887 4654 τὴν
909 4585 955 4662 τοὺ
979 4581 1105 4641 αὑθέντσυ
1127 4582 1206 4656 ἡμῶν
1228 4578 1323 4658 κρίσιν.

47 4695 137 4778 ίυδριῖιν
156 4702 199 4764 οὑν
219 4703 272 4764 τῶν
293 4701 473 4784 φιλοχρίστων
493 4701 539 4762 καί
560 4701 736 4782 εἰρηνοποιῶν
757 4703 920 4782 εὑρεθέντων
941 4703 989 4762 οὑκ
1010 4701 1104 4762 εἴασαν
1124 4703 1198 4776 ἡμᾶς
1219 4703 1324 4778 ἐπομό-

1102 4825 1115 4871 ’ί
