3184 5288
244 291 304 356 118

241 483 426 567 προστάξεως,
451 486 626 565 ἀπρακτήσει
648 486 682 546 τά
705 486 747 546 ἐπὶ
770 490 826 558 τοῖς
853 485 1022 558 ἑπτακοσίοις
1049 490 1094 546 τοῦ
1118 485 1188 546 σίτου
1216 485 1323 561 μοδίοις
1348 487 1486 564 γεγονότα
1506 493 1534 568 τῇ

241 608 301 667 κατ’
326 602 433 691 [αύτούς
456 602 538 692 μονή]
564 610 770 687 προστάγματα,
798 603 937 692 τυπ[ούται
960 605 991 666 δὲ
1019 605 1140 667 δίδοσθαι
1163 605 1221 666 ἀντὶ
1242 602 1300 692 τοῦ]
1327 608 1447 668 τοιούτου
1471 609 1535 667 σίτου

244 729 297 788 ἀπο
330 733 377 788 τού
412 727 575 808 άκροστίχου
607 736 657 805 της
689 732 769 804 νήσου
800 730 912 808 Κρήτης
945 728 1099 804 νομίσματα
1133 729 1294 808 τρικέραλα,
1325 729 1359 787 τὰ
1393 729 1464 788 κατά
1493 731 1535 804 τήν

242 851 348 930 Ιἡμέραν
364 853 557 930 προτιμώμενα
573 850 662 931 λίτραι
684 850 738 925 δύο,
764 850 885 911 δίδοσθαι
907 851 1009 922 τούτοις
1032 851 1176 929 ὀφείλοντα
1199 846 1446 935 [άπαραοπά]στως
1466 851 1536 931 παρά

169 1037 172 1042 ,
242 968 307 1056 [τῶν
330 967 412 1057 κατά]
436 971 544 1051 καιρούς
568 971 749 1051 ἐνεργούντων
778 973 806 1031 ἐν
833 977 866 1053 τῇ
893 973 1000 1054 τοιαύτη
1028 975 1112 1050 νήσῳ,
1141 971 1195 1031 εἴτε
1219 970 1262 1032 ἐπὶ
1285 975 1400 1050 πάκτον,
1425 971 1479 1032 εἴτε
1502 971 1535 1042 εἰς

241 1095 272 1152 το
294 1095 386 1152 πιστδν
411 1093 575 1173 ἐνεργοῦσιν,
599 1093 784 1172 άνυοτερήτως
810 1092 857 1154 καὶ
880 1093 1119 1173 άνυπσκρατήτως,
1142 1092 1189 1152 καὶ
1213 1089 1278 1152 άνευ
1302 1093 1398 1174 έτέρας
1421 1096 1535 1174 προστά-

244 1211 315 1285 ξεως
346 1216 363 1289 ἢ
396 1209 597 1299 ύπομν[ήσεως]
628 1213 675 1274 καὶ
704 1222 812 1296 γραρῆς
841 1219 887 1276 τού
916 1215 988 1275 κατὰ
1016 1216 1064 1290 τὴν
1094 1216 1200 1296 ἡμέραν
1227 1221 1281 1275 τῶν
1309 1217 1446 1296 οεκρέτων
1471 1235 1534 1294 προ-

244 1341 372 1413 εστῶτος,
405 1338 457 1395 κάν
489 1335 516 1395 αί
547 1333 601 1408 ἔξω
631 1335 777 1418 λογαρικοιὶ
810 1332 922 1423 δήσεις]
952 1338 1058 1415 σχολὴν
1088 1385 1094 1398 .
1121 1385 1127 1398 .
1153 1383 1160 1397 .
1184 1337 1348 1418 ὡρίσθηοαν,
1378 1335 1427 1396 ἀπ’
1454 1336 1536 1416 ἀρχῆς

245 1458 337 1532 μέντοι
367 1461 413 1516 τού
445 1456 625 1538 οεπτεμβρίου
656 1459 742 1534 μηνδς
769 1465 818 1535 τῆς
844 1459 994 1540 τρεχούσης
1026 1457 1139 1534 ἐννάσης
1168 1456 1343 1537 ἰνδικτιῶνος,
1370 1455 1419 1517 καὶ
1446 1459 1536 1538 μέχρις

244 1580 276 1636 άν
300 1579 315 1637 ὁ
337 1578 431 1658 παρὼν
455 1578 579 1660 διαρκοίη
604 1577 683 1639 οἰῶν·
713 1579 842 1658 δέχεσθαι
869 1579 922 1660 γάρ
949 1578 996 1638 καὶ
1023 1580 1125 1652 τούτοις
1152 1579 1304 1659 δρειλουσιν
1334 1578 1464 1639 ἐπέκεινα
1488 1584 1536 1637 τῶν

243 1701 532 1781 προκιπωθέντωνιτῇ
559 1701 667 1784 τοιαύτη
695 1697 799 1785 [μονῇ],
827 1702 919 1772 καθὼς
947 1701 1113 1782 δεδήλωται,
1145 1702 1349 1781 τεσσαράκοντα
1377 1699 1452 1761 ύκτὼ
1478 1722 1536 1760 και-

243 1821 374 1902 νουργίων
405 1821 586 1903 τρικεράλων,
620 1827 653 1905 τῇ
683 1821 815 1906 έμρανείᾳ
845 1828 898 1882 τῶν
924 1821 999 1902 παρὰ
1025 1825 1070 1882 τοῦ
1098 1823 1198 1902 μέρους
1228 1826 1278 1900 τῆς
1305 1828 1394 1899 μονῆς
1421 1819 1537 1902 γίνεσθαι

246 1943 412 2017 μελλουσῶν
443 1945 532 2014 αὐτοῖς
560 1938 727 2015 ἀποδείξεων
755 1938 822 2028 [ἐπὶ]
852 1950 885 2026 τῇ
912 1943 1011 2004 τούτων
1043 1942 1189 2020 ἀπολήψει.
1218 1944 1264 2004 σὺν
1292 1944 1396 2016 τούτοις
1427 1944 1538 2024 ἐκχωρεῑ

243 2065 261 2138 ή
286 2062 414 2138 βασιλεία
437 2084 489 2140 μου
517 2065 573 2136 τοῖς
600 2069 649 2139 τῆς
677 2066 760 2139 αύτῆς
783 2071 869 2140 μονῆς
897 2067 1039 2144 μοναχοῑς,
1062 2062 1109 2124 καὶ
1134 2060 1292 2137 ἐξωνεῖσθαι
1315 2064 1369 2124 ἀπὸ
1391 2069 1443 2141 τῆς
1464 2067 1537 2140 νήσου

246 2187 357 2267 Κρήτης
385 2185 428 2245 διὰ
456 2190 510 2244 τῶν
538 2186 664 2246 τοιούτων
692 2185 739 2246 δύο
766 2186 936 2268 τρικεράλων
963 2187 1139 2265 καινουργίων
1167 2187 1277 2268 λιτρῶν,
1301 2179 1345 2247 οἷα
1369 2190 1403 2246 άν
1425 2185 1471 2248 καὶ
1493 2189 1538 2246 ὅσοι

231 2296 387 2382 ’βούλοιντο
412 2305 481 2386 εἴδη,
506 2307 577 2382 μύνα
600 2306 630 2366 δὲ
653 2304 820 2384 διαβιβάζειν
843 2307 895 2368 άπδ
917 2308 1016 2367 τούτων
1040 2307 1252 2388 άκομμέρκευτα
1273 2305 1321 2368 καὶ
1339 2305 1428 2388 χωρὶς
1451 2309 1538 2386 ἑτέρας

245 2429 352 2490 οίασούν
380 2428 495 2508 δύσεως,
523 2428 597 2500 δσοις
625 2428 772 2505 ἐπιβάλλει
799 2429 867 2510 ύπέρ
894 2427 1063 2508 κομμερκίου
1094 2429 1247 2510 τρικέραλα
1272 2429 1433 2509 καινούργια
1460 2429 1539 2490 δεκα-

244 2555 347 2610 πέντε·
372 2551 536 2628 δεχθήοεται
558 2549 613 2630 γάρ
635 2549 682 2610 καὶ
704 2555 787 2611 ταύτα
808 2552 865 2623 τοῖς
886 2549 957 2610 κατά
980 2550 1089 2630 καιρούς
1112 2550 1265 2630 ἐνεργοῦσιν
1287 2550 1341 2611 άπδ
1364 2555 1411 2611 τού
1434 2555 1479 2610 νύν
1499 2549 1539 2610 καὶ

246 2671 287 2743 είς
309 2676 339 2732 τδ
363 2671 488 2748 διηνεκές
512 2672 547 2731 δι’
565 2672 713 2751 ἐμφανείας
735 2669 902 2745 ἀποδείξεων
926 2671 1067 2746 δηλουοῶν
1090 2671 1162 2747 μηδὲ
1184 2676 1262 2732 τούτο
1285 2673 1393 2733 ἐκτῶν
1418 2671 1539 2751 μοναχῶν

246 2795 424 2856 ἀπαιτεῖσθαι.
454 2794 513 2854 ἐπεὶ
541 2793 573 2854 δέ
596 2795 610 2852 δ
633 2798 751 2866 τοιοῦτος
777 2795 985 2872 καθηγούμενος
1015 2794 1150 2872 ἀνήνεγκε
1176 2801 1210 2878 τῇ
1238 2793 1369 2877 βασιλείᾳ
1396 2815 1449 2871 μου
1479 2797 1539 2854 ύτο-

245 2919 412 2998 κρατηθήνοιι
443 2923 476 2998 τῇ
506 2917 567 2976 κατ’
592 2917 671 2977 αύτδν
702 2923 771 2998 μονῇ
801 2917 876 2997 παρὰ
904 2922 958 2976 τῶν
990 2917 1018 2976 ἐν
1045 2917 1141 2999 Κρήτῃ
1172 2917 1388 2997 ἐνεργησάντων,
1421 2915 1466 2976 ἐπὶ
1496 2915 1540 2992 μὲν

245 3040 385 3121 τέσσαρσιν
414 3038 569 3119 ἐγχρονίαις
595 3038 657 3110 τούς
683 3036 817 3108 τοιούτους
840 3037 1014 3110 ἑπτακοσίους
1037 3042 1082 3098 τοῦ
1105 3037 1176 3099 σίτου
1200 3035 1320 3119 μοδίους,
1344 3037 1388 3098 ἐπὶ
1413 3038 1445 3100 δέ
1467 3036 1540 3118 τρισίν

247 3163 375 3233 ὡσαύτως
404 3159 560 3240 ἐγχρονίαις
586 3159 619 3218 τά
648 3159 831 3238 διαληφθέντα
857 3133 1058 3240 τεσσαράκοντα
1080 3131 1152 3220 ὀκτὼ
1177 3206 1346 3222 ......
1372 3155 1538 3246 [νομίσματοη

247 3279 402 3367 διορήίζεται
424 3283 442 3356 ἡ
467 3275 596 3356 βασιλεία
619 3301 670 3356 μου
695 3279 807 3356 δοθῆναι
829 3285 862 3362 τῇ
886 3286 955 3362 μονῇ
982 3283 1028 3340 τόν
1050 3301 1080 3339 τε
1103 3288 1220 3342 τοιοῦτον
1244 3283 1315 3341 σῖτον
1339 3280 1387 3341 καὶ
1410 3282 1444 3356 τά
1466 3278 1539 3355 νομί-

247 3423 336 3479 σματα
356 3402 431 3482 παρά
453 3407 506 3461 τῶν
530 3397 795 3488 [ύπο]κροιτησάντων
817 3403 901 3460 ταῦτα
923 3402 989 3484 αὐτῇ
1013 3401 1197 3482 άνυστερήτως
1220 3399 1301 3486 [μετὰ
1324 3398 1390 3488 τῶν]
1416 3401 1539 3483 ’ρηθειοῶν

246 3526 383 3604 τεσσάρων
414 3522 460 3582 καὶ
490 3528 569 3603 τριῶν
601 3523 761 3604 ἐγχρονιῶν,
796 3526 886 3599 πάσης
915 3520 1091 3603 προστάξεως
1125 3523 1333 3601 ἐναντιουμένης
1361 3531 1395 3608 τῇ
1426 3524 1539 3606 παροίιυῄη

247 3643 393 3726 προστάξει
427 3651 476 3722 τῆς
510 3645 653 3719 βασιλείας
685 3667 736 3721 μου
774 3645 944 3725 ἀπρακτήσει
974 3646 1148 3725 δρειλούοης,
1179 3647 1240 3706 ύοον
1271 3645 1315 3706 ἐπὶ
1345 3649 1403 3720 τοῖς
1435 3647 1539 3706 ἐνταῦθα

249 3767 445 3848 διωρισμένας.
470 3764 516 3827 καί
541 3766 580 3839 είς
604 3765 706 3843 εἴδησιν
729 3767 948 3846 καταοτρωθεῑσα
969 3769 1026 3839 τοῖς
1048 3769 1207 3846 προσφέροις
1230 3769 1368 3848 σεκρέτοις
1389 3769 1407 3843 ή
1427 3771 1539 3848 παροῦσα

247 3896 297 3965 τῆς
311 3888 457 3964 βασιλείας
473 3909 524 3963 μου
547 3883 692 3968 πρόσταξις
715 3887 953 3967 άντιστροιρήσεται
975 3893 1007 3969 τῇ
1032 3885 1209 3969 διαληφθείσῃ
1234 3893 1305 3970 μονῇ
1329 3886 1369 3960 εἰς
1385 3889 1537 3969 ἀσφάλειαν,

248 4011 398 4092 ἀρκέσουσα
425 4011 507 4092 ταύτῃ
534 4007 581 4070 καὶ
608 4007 666 4068 ἀντὶ
692 4007 900 4090 χρυσοβούλλσυ
927 4015 1042 4090 γραφῆς·
1072 4009 1132 4068 Τύ;
1157 4007 1234 4086 μηνὶ
1257 4009 1439 4092 άπριλλίῳ,
1463 4010 1538 4070 ἰνδι-

248 4137 388 4202 κτιῶνσς
411 4130 447 4211 θ’,
472 4131 510 4192 δι’
535 4131 678 4211 ἐρυθρῶν
700 4133 906 4210 γραμμάτων
928 4137 985 4206 τῆς
1008 4131 1189 4206 βασιλικῆς
1211 4129 1267 4190 καὶ
1295 4132 1389 4203 θείας
1417 4134 1538 4212 χειρίς·

248 4257 266 4332 ἡ
290 4254 343 4313 διὰ
366 4258 468 4333 κηρού
491 4256 634 4328 συνήθης
658 4253 818 4328 βασιλικὴ
842 4253 997 4332 σφραγίς·
1021 4251 1076 4311 καὶ
1103 4254 1159 4312 πάι
1187 4216 1265 4312 «δία
1286 4258 1340 4313 τού
1364 4255 1540 4333 λογοθὲτου

248 4379 302 4434 τού
333 4375 478 4454 δρύμου»
512 4372 569 4434 καὶ
600 4370 723 4445 ἔξωθεν
748 4373 799 4431 τοι
827 4375 1059 4452 «κατεστρώθη
1089 4372 1142 4432 διὰ
1169 4375 1285 4454 χειρδς
1307 4379 1364 4433 τοῦ
1387 4377 1540 4450 σεβαστοθ

192 4545 193 4549 ,
248 4495 302 4554 καὶ
337 4497 489 4573 μεγάλου
524 4492 790 4573 δρουγγαρίουν·
825 4495 874 4552 τοι
911 4495 1146 4575 «κατεστρώθη
1179 4495 1212 4555 ἐν
1242 4495 1286 4575 τῷ
1316 4498 1465 4578 σεκρέτῳ
1492 4497 1539 4554 τοῦ

182 4657 187 4668 ·
250 4618 402 4694 μεγάλου
435 4616 661 4694 λογαριαοπού
694 4614 777 4673 κατὰ
812 4619 898 4690 μῆνα
936 4618 1042 4691 μάιον,
1078 4615 1288 4689 ἰνδικτιῶνος
1322 4616 1366 4677 θ’»
1408 4617 1463 4678 καὶ
1493 4617 1539 4675 τότ
1578 4681 1579 4686 1
