3160 5292
1256 347 1315 410 211

46 539 139 614 Πύηιου
167 537 214 598 διὰ
235 537 441 617 χρυσοβούλλου
463 544 510 600 τοῦ
531 545 660 618 κραταιοῦ
682 537 728 600 καὶ
751 538 830 618 ἁγίου
852 541 931 616 ἡμῶν
955 541 1081 602 αὐθέντου
1102 539 1149 600 καὶ
1172 541 1319 618 βασιλέως,

42 661 180 734 ηπλησίον
203 663 250 720 τοῦ
277 660 405 738 μετοχίσυ
433 662 515 738 αὐτῆς
541 665 588 722 τοῦ
612 663 728 741 Πύργου,
752 662 769 736 ἠ
792 661 934 738 λεγομένη
957 667 1003 722 τοῦ
1019 663 1142 740 Πετάκη,
1170 663 1240 738 μετὰ
1266 669 1320 723 τῶν
1370 727 1372 731 ,

44 781 143 842 ἐποίκων
166 783 375 863 Μαλαχιωτῶν,
403 782 450 844 καί
473 783 614 862 ἐρευνῆσαι
641 783 674 842 τδι
697 781 758 862 περὶ
785 784 883 860 ταύτης
913 782 970 864 καί,
1000 783 1076 864 εἴπερ
1108 785 1221 864 εύρομεν
1252 781 1320 845 εἶναι
1346 843 1351 846 .

43 905 150 984 διαρέρον
181 905 265 986 ταύτῃ
292 907 348 978 τοῖς
371 905 573 981 Μαλαχιῶταις
597 904 716 976 ἐποίκοις
744 902 788 964 ἐπὶ
810 904 912 983 γονικῷ
935 905 1032 985 δικαίῳ
1058 905 1105 966 καὶ
1131 908 1207 966 τέλει
1230 907 1320 982 δημο-

42 1027 122 1104 αανιῴ,
148 1025 284 1100 δῶσωμεν
305 1028 354 1102 τὴν
376 1025 437 1106 περὶ
460 1027 551 1088 τούτου
579 1025 681 1101 εἴδησιν
705 1025 740 1086 δι’
762 1027 897 1106 ἡμετέρου
925 1031 1117 1104 σημετῶματσς
1139 1027 1177 1108 τῷ
1200 1029 1321 1108 κραταιῷ

41 1147 76 1206 καὶ
97 1149 163 1228 ιἰγίῳ
187 1150 266 1224 ημῶν
290 1150 403 1230 αθθέντη
425 1147 472 1208 καί
495 1148 613 1221 βασιλεῖ.
637 1146 661 1208 εί
683 1149 707 1208 δ’
722 1147 788 1220 ίσως
812 1147 842 1208 δὲ
866 1149 1017 1230 ἐπιμέρτως
1039 1148 1086 1210 καὶ
1108 1157 1321 1230 προνοιαστικῶς

40 1275 153 1349 κατεῖχον
183 1271 264 1346 αῦτὴν
291 1269 338 1330 καί
366 1271 471 1332 ἐδίδουν
498 1271 547 1344 τἠν
574 1271 672 1348 ταύτης
700 1271 801 1352 μορτην
832 1271 898 1332 ποτὲ
929 1271 979 1346 μὲν
1005 1274 1063 1344 τοῖς
1092 1271 1164 1332 κατὰ
1194 1274 1322 1352 πρόνοιαν

42 1394 117 1470 ἔχοντι
143 1395 175 1453 τδ
203 1393 284 1474 ῥηθὲν
309 1394 411 1474 χωρίον
435 1391 595 1474 Μαλαχίου,
626 1391 692 1452 ποτὲ
723 1392 754 1451 δὲ
784 1393 840 1465 τοῖς
868 1393 1006 1472 ἐνεργοῦσι
1033 1393 1071 1474 τῷ
1099 1396 1177 1476 μέρει
1199 1398 1246 1454 τοῦ
1269 1393 1321 1470 δη-

40 1516 128 1588 μοσίου,
161 1515 384 1591 ἀποκαταστῆσαι
415 1513 462 1574 καὶ
491 1513 575 1574 πάλιν
606 1514 681 1592 ἔχειν
713 1515 795 1588 αὐτὴν
821 1515 839 1589 ἡ
871 1511 1000 1596 εἰρημένη
1032 1517 1102 1590 μονὴ
1132 1522 1182 1592 τῆς
1210 1517 1322 1591 Ιίοίτμου

39 1637 97 1695 κατὰ
119 1639 168 1712 τἠν
191 1638 338 1718 περιληψιν
364 1641 410 1698 τοῦ
432 1637 640 1717 χρυσοβούλλου
662 1636 748 1716 λόγου
769 1641 816 1696 τοῦ
839 1641 968 1717 κραταιοῦ
994 1637 1040 1698 καὶ
1068 1637 1146 1716 ἁγίου
1168 1639 1248 1714 ἡμῶν
1271 1639 1321 1698 αθ-

39 1759 116 1818 θένττυ
138 1752 186 1820 καίΙ
209 1759 358 1834 βασιλέως.
389 1757 436 1820 καὶ
462 1762 681 1842 παραγενόμενοι
709 1759 738 1818 ἐν
764 1759 803 1838 τῷ
830 1759 952 1840 μετοχίῳ
978 1765 1028 1836 τῆς
1055 1760 1168 1834 Ποίτμου
1194 1759 1233 1838 τῷ
1260 1759 1321 1820 ἐπι-

39 1879 172 1959 λεγομένῳ
196 1881 305 1962 Πύργος
331 1881 378 1942 καὶ
405 1883 453 1957 τἠν
481 1879 586 1956 σύνοιξιν
611 1881 700 1942 ἐκεῖσε
722 1883 883 1956 ποιήσαντες
906 1881 1050 1958 μετὰτῶν
1075 1879 1191 1942 ἐποίκων
1214 1879 1321 1942 Μαλα-

39 2009 132 2078 χυωτῶν
153 2001 202 2062 καὶ
224 2007 271 2063 τοῦ
294 2003 501 2084 ἐπικρατοῦντος
531 2003 625 2076 αύτούς
655 2007 735 2082 κυροῦ
758 2003 880 2081 Μιχαὴλ
909 2007 954 2062 τοῦ
984 2003 1243 2084 ...τατζηγγούρη
1275 2000 1323 2064 καί

40 2129 82 2182 τῶν
104 2122 343 2201 δηλωθησομένων
368 2124 395 2183 ἐν
418 2123 457 2204 τῷ
480 2128 653 2202 σημειῶματι
674 2125 736 2185 κατ’
760 2123 847 2201 ὄνομα
870 2125 1009 2205 ἁρχδντων
1035 2123 1082 2186 καὶ
1105 2123 1222 2186 ἐποίκων
1245 2124 1322 2202 πλη-

41 2253 192 2328 αιοχωρττῶν
226 2245 274 2306 καὶ
304 2247 530 2326 ἀνερευνήσαντες
561 2247 682 2326 ἀκριβῶς
715 2247 748 2306 τδι
777 2245 840 2326 περὶ
869 2248 962 2308 τούτου
993 2245 1192 2326 ἠναγκάσαμεν
1218 2266 1322 2327 προκο-

39 2367 100 2438 μίοαι
121 2370 187 2444 ἡμῖν
211 2369 351 2444 δικαίωμα
372 2371 480 2448 γονικδν
502 2373 521 2444 ἢ
544 2369 738 2452 αἰναγραρικόν,
761 2368 808 2430 καὶ
832 2370 882 2430 οῦκ
904 2369 1073 2446 ἐδυνηθησαν
1097 2365 1241 2442 ἀποδεῖξαι
1258 2371 1330 2458 ἡμῖν

38 2489 88 2570 περὶ
108 2492 206 2568 ταύτης
228 2498 278 2568 τῆς
300 2497 353 2569 γης
375 2493 404 2550 τδ
420 2490 533 2569 οἱονοῦν,
554 2490 632 2570 ἀλλ’,
656 2492 695 2564 ῶς
718 2491 802 2570 ἐροίνη
825 2493 855 2550 τδ
878 2489 992 2570 ἀληθές,
1017 2491 1169 2570 ἐπιμύρτως
1191 2488 1238 2552 καὶ
1252 2511 1323 2571 προ·

38 2619 183 2686 νοιαατικῶς
210 2615 340 2692 κατεῖχον
368 2614 450 2690 αὐτήν
478 2613 653 2686 ἀποδιδόντες
681 2615 728 2689 την
756 2613 858 2694 μορτην
885 2618 935 2689 τῆς
961 2612 1085 2688 τοιαύτης
1108 2619 1161 2692 γης
1183 2611 1222 2691 τῷ
1245 2613 1324 2694 μέρει

39 2739 75 2792 τοῦ
99 2734 231 2812 δημοσίου
257 2741 311 2796 τῶν
334 2735 404 2794 κατδι
427 2735 475 2810 τὴν
497 2737 603 2815 ἡμέραν
627 2735 818 2814 ἐνεργούντων.
846 2733 894 2794 καὶ
916 2737 957 2807 ῶς
977 2738 1054 2796 τοῦτο
1078 2733 1198 2814 ἀκριβῶς
1220 2733 1322 2815 γνωρί-

40 2876 123 2929 σαντες
158 2855 205 2917 καί
239 2857 315 2938 παρὰ
344 2859 452 2916 παίντων
484 2863 538 2918 τῶν
564 2857 766 2939 πλησιοχώρων
798 2857 999 2936 ἀναμαθέντες,
1030 2857 1070 2928 ῶς
1098 2854 1145 2916 καὶ
1174 2855 1249 2936 παρέι
1278 2859 1324 2916 τοῦ

39 2979 90 3056 παρ’
112 2980 190 3054 ἡμῶν
213 2981 412 3058 προϊσταμένου
438 2977 495 3058 καί,
518 2981 564 3040 ὅτε
588 2977 618 3052 ἐξ
641 2979 753 3060 ὁρισμοῦ
775 2983 821 3040 τοῦ
843 2983 973 3060 κραταιοῦ
999 2977 1046 3038 καὶ
1070 2977 1147 3058 ἁγίου
1169 2979 1249 3056 ἡμῶν
1272 2980 1323 3038 αθ-

39 3099 118 3158 θέντον
140 3097 187 3160 καί
209 3100 349 3178 βασιλέως
371 3099 554 3182 κατεκράτουν
580 3106 633 3161 τῶν
657 3100 728 3162 κατὰ
751 3100 910 3182 Μαίανδρον
936 3099 1139 3180 ζευγηλατείων
1163 3098 1322 3176 βασιλικῶν,

40 3219 161 3300 ἐνεργηθη
187 3221 235 3282 καὶ
263 3221 417 3304 ἑμορταίοθη
440 3225 459 3302 ἠ
486 3223 617 3303 εἰρημένη
645 3229 682 3300 γῆ
710 3227 755 3283 τοῦ
779 3223 902 3300 Πετοίιιη.
933 3221 980 3282 καὶ
1008 3221 1263 3303 πληρορορηθέντες
1290 3222 1324 3282 τέ

39 3341 91 3422 περὶ
115 3345 206 3404 τούτου
234 3345 492 3420 ἀπεκατεατηοαμεν
519 3342 566 3405 καί
592 3341 675 3405 πάλιν
704 3345 779 3424 έχειν
802 3346 850 3420 τὴν
874 3345 1045 3422 δηλωθεϊοαν
1068 3349 1121 3422 γῆν
1142 3347 1187 3404 τοῦ
1211 3344 1322 3420 Πετιίιιη

40 3465 53 3536 η
73 3468 252 3546 προειρημένη
276 3467 345 3542 μονέη
368 3474 418 3544 τῆς
443 3468 555 3542 Ποίτμου
578 3467 650 3528 κατὰ
675 3469 705 3526 τδ
732 3468 872 3548 πρότερον,
900 3469 938 3536 ῶς
962 3466 1118 3543 δεδήλωται
1140 3467 1168 3526 ἐν
1190 3465 1229 3546 τῷ
1251 3487 1322 3548 χρυ-

41 3585 172 3668 τοδούλλιρ
201 3590 281 3668 λύγῳ
308 3591 354 3648 τοῦ
381 3593 509 3669 κραταιοῦ
536 3587 583 3648 καὶ
611 3586 688 3668 ἁγίου
710 3589 789 3664 ἡμῶν
817 3589 944 3648 αθθέντου
971 3587 1018 3648 καὶ
1041 3587 1191 3670 βασιλέως,
1214 3586 1261 3648 καὶ
1285 3598 1322 3664 μη

42 3708 105 3784 ἔχειν
132 3710 182 3770 ἀπδ
209 3711 289 3770 τοῦδε
318 3710 360 3770 ἐπ’
384 3710 479 3782 ἀδείας
507 3710 659 3788 ἐνοχλῆσαί
680 3731 721 3782 τις
742 3714 760 3784 ἢ
784 3709 927 3786 ἐμποδίσαι
954 3715 987 3792 τῇ
1016 3707 1146 3792 εἰρημένῃ
1170 3716 1239 3793 μονῇ
1262 3709 1323 3791 περὶ

40 3833 126 3906 ταύτης
147 3840 194 3910 τῆς
217 3840 281 3912 γῆς,
305 3835 343 3904 ῶς
365 3835 479 3912 ψυχικδν
503 3832 582 3894 δοθὲν
604 3835 687 3916 ταύτῃ
714 3840 747 3914 τῇ
771 3838 840 3915 μονῇ
863 3831 937 3913 παρὰ
958 3835 1005 3892 τοῦ
1026 3836 1155 3912 κραταιοῦ
1176 3829 1223 3892 καὶ
1246 3831 1323 3910 ἁγίου

41 3951 109 4026 ἡμῶν
132 3956 256 4015 αἰθέντου
283 3953 329 4014 καὶ
357 3953 504 4030 βασιλέως·
529 3954 573 4014 διὰ
596 3955 649 4034 γὰρ
672 3958 747 4015 τοῦτο
772 3955 895 4034 ἐγεγόνει
918 3951 966 4014 καὶ
988 3954 1052 4033 παρ’
1075 3955 1155 4028 ἡμῶν
1177 3953 1239 4013 καθ’
1262 3953 1322 4034 δρι-

42 4075 100 4146 τμδν
122 4077 273 4136 αθθεντικδν
296 4075 438 4150 βασιλικδν
458 4077 476 4151 ἡ
496 4081 618 4158 παροῦσα
640 4075 807 4156 παραδοτικη
831 4077 921 4155 γραφὴ
943 4074 990 4134 καί
1014 4073 1130 4150 ἐπεδόθη
1153 4079 1187 4156 τῇ
1209 4075 1321 4134 πολλοί·

41 4215 77 4266 τις
97 4195 271 4282 διαληρθείοῃ
299 4205 369 4280 μονῇ
391 4203 441 4275 τῆς
464 4199 576 4275 [ίοίτμου
599 4203 645 4258 τοῦ
667 4200 806 4278 προσεῖναι
831 4199 897 4279 αὐτῇ
922 4196 960 4267 εἰς
985 4194 1096 4269 ἔνδειξιν
1119 4202 1168 4272 τῆς
1190 4197 1323 4274 ἀληθείας

42 4317 81 4376 καί
102 4319 248 4399 ἀσραλειαν
272 4317 350 4396 μηνί
373 4318 499 4400 ίουλίῳ,
524 4318 732 4392 ἰνδικτιῶνος
756 4318 788 4379 ε’.
813 4321 833 4398 †

134 4443 213 4521 †‘0
249 4441 370 4513 δοῦλος
407 4446 466 4502 τοῦ
503 4447 660 4522 κραταιοῦ
701 4439 762 4501 καί
801 4437 896 4517 ἁγίου
934 4441 1031 4516 ἡμῶν
1069 4440 1225 4500 αθθέντου
1261 4437 1323 4500 καὶ

43 4559 201 4637 βασιλέως
237 4563 294 4626 καὶ
331 4563 406 4638 δοθξ
442 4570 500 4640 τῆς
536 4567 648 4644 χώρας
687 4561 936 4644 Μελανουδίου,
969 4561 1132 4637 Ἰωάννης
1166 4563 1180 4620 ὁ
1214 4561 1321 4622 Σελα-

43 4682 136 4762 γίτης,
157 4689 176 4766 †

1066 4787 1114 4836 14*
