3186 5286
242 334 306 398 408

243 537 341 590 nostro
365 530 540 588 monasterio
563 530 808 605 religiosissimis,
832 549 906 607 quae
925 550 972 588 res
991 531 1028 587 ad
1044 535 1193 588 extremas
1207 548 1300 605 usque
1320 529 1469 604 angustias
1483 530 1530 586 ad-

243 635 330 694 duxit
352 655 404 693 nos
426 636 557 712 adeoque
580 633 675 705 torsit,
699 639 733 692 ut
755 634 833 692 nihil
854 653 924 692 sane
946 633 1069 710 proponi
1092 632 1229 708 deinoeps
1251 632 1352 708 possit,
1376 632 1531 711 quodiam

243 741 418 799 meditatum
441 743 641 797 attentatum
664 738 794 798 nonsit.
819 740 925 816 Itaque
948 738 1085 796 exhausti
1108 737 1169 794 iam
1191 741 1235 794 tot
1257 736 1380 808 nasibus,
1404 737 1531 794 omnium

244 845 330 920 egeni
353 849 440 920 atque
463 843 555 902 etiam
578 843 696 920 spoliati
716 844 753 902 iis
774 843 846 920 ipsis
866 845 963 914 rebus,
987 863 1059 920 quas
1079 841 1268 900 donariorum
1288 841 1407 906 nomine
1421 861 1439 898 a
1454 841 1531 918 prin-

243 949 357 1026 cipibus
379 949 554 1025 regibusque
576 947 698 1006 summis
721 968 834 1006 summa
856 947 1054 1006 solllcitudine
1077 946 1304 1024 reverentiaque
1330 951 1361 1004 et
1390 945 1442 1004 diu
1471 965 1532 1021 pos·

244 1073 321 1111 sessa
343 1053 419 1129 apud
443 1073 494 1110 nos
515 1057 608 1122 erant,
633 1071 691 1130 quo
713 1071 882 1130 pararemus
905 1051 988 1110 nobis
1010 1051 1110 1130 aliqua
1131 1071 1171 1110 ox
1188 1057 1272 1128 parte
1293 1050 1459 1108 remedium
1482 1049 1532 1106 ali-

244 1160 337 1236 quod,
368 1158 573 1217 constituimus
599 1157 636 1216 ed
667 1176 719 1217 vos
749 1157 896 1234 piissimos
922 1163 953 1216 et
975 1156 1178 1216 misericordes
1201 1155 1384 1214 Christianos
1404 1155 1483 1212 huno
1506 1159 1533 1212 et

244 1264 370 1320 alterum
392 1282 431 1320 ex
453 1261 594 1320 fratribus
617 1261 724 1320 uostris
744 1260 917 1320 reverendis
932 1261 1062 1332 mittere,
1086 1278 1191 1338 nempe
1206 1259 1407 1320 venerabilem
1422 1265 1533 1335 patrem

246 1368 441 1426 Athanasium
464 1372 494 1425 et
516 1386 583 1425 oum
605 1387 640 1426 eo
664 1368 863 1426 deuorandum
885 1367 1008 1424 fratrom
1030 1366 1215 1424 Hieremiam
1240 1409 1247 1424 .
1272 1411 1279 1423 .
1304 1409 1310 1423 .
1337 1411 1343 1424 .

348 1468 408 1518 Suis
430 1484 467 1518 uu
489 1467 554 1534 long
579 1467 657 1535 appol
680 1466 697 1518 d
719 1467 747 1518 la
769 1465 871 1518 charite
894 1473 922 1518 et
944 1465 961 1516 a
983 1466 1010 1516 la
1032 1463 1103 1532 pieta
1126 1466 1172 1518 des
1190 1468 1296 1532 princes
1313 1462 1455 1526 ohrdtieus,
1478 1465 1534 1528 puis

245 1555 272 1606 la
290 1556 428 1622 signatura
452 1555 485 1605 de
509 1554 641 1622 plusieurs
666 1551 783 1620 aveques
805 1555 838 1605 de
861 1553 982 1614 l’Orient,
1006 1554 1090 1620 parmi
1114 1553 1152 1604 les
1175 1553 1252 1618 quels
1274 1552 1313 1602 les
1335 1549 1533 1618 mdtropoltains

245 1642 279 1691 do
297 1643 411 1704 Rhodes,
435 1641 468 1692 do
491 1641 565 1704 Ossa,
584 1641 617 1691 de
640 1641 728 1692 Lerna
750 1642 864 1708 (Leros),
887 1641 920 1691 de
941 1639 1074 1690 Santorin.
1098 1641 1137 1690 Lo
1160 1640 1312 1690 traduction
1335 1645 1376 1689 ost
1393 1639 1534 1689 d'Antonio

245 1729 365 1780 Navarro
393 1729 426 1780 de
448 1728 476 1780 lo
497 1729 626 1795 Rategui,
650 1727 792 1780 seordteire
820 1729 855 1778 dn
879 1730 918 1778 roi
942 1727 1102 1796 d'Espsgna.
1130 1726 1245 1790 Toledo,
1273 1727 1315 1776 29.
1339 1724 1437 1792 Lnglio
1462 1725 1533 1774 1608.

246 1816 277 1866 0.
296 1817 392 1881 Rayat,
410 1833 435 1882 p.
455 1818 601 1866 ull-242.

441 2057 568 2121 XXIII.
593 2055 817 2140 7017-1609,
842 2057 870 2121 9.
894 2059 1014 2122 mensis
1036 2057 1144 2144 aprilis
1168 2054 1241 2142 [ind.
1259 2056 1344 2140 V11].

247 2198 387 2264 Philippus
399 2199 458 2260 111,
476 2213 522 2248 rex
534 2198 690 2264 Hispaniae,
709 2198 832 2248 oonoadit
850 2198 924 2248 fratri
936 2197 1092 2260 AthanasIo,
1111 2197 1241 2252 monacho
1259 2197 1383 2248 coenobii
1401 2197 1428 2248 S.
1441 2197 1533 2248 lohan-

247 2285 297 2346 nis,
319 2290 350 2334 ut
368 2299 415 2350 per
433 2299 533 2334 annum
553 2285 581 2333 in
600 2289 655 2334 toto
674 2299 757 2350 ragno
776 2285 948 2349 neapolitano
972 2283 1083 2350 colligat
1105 2283 1289 2348 eleemosynas
1311 2299 1358 2350 pro
1377 2286 1534 2336 monastario

662 2386 679 2420 a
697 2370 791 2422 'furnis
809 2377 906 2422 vexato
926 2376 953 2421 et
971 2371 1119 2436 profligato.

348 2515 415 2571 Don
440 2513 587 2590 Philippo,
620 2533 673 2590 por
699 2516 727 2572 la
753 2515 852 2589 grania
874 2515 911 2574 de
934 2515 1007 2573 Dios
1029 2535 1083 2594 roy
1107 2516 1144 2574 de
1166 2515 1287 2574 Castilla
1309 2521 1365 2574 eto.
1390 2525 1446 2578 oto.
1481 2518 1536 2574 Por

245 2621 352 2694 quanto
380 2618 560 2677 heviendose
583 2639 630 2677 me
653 2620 748 2678 heoho
770 2619 898 2678 relaoion
927 2639 980 2696 por
1002 2625 1085 2697 parte
1108 2621 1145 2679 de
1172 2621 1209 2680 ir.
1236 2621 1413 2691 Athanasio,
1442 2623 1535 2695 monje

245 2722 397 2780 sacerdote
420 2723 456 2780 de
478 2724 507 2780 la
529 2724 619 2782 orden
642 2725 679 2782 de
702 2725 742 2782 Sf.
760 2723 869 2782 Basilio
893 2725 1009 2800 Magno,
1033 2725 1211 2800 proourador
1233 2727 1351 2800 general
1374 2726 1424 2782 del
1446 2725 1535 2800 impe-

245 2825 300 2884 rial
323 2827 499 2885 monasterio
523 2849 542 2904 y
565 2833 664 2888 sanata
696 2848 774 2886 nassa
797 2829 845 2886 del
867 2828 993 2903 glorioso
1014 2830 1128 2906 apostol
1153 2830 1226 2888 Sent
1248 2831 1325 2888 Juan
1348 2829 1537 2904 Evangelisla

246 2933 282 2990 de
304 2933 333 2990 la
355 2932 409 2990 isla
432 2933 468 2989 de
491 2933 638 3003 Pathmos,
669 2934 697 2990 la
720 2933 894 3004 neeessitad,
926 2955 961 2992 en
993 2953 1050 3012 qne
1078 2953 1109 2991 se
1131 2935 1211 2992 halla
1233 2935 1261 2992 el
1284 2935 1372 2994 dioho
1395 2939 1536 2993 monaste-

245 3037 300 3108 rio,
329 3039 414 3115 ylos
437 3037 562 3112 grandes
584 3039 710 3112 trabajos
733 3058 754 3116 y
775 3037 961 3110 vexacionos,
993 3059 1051 3116 quo
1074 3039 1218 3116 padesoen
1241 3040 1283 3098 los
1312 3039 1465 3114 religiosos
1491 3040 1538 3096 del

246 3161 299 3218 por
313 3143 356 3198 los
372 3141 481 3200 Turoos
500 3161 617 3201 aoausa
640 3143 677 3200 de
699 3143 728 3200 la
747 3142 843 3200 bueua
862 3143 992 3218 aeogida,
1016 3163 1072 3220 qne
1094 3144 1189 3201 hazan
1204 3163 1222 3202 a
1237 3149 1369 3202 nuestras
1392 3146 1536 3221 galera-sy

245 3247 374 3316 vaxelos,
406 3267 464 3324 que
494 3252 616 3323 aportau
643 3267 661 3304 a
682 3248 800 3324 aquales
822 3251 934 3323 partes,
965 3269 985 3326 y
1008 3267 1066 3326 que
1088 3247 1296 3306 ultimamento
1319 3250 1361 3306 les
1385 3249 1536 3326 destroye-

246 3353 344 3408 rouel
365 3351 452 3410 dioho
476 3351 661 3422 monasterio,
686 3373 706 3430 y
729 3351 906 3428 prendieron
929 3373 947 3410 a
969 3352 1036 3409 diez
1058 3352 1211 3428 religiosos
1233 3355 1276 3410 los
1298 3373 1360 3411 mas
1384 3374 1496 3429 graves,
1518 3373 1536 3430 y

246 3473 405 3531 saquearon
422 3456 463 3512 los
479 3459 666 3512 ornamentos
681 3457 719 3514 de
735 3475 785 3513 oro
800 3477 820 3534 y
836 3458 915 3532 plata
930 3457 978 3514 del
994 3458 1072 3514 oulto
1092 3457 1205 3528 divino,
1229 3459 1268 3515 ha
1285 3459 1388 3516 teuido
1402 3477 1456 3535 por
1470 3459 1536 3516 bion

246 3559 283 3616 do
312 3559 484 3616 ooneoderle
511 3559 637 3617 lieeneia
663 3579 733 3636 para
760 3561 845 3638 pedir
866 3561 990 3620 limosna
1013 3581 1050 3620 en
1073 3562 1114 3618 mi
1137 3582 1229 3640 rayno
1251 3564 1289 3621 do
1310 3563 1448 3639 Napoles.
1483 3565 1537 3619 Por

246 3664 322 3722 ende
344 3683 398 3739 por
418 3669 503 3722 tenor
525 3665 562 3722 de
584 3665 626 3722 las
649 3672 799 3742 presentes
822 3667 859 3724 do
881 3667 922 3725 mi
948 3667 1042 3725 oierta
1070 3665 1198 3724 seionoia
1227 3667 1497 3726 deliber-adamante
1519 3686 1537 3742 y

246 3787 299 3844 por
313 3767 355 3825 mi
374 3768 436 3826 roal
456 3767 627 3826 auotoridad
648 3769 706 3848 doy
726 3791 746 3847 y
765 3771 891 3829 oonoedo
912 3769 1038 3829 lieenoia
1057 3792 1077 3848 y
1095 3771 1226 3829 fsoultad
1242 3772 1269 3828 al
1285 3771 1373 3828 dieho
1388 3772 1426 3831 fr.
1445 3772 1537 3828 stho-

246 3872 328 3930 nasio
357 3893 428 3948 para
450 3893 507 3950 que
537 3892 591 3950 por
612 3873 724 3950 tiempo
748 3875 784 3932 do
806 3893 847 3932 un
870 3895 955 3946 anno,
985 3896 1042 3953 que
1065 3895 1096 3934 se
1119 3881 1225 3934 ouante
1247 3875 1338 3934 dasde
1360 3877 1389 3934 ol
1411 3877 1460 3934 dia
1483 3895 1537 3952 qne

246 3996 416 4052 eomenoare
439 3997 456 4035 n
478 3997 546 4035 usar
569 3979 647 4036 della
669 3999 706 4036 en
729 3979 874 4048 adolente,
907 3981 945 4038 de
967 4001 1023 4056 qne
1045 4001 1077 4038 so
1099 3981 1137 4039 de
1166 3987 1283 4038 oonstar
1313 4000 1366 4057 por
1395 3981 1536 4039 oartifioa-

246 4083 313 4140 eion
341 4082 508 4140 anetentioa
530 4103 550 4159 y
573 4101 684 4158 oonquo
712 4102 849 4140 oomanee
875 4104 893 4140 a
915 4103 982 4141 usar
1004 4085 1040 4142 de
1066 4086 1095 4142 la
1118 4085 1205 4143 dioha
1227 4085 1353 4144 lieenoia
1375 4087 1479 4145 dentre
1502 4085 1536 4141 do

246 4205 286 4244 un
300 4195 356 4244 aiio
372 4187 409 4244 de
424 4188 453 4244 ln
475 4188 544 4244 data
567 4187 604 4243 de
626 4187 668 4243 las
690 4192 848 4262 presentes,
872 4189 969 4264 pueda
990 4187 1075 4264 podir
1096 4189 1222 4246 limosus
1244 4189 1374 4248 ostiatim
1398 4209 1451 4266 por
1468 4190 1536 4248 todo

247 4293 274 4348 el
297 4291 385 4348 dioho
408 4290 448 4348 mi
472 4310 563 4369 rayno
587 4292 624 4349 do
647 4292 784 4368 Napoles,
808 4311 862 4368 por
883 4293 912 4350 lo
935 4294 1002 4370 qual
1019 4313 1143 4368 enoargo
1163 4296 1304 4371 ymando
1319 4296 1347 4353 al
1364 4295 1431 4352 ill¹¹¹⁰
1446 4295 1536 4352 eonde

247 4397 284 4453 de
310 4396 491 4466 Benevento,
523 4395 564 4453 mi
594 4395 689 4473 primo
719 4397 847 4474 visorey,
878 4397 1096 4472 lugarteniente
1126 4420 1146 4476 y
1176 4398 1293 4475 oapitau
1320 4401 1447 4474 general,
1477 4418 1536 4476 ys

248 4501 331 4556 todos
359 4520 380 4577 y
409 4500 593 4577 qualesquier
622 4501 782 4573 ministros,
814 4499 955 4560 offioiules
986 4523 1006 4580 y
1036 4501 1168 4560 subditos
1200 4509 1334 4560 nuestros
1368 4504 1416 4561 del
1450 4504 1536 4560 dioho

247 4623 339 4680 royno
362 4625 381 4681 y
404 4624 494 4678 ruego
524 4627 542 4682 y
570 4625 694 4678 oneargo
729 4625 746 4661 a
775 4607 817 4664 los
844 4626 914 4683 rnuy
938 4607 1125 4678 reverendos,
1154 4609 1333 4666 reverendos
1361 4629 1398 4666 en
1421 4608 1535 4666 Christo

248 4708 351 4781 padres
374 4707 538 4783 areobispos
560 4729 580 4785 y
603 4707 729 4784 obispos,
755 4710 927 4768 venerables
950 4712 1081 4782 devotos,
1109 4711 1262 4788 religiosos
1284 4733 1304 4790 y
1327 4711 1536 4771 aeolesiastioas
