3184 5288
236 317 298 383 166

237 512 383 591 Θεολδγου
409 511 456 572 καὶ
482 515 563 593 χεῖρα
587 508 728 600 [βοηθείας
749 515 807 586 τοῖς
831 509 1052 598 ἑνα]ανιουμε’νοις
1075 513 1142 596 αθτῄ
1165 512 1307 592 ὀρέγουσα,
1331 513 1374 571 ἵνα
1395 511 1443 572 καὶ
1466 514 1531 588 αῦτη

234 635 284 708 τὰς
307 631 339 707 ἐξ
362 636 449 694 αὺτῶν
478 633 641 716 ἐμπράκτως
663 633 854 718 ἀναλαμβάνῃ
882 637 977 716 εθχάς,
1004 633 1157 712 ηῖιδθιιησεν
1184 635 1258 713 ἔχειν
1287 635 1381 708 αἰτοῖις
1404 631 1530 721 [ἐξναυτ-

235 754 322 838 σείαν]
344 757 473 818 παντοίαν
503 756 544 830 ιίς
570 756 603 817 τά
632 757 661 817 ἐν
687 760 743 828 τοῖς
770 759 879 838 με’ρεοιν
906 764 956 834 τῆς
985 756 1139 834 Ἀνατολῆς
1166 757 1329 839 καταίροντα
1355 758 1456 818 τούτων
1484 757 1530 818 δθο

234 877 378 941 πλαιίδια.
401 879 463 940 ὅθεν
477 877 524 940 ιιαί
547 877 700 959 διορίζεται,
723 878 882 956 πάσηςνιαὶ
904 879 1034 952 παντοίας
1059 877 1232 953 ἐξνουσσείας
1253 879 1438 940 ἐπαπσλσάειν
1454 882 1530 960 αὐτά,

235 1002 329 1074 θσάαις
356 1001 389 1062 ἃν
418 969 552 1082 ἔρχωνται
578 1001 625 1062 καί
653 1000 846 1078 ἑλλιμενΐζωσι
875 1005 931 1076 ταῖς
959 1003 988 1062 ἐν
1014 1007 1048 1082 τῇ
1071 1002 1211 1084 Ἀνατολῇ
1237 1002 1384 1083 παραλίοις
1411 1003 1529 1084 μέρεσιν,

234 1123 289 1184 εἴτε
317 1123 346 1184 ἐν
374 1123 446 1204 αυτῷ
471 1123 511 1204 τῷ
539 1124 660 1204 ἐμπορίῳ
687 1129 737 1202 τῆς
765 1119 902 1210 [ἈναιἹας
928 1123 975 1185 τεαὶ
1005 1129 1058 1184 τῶν
1081 1125 1231 1204 Φυγίλων,
1254 1123 1310 1184 είτε
1331 1125 1389 1196 τοῖς
1410 1125 1531 1185 Λινοπε-

234 1249 335 1328 ράμασι
361 1243 409 1306 καὶ
434 1252 468 1328 τῇ
491 1247 611 1329 Σμύρνῃ,
642 1245 696 1307 εἴτε
723 1246 771 1307 καί
794 1247 902 1320 ἐντοῖς
925 1245 1075 1322 Παλατίοις
1096 1245 1203 1329 καὶτῷ
1227 1245 1305 1328 Ἱερῷ
1327 1245 1375 1307 ιιαὶ
1398 1246 1469 1328 αὐτῷ
1491 1245 1530 1324 τῷ

233 1367 417 1449 Μελανουδίῳ
446 1367 493 1428 καί
523 1371 582 1440 ταῖς
613 1364 747 1454 [λαι]ταῖς
773 1371 874 1442 πάσαις
902 1373 962 1442 ταῖς
991 1374 1097 1451 χώραις
1125 1375 1175 1446 τῆς
1205 1369 1349 1446 βασιλείας
1378 1389 1445 1448 μου,
1479 1374 1531 1428 κάν

233 1491 324 1551 ὁποῖον
357 1491 410 1571 άρα
439 1488 485 1550 ναί
514 1490 691 1572 ἐπιρίρωνται
718 1492 813 1570 ρθρτον
835 1489 883 1552 καί
904 1492 1045 1567 ἡντιναοῦν
1071 1491 1261 1572 πραγματείαν
1288 1492 1532 1572 μεταχειρίζονται

232 1610 279 1673 καί
312 1612 351 1689 μὴ
375 1657 607 1675 ........
632 1613 660 1672 ἐν
686 1610 725 1691 τιῙι
748 1615 846 1690 θέματι
872 1619 926 1673 τῶν
949 1611 1113 1696 Θρραηαίων
1140 1611 1188 1674 ιιαί
1209 1612 1248 1694 τῷ
1273 1614 1370 1689 θέματι
1394 1613 1531 1690 Μυλάσης

231 1733 278 1796 νιαὶ
305 1733 512 1816 Μελανσυδίου,
546 1737 616 1810 μήτε
647 1733 701 1810 μὴν
730 1736 804 1815 παρὰ
833 1741 887 1796 τῶν
918 1735 1038 1814 ἑχόντων
1067 1735 1195 1817 προνοίας
1230 1735 1258 1795 ἐν
1290 1739 1348 1808 τοῖς
1379 1731 1530 1820 [τοιοίτοις]

232 1858 327 1937 μέρεσι
355 1855 402 1916 καὶ
430 1857 530 1937 ἐτέρων
559 1855 750 1932 ἐμποδίζεσθαι
777 1857 853 1930 ὅλως
878 1857 925 1918 καί
953 1857 1121 1920 ἀπαιτεῖσθαι
1147 1859 1178 1918 τδ
1200 1861 1281 1936 τυχὸν
1303 1860 1384 1938 χάριν
1408 1859 1530 1918 σιιαλια-

231 1982 316 2058 τινιοῡ,
344 1977 524 2060 ιιομμεριιίαυ,
553 1983 760 2060 ιιαταρτιατυιοῦ
787 1979 797 2062 [
822 2027 1121 2042 ..........
1151 1977 1346 2066 ἐα]βλητιιιίου,
1377 1979 1530 2060 ἑαβλητρι-

230 2096 304 2182 τιίου,
331 2099 487 2183 πρατιιιίου,
519 2101 705 2182 μετρητυιίου,
735 2102 887 2182 ιιανισιίου,
917 2103 1139 2183 ἐκπροσωπινιίυυ,
1167 2102 1335 2180 διαβατιιιίου
1360 2101 1407 2162 καί
1436 2103 1530 2184 ἑτέρου

231 2225 387 2298 ζητήματος
418 2215 466 2284 νταί
495 2221 646 2302 κεφαλαίου
677 2223 877 2300 δτοιουδήτινος
909 2271 1208 2288 ..........
1240 2233 1293 2285 τῶν
1322 2225 1448 2285 τοιούτων
1478 2233 1531 2300 τῆς

231 2351 318 2421 μονῆς
344 2343 391 2406 δὺο
418 2343 573 2404 τλατυδίων
599 2341 646 2404 ιιαὶ
669 2343 806 2426 διατηρεῖν
827 2349 912 2406 ταῦτα
934 2347 1056 2408 καθόλου
1080 2342 1269 2428 ἀνεπηρέαστα
1290 2345 1337 2406 ιιαί
1358 2348 1448 2422 πάσης
1470 2343 1530 2432 [καὶ

231 2465 361 2539 παντοίας
390 2463 562 2539 ἐξιτονοσείας
594 2463 789 2554 ἐπαπσλαίιειν]
820 2475 853 2552 τῇ
882 2469 1014 2552 ἑμρανείᾳ
1040 2475 1090 2545 τῆς
1115 2470 1253 2550 παρούσης
1278 2465 1452 2550 προστάξεως
1477 2475 1530 2544 τῆς

232 2587 374 2668 βασιλείας
403 2607 465 2668 μου,
487 2589 547 2666 ἥτις
568 2587 616 2649 νιαὶ
637 2590 782 2672 προσέσται
804 2589 843 2672 τῷ
866 2575 944 2672 μέρει
967 2597 1017 2668 τῆς
1039 2591 1165 2666 τοιαύτης
1195 2597 1280 2668 μονῆς
1304 2589 1343 2662 είς
1366 2591 1528 2671 ἀσφάλειαν.

232 2707 309 2786 μηνὶ
332 2707 540 2792 ρεβρουαρίῳ
565 2707 775 2786 ἰνδινιτιῶνος
797 2711 835 2786 β’,
858 2713 879 2792 †

336 2839 481 2910 Διοίείμρ.
505 2838 624 2896 chartac.
648 2841 726 2897 Βίαν.
749 2859 800 2896 τινα
824 2845 874 2912 53,
900 2843 948 2914 ραι·
968 2843 1076 2898 ambit:
1099 2834 1204 2918 δριαμοί
1231 2833 1370 2912 βασιλικοὶ
1393 2832 1529 2910 ἀνώνυμοι

229 2957 302 3034 τρεῖς
328 2951 515 3039 (Ἀνδρονίκου
541 2953 606 3028 ἴσως
633 2959 679 3016 τοῦ
703 2953 916 3042 Παλαιολάγου)
943 2959 1006 3038 περὶ
1031 2961 1077 3018 τοῦ
1105 2957 1287 3039 διατηρεῖυθαι
1313 2957 1348 3018 τὰ
1371 2965 1419 3036 τῆς
1441 2967 1530 3035 μονῆς

231 3077 348 3158 τέσσαρα
379 3075 516 3138 πλατίιδια
549 3077 723 3158 άνενθχλητα
760 3078 808 3140 καί
842 3081 1034 3161 άνεπηρέαστα
1063 3081 1117 3142 άπδ
1144 3101 1175 3140 τε
1205 3087 1255 3158 τῆς
1283 3084 1329 3141 τοῦ
1358 3082 1530 3161 αομμεριιίευ

230 3197 335 3272 δόσεως
356 3197 403 3259 καί
424 3206 478 3260 τῶν
500 3198 604 3260 λοιπῶν
628 3203 758 3282 συνήθων,
782 3201 848 3262 ἔνθα
870 3205 902 3261 ἄν
925 3203 1108 3283 ἀπέρχωνται,
1128 3203 1192 3264 ἄνευ
1207 3201 1402 3282 χρονολογίας.
1426 3209 1529 3264 Salake-

229 3327 285 3382 ίιόιι
307 3334 333 3383 et
358 3345 406 3383 ιιοε
423 3335 557 3399 putamus
579 3329 703 3384 tabulam
724 3347 780 3385 εισι
802 3329 976 3402 imperator&
999 3331 1132 3388 Ίθιυάονι·
1149 3332 1282 3387 Βααίοανιῖι
1305 3339 1330 3386 εί
1349 3333 1418 3386 anni
1432 3332 1527 3385 1214.

450 3632 541 3698 LIII.
565 3631 793 3719 6723-1214,
816 3657 927 3700 mense
949 3635 1134 3722 septembri,
1157 3635 1222 3702 ind.
1246 3637 1304 3702 ΠΙ.

307 3780 428 3836 Βοαιιίίο
450 3780 563 3836 Νοίαιάα
586 3787 611 3836 σί
627 3781 732 3852 fratria
754 3783 813 3838 αιύι
829 3783 912 3852 facta
934 3785 1097 3840 monasterio
1121 3783 1151 3840 S.
1175 3785 1288 3840 Mariae
1313 3785 1440 3840 Νίυοσαο.

226 4417 305 4492 ἡμῶν
333 4413 373 4490 εἰς
398 4417 448 4494 τὴν
475 4418 561 4494 μονὴν
588 4425 638 4496 τῆς
664 4417 824 4506 [θπεραγίας
851 4423 978 4483 θεοτάκου
1005 4427 1054 4500 τῆς
1083 4424 1262 4502 Χιονισμένης
1286 4473 1293 4486 .
1319 4473 1325 4484 .
1351 4472 1357 4485 .
1384 4471 1390 4485 .
1419 4420 1451 4510 .]
1480 4430 1527 4485 τοῦ

228 4583 395 4601 ......
407 4587 415 4622 ,
438 4541 489 4600 ὅσα
515 4541 580 4622 παρ’
602 4542 681 4617 ἡμῶν
703 4541 881 4623 κατείχοντο·
909 4543 956 4606 καὶ
980 4544 1037 4608 ἰδοῖ
1060 4546 1112 4608 ἀπο
1134 4547 1183 4624 τὴν
1206 4551 1324 4629 σάμερον
1348 4545 1394 4620 ἐξε
1419 4597 1426 4610 .
1454 4597 1461 4610 .
1487 4598 1493 4610 .
1520 4595 1527 4612 .

229 4705 658 4726 ..............
667 4709 676 4745 ,
703 4665 741 4738 ιὐς
764 4667 797 4724 ἂν
825 4667 885 4745 ἔχει
913 4670 980 4728 αὐτὰ
1006 4667 1052 4729 καὶ
1075 4671 1173 4746 νέμετε
1196 4669 1243 4731 ιιαί
1267 4671 1291 4731 εί
1312 4692 1337 4730 τι
1360 4669 1528 4755 βοῖλτνίται]
