3162 5278
256 329 320 394 326

258 523 367 598 ἡλικίαν
398 520 444 580 καὶ
475 518 541 600 ἀμφὶ
571 522 605 580 τόι
632 519 664 592 ἐξ
693 519 739 580 καὶ
767 521 958 597 ἐβδομήκοντα
986 519 1110 598 γεγονὼς
1137 521 1184 595 ἐτη
1212 519 1394 595 ὡμολόγησεν
1422 518 1452 576 ἐν
1479 517 1549 594 φόβῳ

257 645 321 704 θεού
345 643 469 721 ἀτεχνῶς
495 642 541 702 καί
569 643 741 722 ἀνυπόπτως,
769 645 807 716 ὡς
831 645 846 702 ό
867 641 1028 724 προρρηθείς
1055 641 1128 722 ἰερδς
1149 643 1214 712 ναός
1237 645 1282 700 τού
1305 640 1549 718 μεγαλσμάρτυρος

259 763 396 844 Γεωργίου
421 762 509 823 πάλαι
537 765 588 839 μέν
614 763 662 824 καὶ
688 767 749 826 κατ’
772 766 860 846 ἀρχάς
889 767 975 826 ἔκειτο
1001 766 1051 824 ύπδ
1078 765 1127 840 τῆν
1154 763 1311 824 δεσποτείαν
1337 759 1385 821 καὶ
1414 760 1549 835 ἐπίσκεψιν

258 891 308 961 τῆς
332 886 438 966 Πόθας,
461 887 520 960 ήτις
548 885 613 963 ἔσχε
637 886 691 946 δύω
714 888 873 968 θυγατέρας,
897 888 1041 961 Λήμναιαν
1065 882 1112 946 καὶ
1134 884 1234 960 Καλὴν
1257 883 1480 959 ὀνομαζομένας,
1507 881 1548 939 καὶ

260 1007 444 1086 ύπανδρεύσας
473 1007 521 1082 τὴν
549 1007 694 1082 Λῆμναιαν
727 1007 885 1088 ἐδωρήσατο
918 1007 964 1067 καὶ
999 1005 1224 1086 ἐπροικοδότησεν
1258 1006 1324 1086 αύτῆ
1358 1005 1403 1070 τόν
1439 1005 1550 1084 ῥηθέντα

259 1129 323 1188 ναόν
361 1126 407 1187 καί
440 1123 473 1205 ἣν
508 1127 625 1206 ψάλλων
661 1129 689 1189 ἐν
724 1128 796 1207 αύτῷ
832 1130 846 1186 ό
880 1129 947 1210 ἀνὴρ
981 1127 1101 1207 ἐκείνης,
1140 1132 1218 1186 παπά
1251 1125 1401 1204 Στέφανος,
1441 1131 1490 1200 τῆς
1523 1125 1550 1183 δέ

260 1249 405 1326 Λημναίας
429 1251 511 1326 αύτῆς
535 1243 650 1310 ἀπαίδου
676 1251 877 1326 τελευτησάσης
899 1249 1044 1330 παρέλαβε
1066 1245 1113 1308 καὶ
1137 1245 1277 1320 διεδέξατο
1302 1249 1421 1324 οάτόνή
1450 1246 1550 1322 ἐκείνης

260 1371 367 1450 ἀδελφὴ
384 1372 479 1451 Καλή,
502 1365 537 1448 ἧς
553 1372 688 1451 ἀπόγονος
710 1373 871 1449 όἸωάννης
887 1371 1048 1450 Καλλονᾶς,
1072 1363 1144 1449 ᾧτινι
1167 1361 1211 1429 οἷα
1233 1371 1396 1450 προσήκοντι
1417 1367 1459 1446 τῷ
1481 1370 1551 1447 γένει

260 1491 307 1552 καὶ
333 1493 440 1571 νομίμῳ
468 1493 576 1568 ἐκείνης
602 1493 769 1574 κληρονόμῳ
791 1493 922 1574 περιῆλθε
945 1495 1024 1572 λόγῳ
1047 1491 1235 1571 κληρονομίας
1258 1491 1272 1550 ό
1296 1488 1388 1570 ῥηθεὶς
1410 1491 1488 1562 ναός.
1511 1488 1551 1548 καὶ

262 1615 296 1690 δὴ
318 1617 375 1687 τοῖς
397 1619 442 1674 τού
466 1615 593 1694 ῥηθέντος
615 1617 829 1695 προηγουμένου,
856 1619 933 1674 παπά
957 1611 1101 1689 Ἰακώβου,
1125 1613 1239 1690 ἀληθέσι
1261 1611 1356 1690 λόγοις
1378 1613 1551 1682 πιστωθέντες

260 1735 306 1795 καὶ
331 1737 528 1812 βεβαιωθέντες
550 1737 599 1810 τῆν
622 1735 754 1811 ἀλήθειαν
776 1741 864 1796 πᾶσαν
886 1742 935 1810 τῆς
957 1735 1112 1804 ὑποθέσεως
1133 1735 1232 1811 ταύτης
1254 1735 1269 1794 ό
1288 1752 1318 1792 τε
1340 1734 1551 1814 προηγούμενος,

262 1852 332 1942 [κύρ]
357 1857 528 1936 Ἀθανάσιος,
559 1857 630 1932 μετὰ
659 1863 712 1916 τῶν
743 1857 847 1917 λοιπῶν
877 1859 1001 1936 πατέρων
1032 1861 1080 1930 τῆς
1110 1855 1185 1936 ἱερᾶς
1214 1855 1313 1929 ταύτης
1343 1859 1430 1930 μονῆς
1458 1853 1505 1913 καὶ
1531 1853 1550 1912 2².

263 1979 394 2058 ἄρχοντες
416 1975 462 2038 καὶ
484 1984 654 2060 προεστῶτες
676 1984 724 2055 τῆς
748 1979 829 2054 αύτῆς
851 1982 931 2054 νήσου
956 1979 1068 2053 Πάτμου
1090 1979 1249 2057 ὑπέγραψαν
1274 1975 1313 2048 εἰς
1335 1977 1364 2036 τό
1387 1978 1434 2035 τοῦ
1459 1976 1550 2054 ῥηθέν-

261 2121 307 2173 τος
328 2103 534 2180 προηγουμένου
557 2101 719 2182 μαρτυρικόν
741 2103 858 2182 γράμμα
881 2101 1000 2172 διδόντες
1022 2102 1090 2181 πρός
1111 2100 1156 2160 τόν
1179 2099 1383 2173 Διακοϊωόννην
1411 2099 1492 2157 αότδν
1512 2095 1552 2156 καὶ

263 2226 354 2304 ἕτερον
387 2223 528 2303 νοταρικδν
558 2225 674 2303 γράμμα
708 2223 741 2283 ἐκ
774 2225 872 2303 μέρους
908 2223 993 2282 αύτῶν
1027 2221 1155 2301 πατρικδν
1189 2215 1257 2280 είναι
1290 2226 1384 2293 κτῆμα
1417 2220 1464 2278 τόν
1494 2219 1552 2277 ναόν

263 2345 445 2405 ἀποδεικνύων
483 2342 530 2404 καὶ
568 2346 713 2424 παριστῶν,
751 2345 817 2424 όπερ
850 2345 1000 2422 γενόμενος
1035 2344 1149 2404 ἐνταῦθα
1187 2340 1226 2412 εἰς
1260 2339 1474 2401 Κωνσταντίνου.
1511 2339 1553 2398 καὶ

261 2469 329 2546 πρός
355 2467 404 2541 τῆν
427 2467 506 2542 ἡμῶν
534 2467 693 2545 μετριότητα
721 2463 767 2525 καί
789 2467 837 2541 τῆν
860 2465 935 2546 ἱερόιν
958 2469 1010 2526 τῶν
1033 2463 1207 2544 συναδελφῶν
1231 2463 1383 2544 ἀρχιερέων
1411 2462 1553 2542 ἐμφανίσας

264 2589 394 2666 ὁμήγυριν
421 2587 521 2662 ἐδεήθη
550 2587 748 2667 ἐπικυρωθῆναι
775 2587 842 2648 αύτά
868 2585 914 2647 καὶ
942 2587 977 2647 δι’
999 2587 1133 2667 ῆμετέρου
1160 2588 1358 2666 πατριαρχικού
1385 2587 1552 2664 γράμματος,

265 2703 345 2788 ἐφ’ᾧ
367 2710 397 2768 τό
420 2711 529 2788 γνήσιον
557 2715 606 2784 τῆς
628 2712 674 2768 τού
696 2709 824 2789 ῥηθέντος
847 2712 912 2768 ναοῦ
933 2705 980 2768 καὶ
1002 2707 1066 2788 παρ’
1089 2708 1169 2782 ἡμῶν
1191 2705 1288 2780 λαβὼν
1312 2705 1473 2776 δεσποτείας
1496 2708 1552 2763 ἀνε-

264 2831 402 2908 νόχλητος
429 2828 475 2890 καὶ
504 2831 705 2912 ἀνεπηρέαστος
732 2832 801 2912 μένῃ
830 2829 869 2902 εἰς
895 2830 1001 2891 τούπιόν
1028 2827 1074 2889 καὶ
1096 2829 1291 2910 περιέρχεσθαι
1313 2827 1413 2901 ταύτην
1441 2825 1486 2887 ἐπὶ
1506 2829 1555 2893 τοῖς

264 2953 356 3012 τούτου
385 2949 460 3012 παισί
490 2953 537 3012 καὶ
563 2953 747 3033 κληρονόμοις
774 2952 973 3032 ἀναντιρρήτως
999 2949 1046 3010 καί
1072 2949 1324 3030 ἀλογοπραγήτως,
1353 2948 1447 3026 ἀληθῆ
1477 2948 1506 3008 δέ
1527 2967 1553 3006 τι

265 3077 333 3154 άπερ
364 3074 483 3154 ἐπιφέρει
511 3073 650 3154 κρίναντες
679 3077 830 3154 γράμματα
862 3071 910 3132 καίΙ
940 3073 1112 3152 εύλογοφανῆ
1144 3067 1214 3132 εἶναι
1243 3072 1293 3146 τῆν
1323 3071 1417 3132 τούτου
1449 3069 1552 3147 αἴτησιν,

265 3196 459 3274 άπεδέχθημεν
485 3195 592 3270 ταύτην.
623 3196 714 3256 τούτου
740 3193 820 3276 χάριν
842 3197 992 3275 γράφοντες
1019 3194 1222 3273 ἀποφαινόμεθα
1245 3191 1394 3264 συνοδικῶς
1417 3193 1552 3267 μετὰτῶν

264 3315 325 3398 περὶ
348 3319 422 3394 ἡμᾶς
448 3316 601 3398 ἱερωτάτων
630 3317 779 3396 ἀρχιερέων
807 3316 854 3376 καὶ
880 3316 1040 3396 ύπερτίμων,
1068 3321 1122 3376 τῶν
1150 3315 1178 3374 ἐν
1202 3313 1273 3395 άγίῳ
1294 3315 1427 3390 πνεύματι
1451 3313 1552 3390 ἀγαπη-

265 3445 319 3498 τῶν
341 3439 420 3514 ῆμῶν
447 3437 574 3516 ἀδελφῶν
601 3436 647 3498 καὶ
670 3439 898 3518 συλλειτουργῶν,
924 3437 969 3498 ἵνα
995 3439 1010 3496 ό
1033 3435 1192 3516 διαληφθεὶς
1214 3438 1280 3508 ναός
1307 3441 1353 3496 τού
1376 3436 1552 3514 μεγαλομέρ-

266 3581 344 3640 τυρος
366 3558 502 3639 Γεωργίου
530 3561 599 3642 μένῃ
628 3557 701 3631 αὖθις
727 3557 774 3618 καὶ
801 3562 919 3637 σώζηται
947 3560 997 3618 ύπδ
1023 3559 1072 3634 τῆν
1100 3557 1260 3618 δεσποτείαν
1288 3557 1335 3617 καί
1364 3557 1495 3633 διοίκησιν
1516 3558 1552 3614 τοῦ

266 3681 468 3762 προλεχθέντος
490 3681 689 3742 Διακσϊωάννου
717 3680 853 3742 Καλλονά
883 3681 1088 3741 άναπόστταστόν
1115 3700 1145 3738 τε
1175 3680 1222 3740 καὶ
1252 3679 1430 3760 ἀναφαίρετον
1460 3685 1552 3755 κτῆμα,

267 3798 311 3864 οἷα
336 3803 451 3878 νομίμου
478 3799 659 3882 ἀναφανέντος
683 3804 857 3882 κληρονόμου
883 3800 929 3862 καὶ
952 3803 1074 3861 κατιέναι
1101 3802 1180 3861 αύτδν
1202 3801 1274 3862 κατὰ
1300 3801 1406 3880 κλῆρον
1430 3800 1552 3876 διαδοχῆς

268 3923 311 3986 ἐπὶ
333 3929 387 3995 τοῖς
411 3927 490 3986 αύτού
512 3925 617 3994 τέκνοις
639 3923 685 3984 καί
708 3925 901 4005 κληρονόμοις,
925 3926 1036 4000 κοσμεῖν
1060 3921 1084 3984 δ’
1101 3921 1146 3985 ούν
1169 3925 1257 4005 αύτόν,
1281 3922 1445 4003 εύτρεπίζειν
1464 3943 1493 3982 τε
1513 3917 1551 3980 καὶ

267 4049 453 4126 φωταγωγεῑν,
480 4046 600 4123 ψάλλειν
623 4066 652 4105 τε
679 4044 726 4106 καὶ
755 4045 902 4126 ίερουργεῑν
934 4046 962 4105 ἐν
984 4066 1014 4104 τε
1041 4047 1101 4117 ταῖς
1129 4047 1270 4125 κυριακαΐς
1299 4047 1400 4116 πάσαις
1430 4044 1475 4105 καὶ
1503 4043 1552 4109 ταὶς

268 4165 437 4246 ἐορτασίμοις
464 4173 517 4228 τῶν
540 4169 650 4246 ἡμερῶν
680 4166 796 4248 ἀόκνως,
824 4165 848 4226 οἱ
876 4165 906 4226 δὲ
933 4167 1005 4228 κατὰ
1031 4166 1140 4246 καιρούς
1168 4165 1197 4226 ἐν
1219 4165 1258 4244 τῷ
1282 4166 1391 4246 ψηθέντι
1414 4167 1472 4244 ναῷ
1495 4165 1551 4242 ἐφη-

268 4288 428 4368 μερεύοντες
456 4290 534 4348 αύτόν
556 4309 585 4348 τε
612 4287 659 4350 καί
685 4289 747 4360 τούς
776 4289 854 4348 αύτοῦ
878 4288 1022 4366 διαδόχους
1044 4287 1151 4368 κυρίους
1172 4288 1264 4348 τούτου
1286 4289 1496 4367 γινωσκέτωστν
1515 4283 1552 4343 καὶ

268 4409 310 4468 ἐπ’
331 4408 425 4482 ἀδείας
449 4409 534 4470 αύτῶν
558 4410 654 4489 ἐκείνῳ
677 4410 872 4486 ψαλλέτωσαν.
897 4411 968 4482 ὅστις
991 4409 1016 4468 δ’
1033 4407 1077 4468 σύν
1101 4415 1154 4470 τῶν
1180 4411 1288 4469 πάντων
1316 4408 1471 4492 ἐπιχειρίσφ
1496 4407 1551 4484 ούρ-

269 4528 353 4605 δήτινι
378 4531 469 4610 τρόπῳ
497 4530 652 4592 ἀποσπάσαι
679 4531 758 4589 αύτού
784 4527 831 4589 καὶ
855 4527 1048 4608 ἰδιαεοιηθῆναι
1071 4531 1116 4590 τόν
1139 4531 1257 4610 ῥηθέντα
1278 4530 1344 4590 ναόν
1367 4529 1550 4608 ἀμετόχως,ἒ

269 4653 387 4720 τοιούτος
421 4651 508 4730 ἱερεύς
545 4649 595 4726 μὲν
633 4654 670 4710 ῶν
704 4650 788 4732 ἀργός
822 4653 928 4727 μενέτω
960 4654 1050 4730 πάσης
1082 4649 1259 4734 ίεροπρσιξίας
1295 4651 1343 4712 καὶ
1376 4650 1483 4726 τάξεως
1515 4647 1552 4710 καὶ
1576 4663 1577 4666 ’
