3184 5288
254 662 327 728 LX.
352 660 577 746 6723-1214,
599 683 710 727 mense
733 659 916 748 septembri,
939 660 1004 726 ind.
1029 661 1088 728 111.

41 811 141 864 Ιοαιιιιω
162 809 302 880 amm
329 816 354 864 et
378 827 448 865 ιιαοι·
474 810 532 866 du
557 811 719 866 οιοιιαιίαάο
747 807 777 866 S.
801 809 914 866 Martae
935 809 1055 864 Νίνοιοα
1081 809 1199 866 vendunt
1226 827 1315 882 αρνοο,

268 995 423 1093 -Σίγν-ο-ν-
442 995 570 1057 Ἰωάννου
592 1000 638 1056 τοῦ
706 995 861 1093 -Σί-γνον-
882 993 994 1075 Μαρίας
1016 999 1065 1070 τῆς

283 1115 412 1194 Ἀμπου-
517 1139 563 1180 ιια.
728 1117 839 1194 συμβίοιι
929 1117 1017 1180 αῦτοῦ.

127 1328 219 1408 ’[Ἐν
246 1328 358 1404 όνόματι
383 1331 430 1388 τοῦ
455 1327 557 1410 πατρός
579 1327 626 1388 καί
648 1331 694 1388 τοῦ
715 1325 772 1388 υίοῦ
793 1325 840 1387 καὶ
862 1331 909 1388 τοῦ
931 1327 1009 1408 άγίον
1031 1327 1195 1403 πνεύματος.
1219 1328 1317 1389 Ἰωάν-

36 1471 76 1522 νης
97 1451 111 1508 ό
132 1449 296 1525 Ἀμπουαας
323 1451 382 1527 άμα
408 1456 442 1532 τῇ
469 1449 575 1529 ουμβίῳ
602 1471 653 1526 μου
681 1449 785 1533 Μαρίᾳ,
818 1449 843 1511 οἱ
872 1449 933 1522 τοῦς
962 1449 1064 1526 τιμίους
1093 1448 1140 1510 καί
1171 1450 1319 1522 ζωοποιοὶις

36 1572 152 1651 σιαιράις
182 1570 369 1654 οἰνειοχείρως
399 1572 503 1632 άνωθεν
529 1573 705 1652 ποιήσαντες,
736 1573 915 1652 πεπράναμεν
944 1573 1012 1652 πρός
1041 1573 1089 1648 τὴν
1120 1569 1201 1650 ἁγίαν
1232 1573 1319 1648 μονὴν

35 1699 74 1769 τῆς
96 1693 245 1776 ῦπεραγίας
267 1695 395 1754 θεοτόιιου
417 1700 466 1770 τῆς
489 1695 680 1774 Χιονισμένης,
706 1699 755 1770 τῆς
782 1691 864 1768 οὔσης
885 1693 914 1754 ἑν
936 1695 993 1765 τοῖς
1020 1696 1114 1774 μέρεσι
1137 1700 1191 1754 τιῦν
1215 1695 1317 1756 Παλα-

34 1817 96 1891 άων,
113 1816 146 1874 τά
164 1819 291 1896 χωράρια
309 1817 389 1892 ἡμῶν
411 1815 444 1875 τὰ
465 1815 565 1895 γονινά
586 1813 633 1874 νιαὶ
656 1817 706 1875 όοα
729 1813 794 1874 εἰσὶν
818 1813 858 1888 εἰς
879 1816 928 1891 τἠν
950 1815 1109 1876 τοποθεσίαν
1132 1821 1178 1878 τοῦ
1194 1818 1319 1879 Ἀσισοοῦ

36 1935 66 2008 εἰς
85 1939 239 2016 νομίσματα
260 1937 336 2020 τρία·
359 1937 406 1998 καὶ
434 1937 586 2017 ὀφείλουσα
613 1936 647 1997 τά
668 1940 779 1998 τοιαῦτα
800 1939 927 2017 χωράρια
954 1937 979 1998 σί
1003 1938 1092 1998 ἐκεῖσε
1118 1941 1319 2020 προσμένοντες

35 2059 140 2138 μοναχοὶ
155 2060 231 2138 ἔχειν
248 2057 287 2132 είς
301 2061 363 2133 τοῦς
379 2057 444 2136 ἑξῆς
460 2061 582 2131 ἅπαντας
597 2056 644 2120 καὶ
660 2057 795 2135 διηνεκεῖς
816 2061 931 2140 χρόνους
953 2058 1000 2120 καὶ
1022 2063 1107 2121 ποιεῖν
1131 2059 1171 2134 εἰς
1194 2064 1270 2142 αῦτά,
1295 2061 1323 2122 εἴ

34 2203 54 2239 τι
69 2181 112 2240 καί
132 2181 288 2262 βούλονται,
310 2181 348 2258 μὴ
364 2183 438 2262 παρά
452 2202 524 2254 τινος
541 2180 759 2258 ἐμποδιζόμενοι.
783 2179 808 2240 εἰ
831 2181 856 2241 δ’
871 2179 939 2254 ἴσως
961 2181 1041 2261 λέγει
1063 2183 1102 2256 τίς
1125 2205 1150 2244 τι
1171 2182 1233 2266 περὶ
1254 2185 1318 2244 τοῦ·

35 2326 88 2384 των,
109 2307 191 2380 ἡμεῖς
218 2303 363 2381 μέλλομεν
388 2304 535 2364 ἀποπαῦειν
559 2305 647 2367 οιῦτόν.
673 2301 696 2364 εἰ
719 2303 743 2364 δ’
764 2303 829 2375 ἴσως
851 2305 934 2380 ἡμεῖς
956 2304 1031 2366 αῦτοὶ
1054 2306 1208 2382 μετάμελοι
1235 2308 1319 2384 γενό-

36 2428 96 2498 μεθα
116 2425 165 2487 καὶ
186 2427 274 2486 πλέον
296 2447 320 2486 τι
343 2425 551 2506 έπιζητηοομεν,
579 2427 623 2486 ἵνα
647 2427 757 2504 ἔχωμεν
780 2426 847 2508 άράν
870 2425 917 2486 καὶ
939 2427 1064 2504 ἀνάθεμα
1086 2427 1140 2488 ἀπό
1167 2435 1216 2505 τῆς
1239 2429 1319 2508 ἁγίας

36 2547 141 2626 τριάδος.
171 2547 215 2609 ἐπὶ
241 2553 318 2610 τοῦτο
340 2549 456 2628 γέγονεν
486 2551 551 2630 παρ’
573 2551 652 2625 ἡμῶν
678 2551 697 2625 ἠ
723 2555 846 2630 παροῦσα
871 2549 972 2630 ρανερόι
999 2557 1097 2632 πρᾶσις
1125 2551 1238 2613 ἐνώπιον
1266 2557 1320 2612 τιῦν

35 2670 237 2752 ῦπογραψάντων
252 2673 403 2754 μαρτῦρων.
427 2672 504 2750 μηνὶ
527 2671 737 2752 σεπτεμβρίῳ
760 2669 967 2746 ἰνδιιιτιιῦνος
986 2673 1025 2757 γ’,
1048 2675 1140 2748 έτους
1157 2673 1275 2758 ,ςψιιγῖ
1299 2675 1320 2754 †

127 2794 163 2854 Ἥ
187 2794 383 2875 ῦπογραρές
405 2801 470 2854 τῶν
492 2795 678 2875 μαρτῦρων·

124 2917 279 2996 γΛέων,
313 2915 422 2998 ἱερεὺς
455 2915 513 2976 καὶ
547 2921 773 2996 πρωτοπαπᾶς
805 2921 866 2978 τοῦ
902 2917 1025 2998 Ἱεροῦ,
1060 2920 1075 2977 ό
1106 2918 1320 3000 Συρόπουλος

34 3041 158 3118 πάρειμι
195 3035 247 3098 ἐπί
279 3041 352 3111 ταῖς
385 3040 568 3121 παρούσαις
602 3041 745 3119 τράσαις
776 3032 833 3100 καί
865 3045 903 3122 τῇ
938 3040 1097 3101 ἀποδόσει
1129 3047 1191 3100 τῶν
1224 3061 1319 3116 νομι-

34 3163 154 3234 σμάτων
177 3159 234 3220 καί
257 3161 355 3234 αῦτδς
377 3168 552 3243 μαρτυρῶν
575 3161 757 3242 ὑπέγραψα.
780 3163 801 3242 †

124 3285 145 3362 †
169 3285 420 3356 Κωνσταντῑνος
452 3283 561 3365 ίερεῦς
587 3285 602 3346 ό
627 3283 773 3363 Πολίτης
800 3284 856 3345 ιιαὶ
883 3283 1028 3366 ἔξαρχος
1050 3292 1109 3364 τῆς
1132 3287 1320 3366 ἁγιωτάτης

35 3402 209 3482 ἑτιοιιοπῆς
236 3405 340 3486 Ἱεροῦ
366 3403 508 3488 πάρειμι
539 3405 591 3467 ἐπὶ
617 3410 693 3481 ταῖς
719 3409 903 3489 παροῦσαις
929 3411 1070 3487 πράσαις
1096 3408 1152 3470 καὶ
1178 3415 1216 3492 τῇ
1244 3410 1320 3470 άπο-

35 3523 112 3586 δόσει
134 3535 199 3588 τῶν
222 3529 436 3604 νομισμάτων
457 3526 514 3589 καὶ
537 3529 634 3602 αῦτδς
657 3537 829 3611 μαρτυρῶν
851 3531 1036 3610 ὑπέγραψα.

124 3651 145 3728 †
169 3650 347 3730 Ἱωάννης,
379 3649 488 3731 ἱερεὺς
514 3649 570 3710 καὶ
596 3651 810 3732 χαρτορῦλαξ
836 3659 896 3730 τῆς
923 3655 1114 3733 ἁγιωτάτης
1137 3654 1320 3732 ἐπισκοπῆς

35 3767 139 3852 Ἱεροῦ,
163 3773 179 3831 ό
202 3773 467 3852 Πεπαγωμένσς,
490 3775 627 3854 πάρειμι
651 3772 703 3834 ἐπὶ
725 3781 763 3858 τῇ
785 3775 930 3858 παροῦσῃ
953 3779 1071 3857 πράσει
1101 3775 1157 3836 καὶ
1179 3783 1216 3859 τῇ
1240 3777 1320 3836 ἀπο-

36 3889 112 3953 δέτει
133 3900 197 3954 τῶν
221 3897 433 3970 νομισμάτων
456 3893 511 3956 καί
535 3895 630 3968 αδτδς
653 3904 827 3978 μαρτυρῶν
849 3897 1035 3978 ὑπέγραψα.
1060 3899 1080 3976 †

72 4067 165 4146 Σίγνον
198 4065 344 4135 ίἸωάννου
367 4073 413 4130 τοῦ
512 4070 609 4150 Σίγνον
659 4072 779 4142 Λέοντος
798 4077 844 4133 τοῦ
955 4072 1053 4153 Σίγνον
1103 4074 1223 4146 Λέοντος
1241 4077 1287 4133 τοῦ

655 4159 852 4168 ———-...........
925 4161 1298 4172 a————.—.-—-—

48 4140 201 4272 W.
233 4192 378 4272 ρσποῦλου.
503 4193 623 4274 ἀδελφοῦ
706 4195 794 4256 αὐτοῦ,
960 4196 1039 4276 Τρα-
1152 4200 1238 4274 χινοῦ.

71 4347 163 4424 Σίγνον
196 4345 219 4391 λ’

88 4471 148 4528 Ka·
262 4472 353 4552 θαροῦ.
510 4472 610 4554 Καρα-
725 4476 768 4544 ζά.
955 4475 1051 4556 Μουρ-
1133 4473 1259 4546 ζοόλλσυ.

223 4349 341 4408 Ιωάννου
364 4353 409 4408 τοῦ
509 4349 606 4428 Σίγνον
653 4350 774 4430 Μιχαὴλ
794 4355 841 4411 τοῦ
952 4352 1049 4430 Σίγνον
1099 4351 1228 4413 Ἰωάννου
1252 4357 1298 4414 τοῦ

511 4629 609 4709 Σίγνον
651 4629 789 4711 Γεωργίου
810 4636 856 4692 τοῦ

652 4722 855 4730 ——————-

516 4753 600 4812 Μαιι-
718 4751 789 4818 λίου.
