3184 5288
1280 333 1339 398 151

66 525 143 602 μέγρις
169 527 201 582 ἂν
229 522 292 584 τόδε
313 526 345 584 τό
371 525 507 602 περίγεισν
536 523 696 602 συνίσταται,
723 524 853 599 νέμεσθαί
874 545 903 584 τε
931 525 976 584 καὶ
1001 525 1206 604 άποκερδαίνειν
1229 526 1275 584 καί
1296 530 1342 584 τὀν

67 643 192 716 ἐξούτῶν
220 643 337 720 ἐτησίους
365 643 583 721 είσοδιαζόμενον
610 647 724 726 καρπόν,
754 646 846 715 καθὼς
876 645 899 706 οί
926 645 1014 725 καιροί
1043 647 1203 724 ἐμφορῶσιν,
1232 648 1270 716 ὡς
1296 646 1342 708 καί

65 767 123 840 Ιίμιῖιν
148 763 193 824 καί
220 772 275 826 τῶν
301 767 365 826 καθ’
388 768 459 842 ὑμᾶς
486 767 661 842 ἀσκουμένων
689 767 717 828 ἐν
740 773 774 848 τῇ
796 768 905 850 τοιαύτη
932 773 1002 849 μονῇ
1025 773 1156 846 μοναχῶν
1179 769 1342 846 ὀφειλόντων

63 885 140 960 μνείαν
167 885 280 962 διηνεκῆ
308 888 440 948 ποιεῖσθαι
467 889 546 963 ἡμῶν
575 889 604 948 ἐν
630 892 690 960 ταῖς
717 887 745 947 ἐν
772 893 805 970 τῇ
831 890 941 970 τοιαύτη
963 885 1038 970 ’μονῇ
1065 888 1244 962 τελουμένοις
1267 888 1342 970 ἱερο-

62 1006 207 1079 ιελεοτείαις
231 1007 273 1086 ἐφ’
289 1009 393 1090 ἑκάστη
414 1009 523 1090 ἡμέρᾳ·
548 1007 592 1068 ἐπὶ
613 1013 690 1070 τοῦτο
706 1009 760 1088 γὰρ
783 1007 830 1068 καὶ
852 1010 882 1068 τό
904 1011 990 1089 παρόν
1014 1009 1150 1088 ἔγγραφον
1173 1011 1252 1085 ἡμῶν
1274 1011 1342 1089 πρός

62 1131 97 1204 ιἠν
115 1131 236 1205 τοιαύτην
264 1111 358 1206 μονὴν
374 1125 536 1206 έξεθέμεθα,
555 1129 589 1190 δι’
608 1124 639 1190 οὗ
658 1130 704 1192 καί
729 1130 942 1211 ἀσφαλιζόμεθα,
966 1133 1015 1212 ὡς,
1039 1130 1114 1210 εἴπερ
1138 1133 1168 1190 οίι
1191 1133 1341 1211 στέργομεν

60 1251 94 1310 κοί
114 1251 267 1328 ἐμμένομεν
289 1252 328 1330 τῷ
349 1253 461 1332 παρόντι
485 1253 615 1332 ἐγγράφῳ
637 1253 727 1332 ἡμῶν,
756 1247 834 1312 ἀλλὰ
856 1253 927 1312 κατά
953 1273 1012 1312 τινα
1039 1253 1136 1332 τρόπον
1163 1253 1232 1333 πρός
1257 1257 1341 1312 ταῦτα

60 1372 278 1453 διαιαβάλλσμεν,
303 1375 343 1449 μὴ
366 1377 449 1450 μόνον
473 1375 632 1449 ἀνηκουστσι
664 1373 711 1434 καί
738 1373 920 1454 ἀπρόσδεκτοι
946 1373 1116 1452 λογιζόμεθα
1137 1375 1220 1448 ἡμεῖς
1241 1394 1272 1434 τε
1294 1371 1341 1433 καὶ

59 1497 115 1554 ίτον
135 1498 163 1554 τό
186 1497 271 1575 μέρος
293 1498 382 1576 ἡμῶν,
408 1496 449 1574 ἐφ’
469 1489 510 1567 οἷς
533 1499 565 1554 ἂν
587 1493 634 1555 καί
656 1496 751 1574 λέγειν
776 1496 896 1576 ἔχωμεν,
921 1494 999 1554 ἀλλόι
1025 1493 1071 1554 καί
1098 1493 1244 1574 προστίμου
1268 1495 1340 1556 δόσιν

58 1618 112 1694 πρός
131 1618 159 1678 τό
182 1619 268 1695 μέρος
289 1623 339 1692 τῆς
361 1623 448 1694 μονῆς
476 1615 642 1690 ἀποδίδομεν
669 1619 842 1692 νομισμάτων
865 1616 961 1696 λίτρας
982 1619 1064 1695 τρεῖς,
1088 1617 1155 1696 πρός
1179 1615 1210 1676 δέ
1231 1617 1262 1676 τό
1285 1616 1339 1690 βοι-

57 1738 145 1798 σιλικόν
168 1739 322 1820 βεσειοίριον
342 1741 373 1800 τό
394 1739 482 1820 τρίτον
504 1739 615 1800 τούτων,
640 1737 663 1800 εί
679 1737 726 1798 καί
749 1739 877 1820 ἀνωτέρω
900 1739 931 1798 ού
955 1737 1110 1813 δεδήλωται
1134 1736 1180 1798 καί
1201 1736 1263 1818 περὶ
1285 1743 1339 1797 τῶν

58 1860 131 1920 ἐκεῖσε
151 1861 234 1922 όντων
258 1859 425 1942 οἰκημάτων,
454 1861 521 1922 ἀλλ’
546 1857 592 1920 ούν
615 1859 777 1942 δωρούμεθα
799 1861 1015 1940 παρακλητικῶς
1042 1858 1145 1919 καὶτὰ
1168 1860 1198 1918 έν
1220 1858 1258 1936 τῷ
1280 1879 1338 1918 τοι-

57 1983 112 2060 ούτῳ
137 1983 290 2064 προαστείῳ
322 1983 387 2044 όντα
415 1981 463 2042 καί
490 1983 652 2062 διαφέροντα
677 1984 742 2058 ημῖν
773 1981 910 2057 οἰκήματα
939 1987 992 2041 τῶν
1024 1983 1152 2062 ἀνωτέρω
1182 1980 1335 2061 προστίμων

56 2105 206 2182 κρατούντων
242 2104 289 2166 καί
321 2103 365 2166 ἐπὶ
398 2110 432 2186 τῇ
466 2106 575 2184 τοιαύτῃ
609 2105 761 2184 προσθήκη.
792 2101 870 2178 μηνί
904 2099 1043 2184 μαρτίῳ,
1076 2102 1286 2174 ίνδικτιῶνος
1310 2101 1337 2180 ι’,

58 2224 134 2298 ἔτους
156 2223 268 2308 ,ςψιδ’,
290 2225 453 2308 παρουσίᾳ
475 2231 537 2286 τῶν
560 2225 740 2305 μαρτύρων.
766 2225 787 2302 †

143 2349 446 2428 γΚωνοταντῖνος,
470 2347 610 2422 είιτελὴς
632 2346 752 2425 ἱερεύς,
774 2345 939 2425 κληρικός
964 2353 1023 2422 τῆς
1046 2347 1237 2424 ἁγιωτάτης
1261 2346 1333 2406 ἐπι-

56 2477 163 2545 σκοπῆς
189 2471 346 2530 Κνωσσοῦ
372 2470 446 2550 ἦτοι
472 2473 527 2530 τοῦ
553 2467 730 2539 Χάνδακος
757 2467 812 2528 καί
838 2467 1099 2548 ταβουλλοίρισς,
1123 2469 1138 2526 ό
1159 2451 1337 2544 ΙΣαχλίκης

55 2593 174 2668 πάρειμι
203 2589 256 2652 ἐπὶ
282 2599 319 2674 τῇ
346 2593 493 2674 παρούσῃ
520 2587 716 2670 προσενέξει
744 2595 806 2649 τῶν
834 2589 958 2650 ἀνωθεν
986 2588 1204 2664 δηλουμένων
1232 2589 1337 2664 ἀμπε-

54 2711 162 2792 λώνων,
178 2717 221 2782 ὡς
234 2715 270 2774 τό
285 2713 363 2792 ύφος
379 2712 487 2792 δηλοῖ,
510 2711 566 2772 καί
581 2717 753 2792 μαρτυρῶν
776 2712 960 2792 ὑπέγραψα,
983 2709 1037 2770 σίιν
1058 2717 1096 2792 τῇ
1114 2712 1296 2792 προσθήκῃ.
1318 2714 1339 2791 †

142 2836 161 2912 †
184 2836 339 2909 Ἰωάννης
360 2833 612 2916 ταβουλλάρισς
634 2834 649 2892 ό
671 2833 888 2904 Κοτζανοίτος
909 2835 1047 2913 πάρειμι
1069 2831 1121 2892 ἐπί
1137 2840 1174 2916 τῇ
1190 2833 1338 2915 παρούσῃ

55 2953 234 3032 τροοενέξει
260 2961 322 3014 τῶν
351 2955 478 3016 ἀνωθεν
507 2953 723 3030 δηλουμένων
751 2951 959 3028 ἀμπελώνων
983 2951 1038 3013 καί
1065 2951 1267 3032 οἰκημάτων,
1295 2955 1338 3025 ὡς

55 3077 81 3134 τό
99 3078 169 3156 ύφος
191 3045 247 3138 καί
270 3078 288 3152 η
311 3079 485 3158 προσθήκη
509 3075 618 3156 δηλοῖ,
640 3073 696 3136 καὶ
719 3081 892 3156 μαρτυρῶν
914 3075 1098 3156 ὑπέγραψα.
1123 3077 1143 3153 †

140 3199 212 3278 †0
235 3199 380 3278 γραφεύς
408 3201 462 3259 τοῦ
487 3199 585 3277 ύφους
611 3197 767 3276 Μιχαηλ,
798 3197 938 3270 είιτελὴς
969 3195 1078 3274 ίερείις
1107 3193 1161 3255 καί
1191 3195 1336 3271 ταβουλ-

55 3316 154 3398 λάριος
167 3327 228 3398 τῆς
246 3322 345 3398 νήσου
360 3320 504 3400 Κρήτης,
520 3321 536 3379 ό
551 3317 734 3396 Λιμενίτης
749 3323 922 3398 μαρτυρῶν
937 3316 992 3378 καί
1008 3317 1104 3388 αίιτός
1116 3318 1299 3398 ὑπέγραψα.
1315 3319 1336 3397 †

140 3449 282 3520 Διεύαίμμ.
305 3449 413 3504 membr.
438 3448 515 3502 δίον.
539 3465 589 3502 nro
606 3448 655 3502 96.
679 3447 769 3500 Error
791 3447 820 3499 ι’τι
842 3445 995 3500 indictione.

299 3701 404 3766 XLV.
430 3698 656 3784 6715-1207,
680 3721 789 3764 mense
805 3697 889 3782 iulio,
913 3697 978 3763 ind.
1003 3695 1062 3762 XI.

54 3846 160 3903 Βοωίίυο
187 3849 363 3920 Μοποορύαε
398 3855 422 3902 τι
453 3855 558 3918 nepotes
597 3845 713 3917 Georqio
741 3845 873 3900 Eunucho
911 3846 1029 3899 σοιιάιιιιι
1067 3863 1164 3916 aymam
1193 3845 1275 3898 είύιιιιι
1305 3846 1333 3896 in

565 3951 670 4023 νομίσειε
692 3951 796 4005 fibulis.

140 4141 228 4218 †T&
252 4135 325 4201 είοα
352 4145 414 4200 τῶν
445 4138 677 4214 δικαιωμάτων
705 4137 742 4196 τόι
765 4137 798 4196 ἐν
821 4141 859 4216 τῇ
886 4134 1067 4217 τοποθεσίφι
1088 4141 1146 4210 τῆς
1170 4135 1286 4216 Πιγῆς.
1311 4139 1332 4218 φ

303 4279 401 4356 Σίγνον
443 4277 647 4338 Βασιλείουτοϋ
743 4275 839 4352 Σίγνσν
879 4273 1017 4352 Γεωργίου
1040 4278 1087 4332 τοῦ

287 4403 411 4479 Μαγκιι-
520 4401 564 4477 φά.
737 4397 848 4474 ἀνεψιοῦ
873 4450 875 4476 ,
939 4396 1027 4456 αὑτοῦ.

141 4541 228 4620 ηἘν
256 4539 369 4616 όνόματι
391 4543 438 4600 τοῦ
463 4541 565 4618 πατρός
592 4536 639 4598 καί
665 4541 712 4598 τοῦ
734 4537 790 4597 υίοῖι
816 4535 931 4597 καὶτοῦ
955 4534 1032 4615 οίγίου
1055 4537 1216 4611 πνεύματος.
1241 4537 1329 4596 Βασί-

54 4654 118 4732 λεισς
131 4663 144 4718 ό
159 4661 315 4742 Μαγκαφόις
333 4663 390 4737 ἅμα
405 4664 461 4734 τοῖς
484 4659 605 4738 ἀνεψίοις
629 4679 680 4736 μου
705 4659 729 4720 οί
750 4659 811 4732 τούς
834 4659 937 4734 τιμίους
960 4652 1008 4718 καὶ
1030 4657 1178 4731 ζωοποιοῖις
1200 4658 1329 4739 σταυροὺς
