3228 5294
1218 363 1352 446 ἰο

72 569 144 644 ἡμεῖς
166 567 244 630 αίτισι
266 575 316 646 τής
338 569 479 644 ἀπωλείας
501 569 654 651 ἐγενόμεθα
683 571 796 632 τούτων·
826 572 889 634 σθθέ
917 572 972 653 γθρ
998 574 1044 634 ὅτε
1072 575 1104 635 τθ
1129 575 1214 635 κακθν
1240 571 1352 657 ήρξαπο,

72 697 208 767 τηνικαῖπα
229 689 311 772 ἦμεν,
341 691 388 754 καί
419 691 493 753 αἰποί
518 699 569 768 τῆς
591 693 671 772 ἁγίας
693 693 791 770 ταύτης
813 699 900 772 μονῆς
927 695 1137 777 προηγούμενοι,
1166 697 1201 756 ἵν’
1224 697 1284 776 ἔχοι
1312 717 1353 770 τις

71 811 156 894 εἰπεῖν,
180 815 220 888 ῶς
242 810 309 891 ἐξήν
331 817 499 895 μεταγαγεῖν
522 816 628 877 ἐκεῖθεν
651 816 728 896 dud,
755 816 833 876 ἀλλὰ
853 817 906 898 προ
927 823 1007 898 τριῶν
1029 819 1129 880 τούτων
1150 819 1287 900 ἐνιαυτῶν,
1314 821 1353 894 ὡς

70 937 103 1011 μή
123 937 242 1016 ῶρελσν,
264 938 314 1012 τήν
332 937 495 1020 προστασίαν
514 939 613 1014 ταύτης
633 937 820 1014 ἐνεπιστιύθην
839 939 1013 1020 παρακλήσει
1032 945 1085 1000 τῶν
1099 943 1161 1002 τότε
1175 943 1353 1024 κρατούντων,

70 1058 178 1132 ὁπηνίκα
201 1059 357 1140 ἐκορυρῶθη
379 1059 410 1120 τέ
432 1061 518 1120 κακον
540 1058 586 1121 καί
612 1067 752 1140 πανταχοῦ
777 1060 913 1137 ἐπετασθη
942 1061 977 1120 τὰ
1004 1062 1126 1144 θήρατρα
1154 1068 1208 1124 τῶν
1237 1063 1353 1144 ἐχθρῶν,

69 1183 103 1240 δτι
127 1181 177 1242 σίνκ
201 1179 237 1260 ήν
264 1179 472 1264 διαπράξασθαι,
502 1183 554 1242 θσα
579 1182 734 1264 ήθέλομεν,
763 1181 905 1258 ἠθέλομεν
932 1181 964 1244 δέ
992 1185 1100 1257 πάντως
1128 1186 1159 1244 πθ
1187 1190 1237 1261 της
1266 1191 1354 1262 μονῆς

26 1340 30 1350 ·
69 1305 194 1384 αυμρίρσν
215 1304 303 1366 πλέον
325 1309 378 1364 τῶν
401 1302 508 1384 σίλλων,
535 1303 575 1364 θτι
601 1301 648 1364 καί
670 1303 756 1380 ζῆλον
778 1303 892 1384 είχομεν
914 1304 975 1366 κατ’
996 1303 1148 1386 ἐπίγνωσιν,
1175 1313 1354 1388 παραφρονῶν

69 1425 206 1508 θὴλέγω,
228 1425 276 1488 καί
298 1425 431 1502 ῶθίνσμεν
453 1425 502 1504 τήν
524 1427 646 1486 σύστασιν
668 1431 718 1502 τῆς
748 1432 848 1508 μονῆς,
879 1425 920 1488 διο
941 1427 989 1488 καί
1010 1425 1099 1501 οθέείς
1120 1429 1186 1506 ήμϊν
1207 1432 1261 1488 τῶν
1285 1428 1353 1508 ἐχε-

67 1551 161 1628 ρρόνων
183 1549 323 1625 ἀμέλειαν
345 1548 527 1628 ἐγκαλέσεται
548 1551 568 1624 ή
590 1546 735 1632 ῥᾳθυμίαν·
764 1550 826 1608 ὅσον
851 1548 905 1630 γὰρ
928 1548 1029 1626 ἀνῆκεν
1050 1551 1126 1630 ήμῖν,
1148 1545 1195 1611 καί
1217 1549 1353 1610 ἐσπουδά-

67 1691 145 1746 σαμεν
167 1669 216 1732 καί
238 1671 417 1748 θιανέστημεν
439 1669 479 1744 εἰς
500 1671 531 1732 τθ
553 1669 737 1732 θιασῶσααθαι
757 1673 854 1731 ταύτα·
885 1667 910 1730 εί
939 1669 971 1732 δέ
1001 1672 1040 1748 μή
1071 1669 1229 1752 ἰσχύσαμεν,
1257 1676 1353 1754 μικροῦ

67 1794 117 1854 δεῖν
137 1791 185 1854 καί
200 1791 264 1874 περὶ
278 1793 360 1870 αυτὴν
379 1794 428 1870 την
448 1793 521 1868 ζωὴν
540 1791 565 1853 σί
585 1791 740 1868 μέλλοντες
758 1789 935 1872 κινδυνεύσαι,
958 1790 1048 1864 ούθεὶς
1067 1793 1142 1868 ἡμᾶς
1161 1793 1353 1854 καταδικθσειε

65 1919 142 1992 νέρος
163 1919 183 1993 ἡ
207 1916 389 1994 ἐπιμέμψεται
412 1915 563 1998 ἄνθρωπος,
585 1915 672 1996 ὀρθῶς
693 1915 792 1997 κρίνειν
816 1913 922 1976 ἐθέλων
945 1913 980 1975 τὰ
1007 1915 1167 1994 πράγματα
1212 1913 1291 1974 ἀλλὰ
1319 1915 1354 1975 τὰ

66 2039 112 2112 μὲν
131 2045 182 2115 ιῆς
205 2037 358 2118 ἀπολογίας
380 2037 495 2098 ἐνταῦθα
516 2037 626 2118 κείσθω,
648 2039 667 2112 ή
690 2035 722 2097 θέ
744 2044 790 2098 τοῦ
811 2038 901 2098 καλοῦ
920 2035 1006 2118 κρίσις
1020 2043 1054 2119 τῇ
1070 2035 1207 2118 ἁγιωσύνῃ
1220 2055 1267 2097 σου
1282 2037 1352 2098 θυα-

65 2161 186 2222 ιέθειται·
211 2157 287 2236 οἶμαι
309 2161 373 2244 γὰρ,
396 2159 420 2221 εί
442 2161 527 2237 ζήλου
551 2160 611 2239 ἔχει
633 2163 822 2240 πνευματικόν,
845 2161 936 2241 ῶσπερ
958 2157 1005 2220 καὶ
1026 2160 1183 2238 πέπεισμαι,
1207 2159 1238 2220 ού
1259 2177 1352 2240 παρα-

64 2290 145 2366 τραπῇ
159 2287 210 2344 ταῶ
224 2285 327 2363 εθθέος,
350 2282 413 2344 σθθέ
435 2283 487 2364 πρὸ
508 2286 555 2344 τοῦ
577 2281 682 2344 δικαίου
703 2283 781 2358 θήσει
801 2284 832 2343 το
856 2281 958 2362 θθικσν,
981 2282 1021 2354 ὡς
1042 2283 1073 2342 τό
1088 2301 1123 2361 γε
1145 2278 1185 2354 είς
1206 2281 1281 2358 ήμᾶς
1302 2281 1352 2341 θν-

64 2411 135 2484 ῆκσι,
166 2403 216 2466 καί
246 2403 285 2478 είς
314 2399 448 2486 προῦπιον
478 2399 624 2490 κίίνθυνμν
654 2405 763 2478 ἑαυτούς
794 2399 996 2490 ἐμ[β]αλσύμεν
1025 2403 1093 2484 θπέρ
1122 2407 1169 2464 τοῦ
1194 2403 1284 2464 καλοῦ
1305 2401 1353 2464 καί

64 2526 163 2588 θιιαίω
185 2529 266 2588 αθτοῦ
287 2529 318 2608 †.

159 2652 183 2730 †
206 2647 258 2722 Ὦς
280 2649 380 2721 δοῶνι
401 2646 511 2722 ἀνάξιοι
532 2649 675 2726 τολμήσαι
697 2649 806 2730 ἔτεσίν
827 2650 857 2730 †·

159 2773 182 2852 †
211 2771 277 2831 Τοῦ
313 2775 464 2850 μοναχσῦ
493 2770 739 2852 Χριστσθσύλσυ
774 2768 832 2832 καί
863 2771 1118 2850 καθηγουμένου
1149 2775 1208 2847 τῆς
1242 2771 1276 2830 ἐν
1307 2770 1352 2850 τῷ

64 2893 175 2974 Λατρῳ
197 2893 328 2974 λαύρας
349 2897 404 2954 τοῦ
426 2893 567 2972 Στύλου,
590 2891 709 2954 θσύλσυ
733 2889 869 2965 ἀναξίου
890 2893 919 2974 †.

161 3021 266 3076 ίθιαπία
291 3022 396 3092 σατύρια
421 3039 505 3077 manu
527 3021 645 3093 propria
674 3021 704 3076 S.
730 3020 902 3075 C'Motoduli.
946 3020 992 3074 Εα
1017 3035 1115 3076 aversa
1132 3025 1216 3090 μανία
1242 3020 1352 3075 σίνασθαι

63 3128 160 3196 κηρία
178 3133 241 3182 σαί
261 3127 400 3198 παροινία
421 3121 564 3192 καυλίνοις
584 3127 758 3197 μαίιταπσθαε
780 3132 905 3181 comum
926 3131 1025 3195 septem
1047 3125 1133 3194 ίίπεία,
1157 3142 1226 3195 qnae
1247 3126 1351 3180 οθίσσία

63 3237 96 3284 at
112 3231 210 3286 αίιαπία
233 3233 260 3286 α’
279 3231 462 3304 αρρίαίίααία.
484 3231 561 3286 θίαν.
578 3232 616 3286 ΙΙ
632 3249 682 3286 nro
701 3233 749 3286 11.
773 3249 832 3284 cum
853 3231 931 3284 titulo
946 3247 1067 3284 moneo:
1089 3219 1166 3284 Ἶσσν
1189 3225 1352 3302 γράμματος

64 3327 281 3406 θεινοπαθητικοῦ
303 3329 364 3412 περί
387 3336 436 3406 της
459 3313 546 3407 μσνής
567 3333 613 3389 τοῦ
636 3327 753 3408 Λάτρσυ.

339 3639 379 3706 V.
403 3637 628 3724 6587-1οί9,
651 3661 761 3704 mense
784 3649 928 3724 augusto,
951 3639 1015 3704 ind.
1033 3639 1073 3704 Π.

64 3825 211 3896 Imperator
238 3825 405 3895 Nicephorum
433 3825 585 3879 Βοίαιιίαία
610 3825 770 3879 monasterio
799 3823 827 3878 S.
853 3823 965 3878 Ιοαιιιιίσ
991 3823 1137 3876 Rodromi
1164 3824 1193 3876 ιἰι
1221 3821 1349 3892 sarabela,

62 3931 159 3984 συαιίίίο
190 3949 210 3982 α
237 3947 328 3984 sorore
356 3930 526 3983 θοιιαίαπίίπι·
548 3929 688 3998 Gabalum}
721 3930 839 3983 concedit
868 3929 1018 3982 libertatem
1046 3934 1071 3980 εί
1100 3929 1289 3998 emptionem
1315 3929 1350 3982 αθ

573 4033 695 4087 omnibus
717 4033 834 4088 ίσιθιιίέυ.

158 4238 212 4316 †.
246 4281 253 4298 .
288 4284 294 4296 .
326 4234 477 4312 ἐκκλησίας
498 4231 653 4319 κηδεμὼν]
685 4281 693 4296 .
726 4283 732 4297 .
765 4283 771 4296 .
805 4283 812 4296 .
842 4231 889 4294 καί
915 4253 946 4293 το
978 4280 1140 4296 .....
1172 4229 1301 4309 μεγίστην
1321 4253 1352 4294 τε

62 4407 267 4420 ......
298 4353 1349 4444 αύ]πήνήμῑνἐπιθαψιλεύεται...............

61 4479 101 4540 καί
136 4481 188 4556 τὴν
227 4479 371 4555 βασιλείαν
408 4479 525 4561 Χριστοῦ
556 4527 562 4541 .
595 4528 601 4540 .
635 4528 641 4540 .
674 4497 762 4540 .εται
785 4479 833 4554 τήν
856 4473 963 4537 αίὼνισν
985 4495 1041 4536 τοια
1066 4521 1349 4539 ........

61 4609 156 4664 σκσουῑι
181 4651 189 4664 .
222 4651 229 4665 .
261 4609 332 4674 .ῶς
347 4602 467 4680 ἐχομένη
483 4602 501 4677 ή
517 4601 640 4682 ήμετέρα
660 4601 787 4678 εθσίβεια
809 4599 959 4674 ἐπήκουσεν
980 4591 1124 4682 [εὐήμενῶς
1138 4602 1188 4674 τῆς
1203 4592 1350 4683 θεή[σεως]

62 4771 305 4787 .......
328 4729 379 4800 τῆς
394 4723 567 4804 ούταθέλρης
582 4717 808 4808 Κωνσταιτίήου]
846 4770 852 4784 .
886 4769 892 4781 .
926 4769 933 4782 .
965 4767 971 4780 .
1004 4765 1012 4782 .
1045 4769 1051 4781 .
1084 4767 1091 4780 .
1123 4768 1130 4781 .
1163 4767 1170 4781 .
1282 4767 1289 4780 .
1319 4737 1350 4778 ου

1114 4839 1144 4890 2*
