3162 5278
248 353 312 418 346

249 537 364 606 θάνατόν
387 547 411 606 δ’
434 546 538 607 ἐκείνου
562 545 785 626 ἐκληρονόμησεν
809 549 891 623 αύτὴν
913 550 930 624 ἡ
955 549 1051 626 ἀνεψιὰ
1075 551 1154 610 οιύτοιῖ
1174 569 1242 610 ποτε
1265 547 1419 628 θεολογσῦ,
1444 549 1489 628 ἀφ’
1510 544 1538 624 ἧς

249 668 332 728 πάλιν
354 667 488 748 περιῆλθε
510 668 721 748 κληρονομικῶς
745 669 777 729 ἐκ
800 669 932 748 διαδοχῆς
955 669 995 741 είς
1017 673 1062 731 τόν
1084 671 1140 731 υίον
1164 672 1247 748 αύτῆς
1266 671 1413 752 Γεάιργιον,
1436 669 1484 730 καί
1506 673 1539 730 ότι

251 789 303 848 ἀπό
330 789 470 860 τοσούτους
496 791 611 870 χρόνους
633 789 663 848 σύ
685 791 845 868 γινώσκουσι
869 789 1001 867 δεσπότην
1028 797 1077 868 τῆς
1100 791 1251 869 ἐκκλησίας
1274 793 1385 873 ταύτης,
1413 791 1474 852 σύτε
1500 795 1539 852 τόν

252 912 380 986 Ἰωάννην
403 911 565 988 Καλλονάν,
595 909 655 972 οὔτε
681 912 726 971 τόν
754 911 810 972 υίδν
832 916 850 986 ἢ
874 913 989 992 ἔγγονον
1016 913 1130 994 ἐκείνου,
1157 911 1218 973 ούτε
1247 913 1337 973 ἄλλον
1358 917 1427 993 τινά,
1457 912 1480 973 εί
1505 917 1539 990 μῆ

250 1033 312 1104 τούς
335 1033 467 1112 ῥηθέντας
489 1033 679 1113 κληρονόμους
701 1038 747 1094 τοῖν
768 1053 835 1094 ποτε
858 1035 1008 1114 Καρπάθου
1031 1035 1162 1114 Γριμάνη.
1194 1037 1256 1095 ὅθεν
1282 1035 1377 1110 ἐπειδὴ
1400 1031 1454 1095 ἀπό
1477 1038 1539 1114 χρό-

250 1174 304 1212 νων
333 1155 464 1215 τοσούτων
497 1154 580 1233 ἐφάνη
607 1155 625 1230 ῆ
654 1154 766 1234 ρηθεῖσα
798 1154 933 1232 ἐκκλησία
962 1163 1055 1232 κτῆμα
1085 1159 1243 1238 κτητσρικόν
1274 1157 1472 1237 προπατορικδν
1500 1161 1540 1216 τού

252 1273 396 1356 εἰρημένου
419 1276 556 1356 Γεωργίου
583 1271 653 1336 κατά
679 1277 728 1352 τῆν
752 1278 878 1357 ῥηθεῖσαν
901 1279 1085 1360 ἐνυπόγραφον
1107 1277 1154 1340 καί
1183 1279 1373 1358 ἐνσφράγιστον
1401 1277 1539 1357 ἀναφοράν,

253 1399 350 1470 άλλως
371 1418 402 1457 τε
428 1397 550 1458 καὶτῶν
573 1397 655 1458 θείων
681 1397 728 1458 καί
752 1399 832 1478 ἱερῶν
854 1403 946 1476 νόμων
970 1401 1117 1462 ἀπόπατον
1140 1396 1210 1460 εἶναι
1238 1399 1477 1475 διακελευομένων
1498 1400 1539 1474 τῆν

253 1520 323 1594 μετὰ
348 1519 567 1599 τριακονταετίαν
590 1521 734 1581 όποιανσύν
758 1521 871 1599 ἀγωγὴν
897 1520 959 1602 περὶ
983 1521 1148 1600 ἐκκλησίας,
1178 1522 1223 1582 διὰ
1248 1525 1331 1582 ταῦτα
1360 1523 1482 1601 ἔγνωμεν
1503 1521 1541 1580 διό

252 1645 298 1702 τού
327 1645 461 1722 παρόντος
487 1643 621 1722 ἡμετέρου
647 1647 843 1724 πατριαρχικσύ
872 1641 919 1704 καί
946 1641 1084 1704 συνοδικοῖι
1111 1643 1305 1720 σιγιλλιῶδους
1331 1645 1493 1722 γράμματος
1513 1644 1541 1702 τὰ

253 1764 304 1840 μὲν
331 1763 402 1823 κατὰ
424 1765 533 1840 ζήτησιν
559 1768 605 1826 τοῖν
628 1762 772 1845 εἰρημένου
796 1765 884 1840 Ῥάλη
911 1763 958 1826 καί
984 1771 1034 1841 τῆς
1056 1765 1197 1846 Κυριακῆς
1223 1765 1426 1846 προεκδοθέντα
1451 1786 1539 1846 πατρι-

253 1886 355 1964 αρχικά
380 1885 427 1945 καί
454 1884 581 1946 συνοδικά
602 1889 753 1967 γράμματα
777 1886 924 1967 ἀκυρῶσαι,
952 1889 990 1958 ῶς
1012 1886 1083 1946 κατὰ
1107 1887 1212 1962 ἀπάτην
1234 1886 1383 1967 ληφθέντα,
1407 1886 1540 1963 ἐπιβεβαι-

253 2011 322 2066 ῶσαι
348 2006 379 2066 δὲ
405 2007 455 2083 τἠν
483 2006 641 2070 δεσποτείαν
668 2013 718 2083 τῆς
744 2007 895 2084 ἐκκλησίας
921 2009 1021 2084 ταύτης
1047 2007 1085 2086 τῷ
1113 2007 1249 2087 εἰρημένῳ
1276 2008 1414 2088 Γεωργίῳ.
1441 2007 1487 2069 καί
1512 2007 1542 2082 δη

253 2131 403 2208 γράφοντες
432 2130 635 2210 ἀποφαινόμεθα
666 2130 813 2203 συνοδικῶς
844 2131 915 2206 μετὰ
943 2135 997 2190 τῶν
1024 2129 1086 2210 περὶ
1112 2131 1188 2204 ῆμσῖς
1217 2129 1371 2210 ῖερωτάτων
1401 2131 1542 2212 ἀρχιερέων

254 2247 300 2310 καί
330 2245 492 2332 ίκτερτίμων,
522 2249 576 2312 τῶν
607 2251 635 2310 ἐν
663 2251 732 2330 ἁγίῳ
759 2253 890 2326 πνεύματι
918 2252 1067 2330 ἀγαπητῶν
1093 2252 1173 2326 ἡμῶν
1204 2251 1331 2328 ἀδελφῶν
1360 2249 1408 2312 καί
1434 2251 1543 2312 συλλει-

254 2378 384 2452 τουργῶν,
411 2373 454 2432 ἵνα
481 2373 514 2432 τόι
542 2373 593 2447 μὲν
619 2368 691 2433 κατὰ
719 2369 824 2450 ἀπάτην
845 2373 1066 2452 περιειλημμένα
1088 2373 1162 2452 παρὰ
1184 2377 1231 2433 τοῦ
1253 2373 1369 2452 Μάρκου
1392 2371 1480 2447 Ῥάλη
1501 2370 1543 2431 καί

252 2501 301 2570 τῆς
324 2495 479 2574 Κυριακῆς,
506 2500 559 2554 τῶν
586 2492 1053 2576 πρωτεξαδέλφων,.πατριαρχικά,
1081 2493 1209 2554 συνσδικά
1235 2495 1386 2573 γράμματα
1413 2490 1545 2572 ύπάρχωσι

253 2617 341 2690 πάντη
370 2616 457 2695 ἀνυρα
483 2614 530 2676 καί
558 2615 690 2696 ἀνίσχυρα
715 2614 762 2677 καί
789 2618 880 2698 ῶσπερ
908 2619 940 2676 ἀν
964 2615 986 2676 εί
1009 2617 1081 2692 μηδὲ
1105 2616 1272 2695 ἐγεγόνεσαν
1297 2617 1418 2694 πώποτε,
1441 2616 1545 2689 νομιζό-

254 2757 325 2812 μενα
348 2737 485 2815 μηδεμίαν
509 2735 632 2811 ἐξουσίαν
655 2738 701 2798 καί
725 2740 847 2816 μετοχὴν
871 2739 984 2816 ἔχοντος
1007 2737 1067 2798 οίπε
1089 2742 1135 2798 τοῦ
1159 2735 1304 2818 εἰρημένου
1325 2739 1442 2816 Μάρκου
1464 2739 1481 2811 ῆ
1500 2741 1545 2809 τῆς

253 2859 408 2940 Κυριακῆς,
437 2857 497 2920 οὔτε
524 2859 615 2920 ἀλλον
641 2861 713 2930 τινὀς
741 2859 770 2920 ἐν
797 2865 831 2942 τῆ
859 2857 990 2941 εἰρημένη
1014 2858 1149 2942 ἐκκλησίᾳ
1171 2859 1243 2919 κατά
1263 2861 1313 2934 τήν
1336 2863 1418 2936 νῆσον
1443 2857 1544 2932 Πάτμσν

252 2984 299 3041 τοῦ
329 2981 407 3059 ἁγίου
437 2981 685 3062 μεγαλομάρτυρος
713 2981 734 3042 Γ
736 2980 865 3062 εωργίου,
895 2986 929 3063 τῆ
961 2981 1148 3063 ἐπιλεγομένη
1178 2985 1228 3059 τῆς
1251 2979 1357 3058 Πόθας,
1388 2980 1493 3059 ύπάρχη
1522 2977 1543 3035 δ’

254 3103 362 3179 αύτηή
390 3102 525 3180 ἐκκλησία
551 3104 601 3164 ύπδ
628 3105 677 3178 ιῆν
704 3105 867 3183 κτητορικὴν
893 3104 1096 3184 προπατσρικῆν
1125 3101 1255 3178 διοίκησιν
1281 3099 1328 3160 καί
1355 3097 1478 3174 ἐξουσίαν
1503 3102 1544 3157 τσῦ

254 3226 384 3305 ῥηθέντος
406 3225 426 3284 Γ
428 3225 557 3306 εωργίου,
587 3226 643 3286 υῖοό
673 3231 722 3301 τῆς
750 3244 817 3284 ποτε
841 3224 1011 3304 θεολογοῶς,
1042 3223 1162 3300 μηδενός
1193 3225 1240 3282 τού
1268 3222 1366 3283 λοιποῦ
1395 3221 1544 3296 τολμῶντος

254 3349 403 3427 ἐπηρεάσαι
437 3345 484 3406 καὶ
519 3346 670 3424 ἐνοχλῆσαι
701 3345 772 3427 αύτῷ
804 3345 907 3417 ἀδίκως
940 3343 988 3405 καί
1019 3345 1190 3426 παραλόγως
1222 3343 1285 3425 περί
1313 3349 1363 3420 τῆς
1392 3349 1543 3422 κτητσρικῆς

255 3465 379 3541 ἐξουσίας
405 3475 454 3544 τῆς
482 3467 632 3544 ἐκκλησίας
654 3469 761 3544 ταύτης.
794 3470 865 3539 όστις
889 3465 913 3526 δ’
936 3469 967 3526 ἀν
995 3465 1146 3546 φιλαδίκως
1174 3465 1335 3545 ἐπιχειρήσῃ
1364 3462 1405 3537 είς
1431 3467 1461 3524 τό
1486 3460 1543 3536 ἑξῆς

255 3589 409 3649 ἀποσπάσαι
437 3588 483 3646 ἀπ’
507 3589 586 3648 αύτσό
613 3590 662 3665 τὴν
690 3587 836 3668 εἰρημένην
863 3587 1024 3668 ἐκκλησίαν,
1052 3589 1221 3666 ότοιοῖκτος,
1248 3585 1401 3667 ἱερωμένος
1428 3587 1477 3662 μὲν
1500 3586 1543 3659 ῶν,

255 3713 295 3783 ῶς
325 3709 540 3791 διεστραμμένος
574 3710 621 3770 καὶ
651 3710 793 3790 φιλόδικος
828 3710 914 3791 ἀργός
950 3711 1020 3791 μένῃ
1049 3711 1138 3782 πάσης
1168 3708 1307 3788 ἱερατικῆς
1339 3707 1477 3788 ἐνεργείας
1502 3701 1543 3764 καί

254 3831 361 3907 τάξεως
391 3832 438 3895 καὶ
469 3834 649 3914 ἐστερημένος
678 3833 779 3905 παντός
808 3833 1036 3908 ἐκκλησιαστικού
1066 3829 1247 3908 είσοδῆματος
1278 3827 1325 3890 καὶ
1355 3829 1542 3904 δικαιώματος,

255 3959 288 4016 ἀν
316 3955 347 4016 δέ
373 3963 427 4018 τῶν
454 3957 560 4016 λαῖκῶν
583 3952 616 4036 ᾖ,
645 3953 700 4014 είτε
728 3955 805 4034 ἀνήρ,
836 3953 889 4014 εἴτε
912 3955 995 4032 γυνή,
1020 3951 1207 4033 ἀφωρισμένος
1230 3953 1339 4032 ύπάρχη
1361 3947 1408 4009 καὶ
1430 3967 1542 4026 κατηρα-

256 4081 340 4154 μὲνσς
366 4077 413 4137 καί
440 4073 635 4157 ἀσυγχώρητσς
661 4074 708 4136 καὶ
734 4073 834 4148 πάσαις
860 4077 920 4147 ταῖς
946 4077 1091 4155 πατρικαῖς
1116 4065 1164 4132 καί
1190 4071 1342 4144 συνσδικαῑς
1370 4067 1449 4152 ἀραῖς
1469 4069 1541 4128 ύπεά-

256 4203 334 4272 θυνος
361 4199 408 4260 καὶ
438 4197 574 4272 ὑπόδικος.
609 4197 657 4258 καὶ
687 4196 727 4270 είς
756 4199 805 4273 τῆν
831 4195 893 4276 περί
919 4197 1019 4257 τούτων
1047 4193 1162 4268 ἔνδειξιν
1188 4192 1236 4254 καὶ
1264 4193 1416 4272 ἀσφάλειαν
1444 4191 1541 4270 ἐγένετο

256 4319 303 4382 καὶ
331 4324 362 4382 τό
391 4323 477 4402 παρόν
506 4322 641 4401 ἡμέτερον
674 4321 885 4400 πατριαρχικόν,
920 4317 1073 4398 συνοδικόν,
1108 4314 1286 4394 σιγιλλιῶδες
1320 4314 1350 4374 ἐν
1384 4313 1541 4391 μεμβράνας

256 4446 374 4526 γράμμα
399 4443 446 4504 καί
473 4443 555 4519 ἐδόθη
582 4440 621 4520 τῷ
646 4439 781 4522 εἰρημένῳ
804 4438 944 4518 Γεωργίιρ,
972 4437 1162 4518 καταστρωθέν
1188 4435 1236 4497 καί
1259 4436 1288 4496 ἐν
1311 4434 1349 4514 τῷ
1372 4435 1438 4517 ἰεριῖν
1459 4431 1542 4493 κύδιστε

256 4571 305 4642 τῆς
334 4567 397 4626 καθ’
419 4567 495 4639 ἡμᾶς
524 4568 571 4623 τού
598 4565 713 4642 Χριστοῦ
743 4563 873 4639 μεγάλης
908 4561 1069 4637 ἐκκλησίας.
1105 4561 1138 4620 ἐν
1169 4560 1236 4620 ἔτει
1267 4556 1417 4637 σωτηρίῳ
1440 4548 1540 4640 ,σύξηλ

257 4685 368 4767 ίσυνίῳ
393 4685 443 4769 ις’,
468 4687 698 4763 έπινεμησεως
722 4683 757 4748 α’.
782 4685 803 4763 †
