3162 5278
259 355 323 419 316

258 523 423 626 ήγοὺμενον,
448 549 485 620 ῶς
504 553 553 624 τῆς
573 551 655 624 νήσου
678 549 765 608 αὑτῶν
788 550 887 624 ταύτης
910 547 1054 631 ἐλευθερίᾳ
1076 549 1260 624 τετιμημένης
1282 546 1329 606 καί
1352 568 1544 626 σταυροπηγιοι-

257 675 294 748 κῇ
321 669 459 751 φιλοτιμίᾳ
487 668 533 728 καὶ
562 668 656 746 μηδενί
679 691 728 730 τινι
757 671 841 750 ἑτέρῳ
868 671 1049 744 ὑποκειμένης
1072 673 1089 744 ή
1114 671 1151 745 μὴ
1176 672 1258 744 μόνον
1284 667 1323 745 τῷ
1346 671 1544 746 ήγουμενεὺσντι

259 791 288 850 ἐν
314 790 353 870 τῷ
382 791 411 848 ἐν
439 793 506 871 αὑτῇ
533 791 675 867 σεβασμίῳ
703 791 875 870 μοναστηρίῳ
902 795 948 850 τοῦ
972 791 1126 872 Θεολόγου7
1157 792 1264 866 μηδένα
1290 813 1320 851 τε
1351 795 1444 871 ἕτερον
1470 791 1543 870 ἱερω-

259 915 340 988 μένον
359 915 377 988 ή
398 913 495 972 λαϊκὺν
520 914 594 992 ἔχειν
619 913 712 972 ἀδειαν
735 913 889 988 λαμβάνειν
912 913 961 987 τὴν
985 911 1115 992 ἐξαρχίαν
1138 914 1236 990 ταὺτην
1256 913 1331 994 παρὰ
1353 919 1402 988 τῆς
1426 914 1545 991 μεγάλης

258 1035 410 1110 ἐκκλησίας
436 1034 483 1094 καί
506 1037 594 1111 ζητεῖν
618 1036 744 1112 συγχέειν
767 1033 814 1094 καὶ
837 1034 995 1116 ἀνατρέπειν
1018 1035 1066 1108 τήν
1089 1034 1211 1094 παλαιὰν
1235 1037 1320 1095 αὑτῶν
1344 1037 1484 1110 συνήθειαν
1505 1033 1544 1095 καί

257 1159 287 1217 τό
314 1159 459 1237 προνόμιον
486 1160 532 1216 τοῦ
560 1159 630 1216 κατὰ
653 1155 764 1234 καιροὺς
785 1157 1030 1234 ήγουμενεόοντος·
1054 1160 1131 1217 τοῦτο
1153 1156 1208 1238 γὰρ
1230 1157 1305 1229 ὅλως
1328 1158 1461 1237 ἀφόρητον
1485 1154 1544 1218 εἶναι

258 1281 348 1351 αὑτοῖς
375 1276 422 1338 καί
449 1278 613 1360 ἀβούλητον,
641 1275 762 1349 στάσεώς
784 1299 815 1337 τε
841 1276 889 1336 καί
917 1278 1055 1356 διχονοίας
1082 1279 1222 1359 παραίτιον
1248 1278 1296 1338 καὶ
1317 1279 1425 1356 ἀτιμίαν
1451 1281 1543 1359 ἐπάγον

257 1400 297 1480 τῷ
319 1400 460 1479 σεβασμίῳ
487 1401 571 1478 τοὺτῳ
602 1401 784 1480 μοναστηρίῳ,
817 1393 847 1458 οὑ
876 1401 921 1459 τόν
949 1401 1101 1477 ήγοὺμενον
1131 1398 1178 1460 καί
1204 1407 1254 1476 τῆς
1280 1403 1362 1478 νήσου
1388 1406 1544 1482 προεστάναι
1569 1407 1570 1410 ’

259 1525 366 1599 ἁπάσης
394 1522 608 1600 διωμολόγησαν
635 1521 683 1581 καί
709 1522 757 1596 τὴν
785 1519 916 1602 ἐξαρχίαν
941 1523 1025 1597 μόνον
1052 1521 1206 1596 λαμβάνειν
1229 1524 1312 1598 αὑτῆς
1336 1524 1478 1604 ἀνέκαθεν,
1505 1524 1544 1584 καί

256 1650 335 1705 τοῦτο
359 1640 428 1704 είναι
450 1645 584 1724 συμφέρον
612 1645 670 1719 ἅμα
696 1642 744 1702 καὶ
767 1642 895 1703 εὑτακτον
922 1647 968 1702 τοῦ
992 1642 1019 1701 ἐν
1043 1645 1133 1714 αὑτοῖς
1155 1641 1262 1723 πρώτου
1284 1649 1483 1722 γινωσκομένου
1505 1645 1544 1704 καὶ

256 1769 305 1843 τήν
327 1770 453 1847 πρόνοιαν
475 1766 561 1826 αὑτῶν
583 1766 695 1844 ἔχοντος
717 1763 764 1824 καί
784 1764 902 1841 μηδενός
927 1760 1027 1836 ἔξωθεν
1052 1763 1237 1840 ἐπιπηδῶντος
1259 1765 1306 1825 καὶ
1328 1767 1454 1844 σὺγχυσιν
1475 1767 1542 1826 οίαι-
1569 1757 1570 1812 ζ

257 1894 302 1949 οῦν
330 1891 419 1960 αὑτοῖς
446 1889 606 1966 ἐπάγοντος.
634 1889 727 1946 τοῦτου
748 1889 828 1967 χάριν
856 1887 905 1962 τήν
933 1886 1024 1963 δέησιν
1051 1885 1098 1946 καὶ
1122 1883 1230 1959 ἀξίωσιν
1258 1888 1344 1946 αὑτῶν
1371 1889 1410 1959 ὡς
1438 1887 1543 1965 εὔλογον

256 2011 303 2071 καὶ
330 2012 435 2070 δικαίαν
464 2009 545 2070 οὑσαν
569 2011 691 2084 εὑμενῶς
718 2009 782 2069 λίαν
812 2005 1022 2087 ἀποδεξάμενοι,
1052 2007 1149 2080 άλλως
1172 2005 1269 2068 τεκαὶ
1292 2010 1339 2082 τὴν
1363 2010 1483 2068 σύστασιν
1505 2009 1543 2068 καί

257 2136 316 2208 μετ’
341 2129 465 2204 εὑταξίας
489 2129 663 2210 διεξαγωγὴν
686 2137 738 2190 τῶν
763 2132 847 2208 άγίων
868 2135 915 2190 τοῦ
937 2132 999 2188 θεοῦ
1024 2131 1178 2204 ἐκκλησιῶν
1202 2129 1248 2189 διὰ
1269 2130 1407 2209 φροντίδος
1431 2132 1543 2210 ἔχοντες,

255 2257 405 2334 γράφοντες
428 2255 474 2313 διὰ
498 2259 544 2312 τοῦ
566 2255 699 2334 παρόντος
723 2254 926 2332 ἀποφαινόμεθα
949 2253 1097 2325 συνοδικῶς
1120 2249 1190 2328 μετὰ
1211 2259 1265 2311 τῶν
1287 2251 1347 2330 περί
1371 2255 1446 2327 ήμᾶς
1468 2253 1541 2332 ίερω·

255 2375 343 2436 τάτων
376 2377 584 2455 μητροπολιτῶν
617 2374 664 2434 καί
699 2376 850 2455 ὑπερτίμων
883 2380 936 2434 τῶν
968 2376 996 2434 ἐν
1028 2375 1099 2454 άγίῳ
1130 2375 1261 2450 πνεόματι
1292 2375 1443 2452 ἀγαπητῶν
1472 2377 1543 2450 ήμῶν

256 2497 383 2576 ἀδελφῶν
413 2496 459 2557 καί
488 2498 717 2578 συλλειτουργῶν,
747 2498 829 2572 ίναή
859 2498 988 2578 ἐπιτροπὴ
1015 2505 1064 2574 τῆς
1092 2497 1219 2577 βηθείοης
1248 2501 1448 2576 πατριαρχικής
1473 2499 1544 2570 ήμῶν
1569 2577 1570 2580 γ

257 2617 387 2701 ἐξαρχίας
413 2620 511 2694 ταὺτης
537 2625 586 2696 τῆς
613 2605 695 2694 νήσου
719 2621 831 2693 ΙΙάτμου
859 2619 910 2678 ἀπό
933 2623 978 2679 τοῦ
1000 2623 1045 2677 νῦν
1067 2617 1114 2677 καί
1137 2617 1177 2690 είς
1199 2620 1229 2678 τό
1257 2615 1322 2694 ἐξής
1350 2619 1403 2698 ἔχῃ
1432 2617 1544 2678 δίδοσθαι
1569 2611 1570 2704 ί

255 2742 294 2821 τῷ
324 2742 395 2801 κατὰ
424 2741 533 2820 καιροὺς
563 2742 756 2818 ήγουμενεὺειν
787 2741 901 2818 λαχόντι
932 2740 960 2798 ἐν
990 2745 1023 2820 τῇ
1056 2740 1193 2820 σεβασμίᾳ
1220 2740 1303 2820 ταὺιῃ
1330 2748 1543 2820 σταυροπηγιακή
1569 2715 1570 2720 ¹

257 2871 326 2948 μονή
354 2869 400 2924 τοῦ
428 2865 505 2942 ἁγίου
529 2865 657 2922 Ἰωάννου
679 2866 725 2922 τοῦ
748 2860 903 2942 Θεολόγου,
931 2861 1058 2932 κάκεῖνος
1087 2863 1169 2936 μόνος
1193 2861 1302 2942 ὑπάρχῃ
1332 2859 1379 2920 καί
1410 2861 1544 2938 λογίζηται
1569 2837 1570 2842 ¹

257 2987 399 3067 ἐπίτροπος
424 2988 515 3064 αὑτῆς,
540 2984 658 3064 ὀφείλων
684 2984 806 3064 πληροῦν
832 2989 866 3065 τῇ
889 2984 951 3042 καθ’
971 2983 1046 3057 ἡμᾶς
1073 2987 1119 3042 τοῦ
1142 2983 1257 3062 Χριστοῦ
1281 2982 1395 3062 μεγάλῃ
1419 2981 1544 3061 ἐκκλησίᾳ
1569 2979 1570 2982 ’

255 3110 285 3166 τό
317 3109 527 3185 διατεταγμένον
558 3108 641 3182 μόνον
673 3106 779 3180 ἐτήσιον
815 3102 862 3163 καὶ
895 3103 1050 3180 λαμβάνειν
1081 3105 1145 3184 παρ’
1173 3105 1253 3164 αὑτοῦ
1282 3105 1312 3162 τό
1343 3109 1392 3177 τῆς
1424 3101 1544 3180 ἐξαρχίας
1569 3181 1570 3194 γ

255 3233 380 3309 γράμμα,
415 3230 520 3304 μηδένα
547 3228 579 3287 δὲ
611 3231 703 3306 ἕτερον
733 3230 751 3300 ἡ
781 3233 834 3286 τῶν
865 3231 910 3285 τοῦ
939 3225 1075 3304 ἱερατικοῦ
1105 3226 1262 3304 καταλόγου
1291 3229 1309 3298 ἢ
1340 3230 1390 3300 τῆς
1419 3231 1544 3298 κοσμικῆς

255 3349 359 3422 τάξεως
389 3351 495 3423 τολμᾶν
527 3347 660 3424 ἐπιπηδᾶν
690 3347 757 3428 αὑτῇ
787 3345 834 3406 καὶ
864 3347 987 3424 γίνεσθαι
1019 3346 1137 3427 ἔξαρχον
1170 3347 1199 3406 ἐν
1227 3353 1261 3428 τῇ
1292 3337 1366 3426 νήσῳ
1395 3347 1477 3427 παίσῃ
1505 3342 1543 3403 καὶ
1569 3341 1570 3376 3

257 3473 384 3549 ἐνοχλεῖν
408 3469 455 3529 καὶ
479 3471 640 3550 ἐπηρεάζειν
662 3470 692 3528 τδ
716 3469 829 3528 σὺνολον
851 3467 890 3546 τῷ
912 3465 984 3528 κατὰ
1006 3469 1116 3548 καιροὺς
1138 3469 1357 3548 ήγουμενεὺοντι,
1382 3471 1506 3546 συγχέειν
1519 3486 1543 3523 τε

256 3590 303 3653 καί
326 3594 484 3673 ἀνατρέπειν
506 3591 555 3666 τήν
580 3592 796 3669 ἐπικρατήσασαν
822 3592 907 3650 αὑτῶν
931 3591 1048 3670 ἀρχαίαν
1071 3587 1147 3662 τάξιν
1168 3611 1199 3650 τε
1221 3589 1268 3650 καί
1291 3591 1444 3668 συνήθειαν,
1467 3592 1496 3648 τό
1518 3586 1543 3645 δέ

256 3715 422 3796 προεκδοθέν
451 3711 596 3792 ἐξαρχικὺν
619 3715 735 3793 γράμμα
761 3712 800 3791 τῷ
822 3714 901 3795 τιαπφῖ
923 3713 1030 3795 Νικήτφι
1051 3718 1101 3789 τῆς
1125 3709 1257 3791 ἐξαρχίας
1279 3713 1376 3786 ταὺτης
1398 3717 1448 3786 τῆς
1470 3710 1542 3769 ἐλεν

256 3837 374 3911 σομένης
398 3836 511 3908 ἐννάτης
534 3833 701 3905 ίνδικτιῶνος
723 3834 831 3914 ὑπάρχῃ
854 3834 952 3912 όίκυρον
979 3833 1025 3893 καὶ
1048 3833 1190 3914 ἀνίσχυρον
1213 3831 1261 3893 καὶ
1284 3833 1349 3909 μηδ’
1370 3833 1445 3904 ὅλως
1472 3831 1541 3908 ἐνερ-
1569 3913 1570 3918 ¹

255 3958 388 4038 γοὺμενον
417 3957 550 4032 μενούσης
577 3962 626 4030 τῆς
655 3957 802 4034 ἐπιτροπῆς
830 3958 868 4028 ὡς
890 3955 937 4016 καὶ
959 3957 1099 4036 πρότερον,
1132 3954 1172 4027 είς
1195 3975 1223 4015 τε
1246 3957 1291 4014 τόν
1314 3959 1358 4014 νῦν
1381 3952 1541 4032 ήγουμενεί-

256 4101 320 4140 οντα
347 4081 374 4138 ἐν
397 4079 435 4157 τῷ
459 4077 631 4157 μονκστηρίῳ
655 4077 739 4156 τοὺτῳ
765 4076 812 4136 καί
835 4077 874 4150 είς
897 4079 957 4148 τοὺς
986 4078 1057 4152 μετὰ
1082 4082 1166 4137 ταῦτα
1192 4076 1265 4135 κατὰ
1290 4077 1401 4156 καιροὺς
1426 4077 1540 4152 ἡγουμέ-

255 4203 399 4270 νεῦσοντας
427 4201 511 4280 μέχρι
533 4199 634 4271 παντός
659 4194 825 4274 ἀμεταθέτου
852 4199 898 4259 καὶ
922 4200 1119 4275 ἀμετακινήτου
1146 4201 1176 4258 το
1200 4199 1324 4258 σὺνολον.
1355 4199 1386 4268 ὑς
1409 4197 1432 4254 δ’
1455 4193 1487 4255 ἀν
1509 4216 1541 4263 τις

255 4329 308 4381 τῶν
336 4323 444 4381 πάντων
471 4323 597 4404 τολμήσῃ
630 4322 675 4380 ἀπ’
700 4321 821 4392 ἐναντίας
849 4324 975 4402 φέρεσθαι
1002 4324 1058 4393 τοῖς
1087 4321 1115 4379 ἐν
1142 4319 1180 4398 τῷ
1209 4322 1319 4398 παρόντι
1346 4321 1541 4396 γεγραμμένοις
1569 4373 1570 4440 γ

256 4441 303 4502 καί
331 4445 433 4526 ζητήσῃ
462 4443 598 4523 οίῳδήτινι
626 4444 715 4522 τρόπῳ
744 4447 876 4520 συγχῦσαι
902 4441 950 4502 καί
978 4443 1127 4522 ἀνατρέψαι
1149 4435 1197 4518 τὴν
1224 4441 1443 4522 ἐπικρατήσασαν
1467 4442 1542 4499 αὑτῶν
1569 4467 1570 4514 γ

1569 4525 1570 4550 ί

258 4564 374 4644 ἀρχαίαν
398 4566 550 4641 συνήθειαν,
573 4562 718 4638 ἐνόχλησίν
739 4583 769 4622 τε
792 4561 839 4622 καὶ
861 4563 1015 4624 σκάνδαλον
1038 4563 1203 4644 προξενήσαι
1225 4564 1263 4642 τῷ
1285 4583 1316 4623 τε
1337 4564 1484 4642 ἡγουμένῳ
1504 4555 1542 4618 καί
1569 4555 1570 4608 ί

259 4687 315 4756 τοῖς
336 4687 560 4758 συνασκουμένοις
578 4685 693 4764 πατράσι
715 4683 762 4745 καί
782 4691 846 4746 πᾶσι
868 4689 924 4758 τοῖς
948 4687 976 4745 ἐν
999 4693 1032 4769 τῇ
1055 4689 1129 4766 νήσῳ
1150 4687 1233 4768 παίσῃ
1256 4689 1435 4766 χριοτιανοῖς,
1459 4681 1542 4749 όποίας
