3186 5286
1285 356 1349 422 383

153 543 174 620 †
197 544 425 619 Καλλίνικος,
451 546 537 624 ἐλέῳ
560 548 636 605 θεοῦ
660 547 923 627 άρχιεπίσκοπος
947 550 1348 630 Κωνσταντινσυπόλεως,

62 661 141 734 Νέας
164 665 309 744 Ῥώμης,
332 665 387 724 καὶ
410 663 647 741 οίκουμενικδς
669 671 888 748 πατριάρχης.
913 673 934 748 †

61 785 128 862 †'0
152 785 360 864 Καισαρείας
383 787 560 859 Φιλόθεος.
584 791 604 868 †
726 789 747 866 †
770 789 806 848 Ὀ
827 790 997 870 Λαρίσσης
1017 793 1199 865 Διονύσιος.
1224 793 1245 870 †

61 907 129 982 †'0
159 906 395 983 Νικομηδείας
427 909 627 980 Ἄθανάσιος.
652 913 673 989 †
726 911 806 988 †'0
831 913 973 982 Κυζίκου
996 911 1209 993 Ἰωακείμγ

60 1030 128 1104 †‘O
154 1030 307 1108 [Ιροόσης
330 1028 491 1104 Ἀνθιμσς.
516 1031 536 1107 †
726 1035 747 1112 †
771 1033 807 1092 Ὁ
832 1081 1093 1099 ........
1121 1037 1143 1115 †

60 1151 128 1227 †‘0
153 1150 359 1231 Ἡρακλείας
391 1197 396 1208 .
423 1197 430 1212 .
455 1197 461 1210 .
489 1199 495 1212 .
520 1151 541 1228 †
726 1153 746 1232 †
769 1154 804 1212 ‘0
832 1153 1087 1232 Θεσσαλονίκης
1110 1154 1302 1236 Γεράοιμος.
1329 1159 1350 1236 γ

59 1273 127 1348 †‘0
151 1273 285 1353 Δόρκων
309 1273 484 1353 Ἱερόθεος.
508 1274 529 1352 †

153 1402 298 1472 Ατοίιοίμμ.
323 1403 408 1456 chart.
435 1402 510 1458 flor.
528 1403 569 1456 ΙΙ.
594 1419 644 1456 nro
661 1405 710 1457 92.

251 1723 400 1788 CLXIV.
426 1723 651 1808 7359-1843‚
674 1748 784 1790 mense
808 1727 995 1812 septembrI,
1018 1728 1083 1793 ind.
1108 1729 1149 1794 Π.

124 1871 291 1924 Ραίιάανοθα
311 1870 465 1926 Germanus
483 1873 502 1924 Ι
510 1873 538 1926 V.
563 1871 703 1941 ουιμῖππιαί
721 1874 869 1944 ρπίυιίσρία
893 1883 918 1928 εί
940 1875 1090 1932 ίίίιοπίυίοτιι
1112 1880 1280 1934 monasterii.

154 2056 384 2134 γΓερμανός,
420 2056 507 2135 ἐλέῳ
541 2059 616 2116 θεοῦ
646 2057 912 2136 άρχιεπίσκοπος
943 2059 1349 2142 Κωνσταντινουπόλεως,

58 2175 141 2247 ,θέας
164 2177 313 2256 Ῥώμης,
337 2175 392 2237 καί
416 2176 649 2253 οἰκουμενικδς
671 2181 890 2259 πατριάρχης.
915 2182 935 2259 †

155 2369 176 2446 †
201 2367 260 2444 Τῆς
283 2369 513 2445 ἐκκλησιαοπκῆς
535 2368 597 2450 περὶ
619 2367 708 2430 πάντα
729 2370 857 2451 προνοίας
881 2371 961 2450 ἔργον
990 2370 1045 2432 ἐστί
1068 2372 1297 2452 περισποθδαστον
1320 2375 1350 2432 τδ

58 2495 173 2548 συνιστᾶν
203 2491 405 2570 όπερρερόντως
432 2489 478 2550 καὶ
505 2491 644 2570 κρατύνειν
670 2492 705 2551 τά
731 2491 805 2572 παρὰ
832 2498 886 2552 τῶν
913 2495 1135 2574 προγενεστέρων
1163 2493 1268 2572 εὔλογα
1289 2515 1350 2573 κρι-

58 2610 134 2670 θέντα
156 2632 187 2671 τε
210 2611 258 2670 καὶ
280 2613 446 2692 κυρωθέντα,
470 2612 528 2671 ἀνθ’
545 2612 606 2671 δτου
628 2611 675 2671 καὶ
698 2615 759 2672 κατ’
775 2611 852 2690 ἰ’χνος
875 2614 1002 2688 ἑπόμενοι
1025 2618 1081 2686 τοῖς
1104 2617 1233 2694 φθάσασιν
1256 2615 1281 2676 σί
1302 2617 1352 2691 τὴν

59 2735 239 2808 πνευματικὴν
267 2733 461 2811 διαδεχόμενοι
493 2733 654 2814 προστασίαν
687 2736 826 2814 περιέπειν
861 2735 916 2815 ὅλῃ
951 2735 1063 2811 δυνάμει
1097 2735 1131 2795 τά
1163 2739 1352 2818 συμφερόντως

60 2851 254 2934 ἐξεργασμένα
281 2857 331 2916 οὐκ
357 2854 559 2935 ἀπαναίνονται,
587 2856 707 2931 μάλιστα
735 2855 766 2914 δὲ
793 2854 840 2914 καί
868 2857 1021 2936 ἐπικυροῦσι
1048 2857 1082 2916 τὰ
1104 2859 1176 2918 κατὰ
1198 2858 1352 2938 φιλοτιμίαν

57 2979 322 3056 προκεχορηγημένα
352 2979 408 3049 τοῖς
438 2978 598 3053 σεβασμίοις
628 2977 815 3056 μοναοτηρίοις
846 2981 1010 3056 γράμματα·
1048 2976 1095 3038 καί
1125 2979 1180 3059 γάρ
1213 2985 1267 3038 τῶν
1301 2979 1352 3039 ὑπό

56 3103 152 3177 χρόνον
179 3101 350 3178 πραγμάτων
377 3099 416 3178 τῷ
443 3099 583 3161 ἀκάθεκτα
610 3101 696 3180 ῥέοντι
719 3100 810 3178 χρόνῳ
833 3103 937 3180 συρρεῖν
964 3098 1010 3160 καὶ
1033 3100 1160 3180 ἀπορρεῖν
1183 3103 1351 3180 πεφυκότων,

57 3221 195 3303 διαρκείας
221 3219 268 3281 καί
295 3223 449 3292 συστάσεως
476 3221 616 3296 διηνεκοῦς
641 3218 774 3302 πρόξενος
801 3223 818 3295 ἡ
846 3221 874 3280 έν
904 3223 961 3292 τοῖς
987 3222 1115 3292 τοιούτοις
1143 3221 1214 3282 κατὰ
1241 3221 1352 3301 καιροὺς

55 3343 223 3422 καινουργία,
258 3337 365 3418 ἧστινος
399 3343 596 3418 ἀμελουμένης
625 3344 643 3416 ἠ
674 3343 789 3424 χρονικὴ
823 3345 980 3424 περιπέτεια
1012 3341 1051 3422 τῷ
1077 3349 1126 3420 τῆς
1156 3342 1246 3418 λήθης
1280 3341 1352 3420 βυθῷ

56 3464 241 3546 παραδιδοῦσα
270 3464 305 3523 τὰ
334 3464 431 3536 καλῶς
453 3483 519 3523 ποτε
546 3461 720 3543 ἐναρξάμενα
747 3463 846 3539 ζημίαν
874 3463 904 3523 σὺ
931 3465 980 3540 τὴν
1006 3466 1138 3542 τυχοῦσαν
1170 3465 1267 3542 ἐπάγει
1296 3467 1353 3536 τοῖς

56 3585 203 3666 όψιγόνοις.
228 3586 323 3661 ἐπειδὴ
346 3586 434 3647 τοίνυν
456 3583 502 3644 καὶ
524 3584 578 3660 ἤδη
600 3584 854 3666 προσεκομίσθησαν
876 3586 941 3661 ἡμῖν
964 3584 1111 3658 συνοδικῶς
1132 3587 1354 3668 προκαθημένοις

55 3709 212 3788 παλαιγενῆ
240 3708 371 3782 βασιλικὰ
397 3707 593 3788 χρυσόβουλλα
623 3705 670 3767 καί
696 3708 880 3788 πατριαρχικδι
907 3708 1071 3786 σιγιλλιώδη
1098 3711 1250 3788 γράμματα
1279 3727 1353 3784 πεμ-

55 3831 153 3908 ρθέντα
176 3830 251 3908 παρὰ
272 3835 326 3890 τῶν
349 3830 502 3890 ὁσιωτάτων
524 3830 652 3910 πατέρων
673 3835 727 3889 τῶν
750 3831 974 3904 ουνασκουμένων
998 3829 1027 3888 έν
1049 3835 1083 3912 τῇ
1107 3829 1178 3889 κατὰ
1201 3829 1249 3904 τὴν
1272 3834 1353 3904 νῆσον

56 3953 169 4029 Πάτμον
195 3952 258 4036 ἱερᾷ
284 3951 331 4014 καὶ
358 3953 494 4036 σεβασμίᾳ
518 3958 589 4036 μονῇ
616 3957 663 4013 τοῦ
685 3953 771 4031 ἁγίου,
803 3949 912 4026 ἐνδόξου
934 3949 981 4013 καί
1003 3954 1179 4032 πανευρήμου
1202 3950 1354 4011 ἀποστόλου

54 4076 99 4136 καὶ
131 4075 329 4155 εθαγγελιστοῦ
357 4076 484 4135 Ἰωάννου
513 4081 560 4134 τοῦ
589 4074 743 4156 Θεολόγου,
779 4075 856 4134 ἅτινα
886 4073 934 4134 καί
964 4075 1173 4154 ἀναγνωσθέντα
1203 4069 1247 4133 ἐπὶ
1276 4077 1353 4154 κοινῇ

54 4198 185 4280 ἀκροάσει
213 4197 456 4276 διαλαμβάνουσιν,
483 4199 523 4256 ότι
545 4199 562 4273 ἡ
586 4196 646 4275 ίερόι
674 4197 739 4272 αθιη
768 4197 838 4271 μονὴ
866 4198 897 4256 οίι
925 4197 1006 4270 μόνον
1033 4192 1192 4274 ἀρχαιότητι
1221 4191 1354 4270 ἐπίσημος

54 4323 194 4400 τυγχάνει,
219 4321 258 4392 ὡς
278 4319 366 4401 βουλῇ
388 4316 436 4379 καὶ
455 4317 536 4400 ἀδείᾳ
557 4323 611 4376 τῶν
632 4316 721 4376 πάλαι
743 4317 881 4392 θεοσεβῶν
905 4317 1109 4397 αθτοκραπόρων
1132 4315 1355 4396 μεγαλοπρεπῶς

54 4443 236 4524 άνεγερθεῖσα
266 4441 318 4500 ὑπό
347 4445 394 4500 τοῦ
423 4439 624 4513 εθλαβεοτάτου
656 4439 684 4498 ἐν
715 4441 848 4516 μοναχοίς
875 4435 1086 4519 Χριστοδοθλου,
1122 4437 1199 4498 ἀλλά
1230 4436 1277 4498 καί
1306 4439 1355 4513 τὴν

54 4565 168 4626 τελείαν
191 4563 351 4644 ἐλευθερίαν
373 4563 420 4622 καὶ
449 4561 680 4642 αίιτεξουσιότητα,
708 4563 739 4620 τό
758 4581 788 4620 τε
810 4564 897 4638 πάντη
922 4547 1050 4620 άοθδοτον
1072 4559 1119 4620 καὶ
1142 4563 1172 4619 τό
1197 4560 1353 4638 ἀνενόχλη-

53 4707 99 4746 τον
124 4685 286 4768 προσέλαβε
314 4687 348 4744 τά
370 4704 400 4744 τε
429 4683 515 4763 ἀλλα,
545 4683 591 4743 καί
620 4683 687 4743 διότι
713 4683 811 4758 ταύτην
841 4682 927 4762 ἑαυτῷ
950 4685 1087 4765 ᾑρημένος
1116 4683 1130 4741 ό
1159 4682 1355 4762 οὺρανσβοίμων
