3160 5292
1258 367 1322 434 263

131 563 329 646 ήΤιμιώτατε
363 563 392 626 ἐν
424 563 632 646 ίερομονάχοις,
665 563 857 644 καθηγούμενε
888 569 939 640 τῆς
972 563 1124 642 σεβασμίας
1158 571 1244 642 μονῆς
1274 567 1321 626 τοῦ

38 685 106 764 τ’γίσυ
127 705 181 761 μαι
212 684 259 746 καὶ
283 689 459 768 πανευφήμου
486 681 639 747 ἀποστόλου
664 684 711 746 καί
737 685 933 764 εὐαγγελιστοῦ
956 687 1082 747 Ἰωάννου
1109 692 1155 747 τοῦ
1177 685 1321 766 θεολόγοι

37 805 76 866 ιαί
100 806 125 867 οἰ
152 801 348 884 ἰνσοκοόμσιοι
375 809 442 890 αἰαή
469 810 625 884 τιμιώτατοι
651 806 828 887 ίερομόναχαι
853 805 900 867 καὶ
927 801 1067 869 όσιώτατοι
1095 809 1221 887 μοναχοί,
1251 804 1322 868 κατὰ

35 933 132 1004 τνεῖμα
160 925 319 1016 [ἀγαπητοὶ]
347 927 398 992 υῖοῖ
424 935 474 1008 τῆς
499 930 579 1006 ἡμῶν
606 931 794 1010 μετριότητος,
821 932 903 1010 χάρις
929 931 990 1006 ὑμῖν
1017 927 1059 1006 είη
1083 929 1131 990 καὶ
1154 929 1246 1011 εἰρήνη
1274 925 1322 990 καί

36 1051 109 1124 ἕλεος
131 1047 185 1113 ἀπό
207 1051 271 1112 θεοῖ
291 1054 517 1132 παντοκράτορος.
541 1052 576 1112 τὰ
597 1051 660 1114 καθ’
676 1053 747 1128 ὑμεῖς
770 1052 894 1131 ἔγνωμεν
918 1050 963 1112 διὰ
984 1055 1031 1112 τοῦ
1053 1052 1183 1125 ἐλθόντος
1206 1051 1321 1112 ἐνταῦθα
1405 1091 1407 1094 -

34 1172 147 1253 ἰδελροιῖ
174 1173 205 1234 ἐν
225 1171 417 1253 ίερομονάχοις
438 1171 600 1250 τιμιωτάτου
621 1173 668 1235 καί
689 1177 880 1251 πνευματικοΰ,
907 1178 957 1252 κῡρ
979 1174 1129 1252 Φιλοθέου,
1156 1172 1203 1234 καὶ
1226 1174 1256 1234 τό
1279 1171 1320 1233 διό

33 1295 140 1356 ἐνταῦθα
161 1291 264 1372 ήλθεν·
287 1293 358 1374 ήλθε
381 1295 436 1376 γάρ
459 1295 503 1356 διδ
524 1296 574 1372 τήν
595 1301 645 1373 τῆς
667 1301 754 1374 μονῆς
776 1295 945 1378 ἐλευθερίαν,
973 1299 1007 1372 ἣν
1029 1296 1150 1376 ἀρχῆθεν
1172 1295 1319 1374 κεκλήρω-

32 1437 69 1476 ται
98 1417 132 1476 ἔτι
151 1435 184 1476 τε
213 1419 260 1478 τοῦ
290 1416 457 1494 δειμαμένου
487 1419 633 1478 όσιωτάτου
663 1416 711 1478 καί
740 1416 818 1496 σῖγίου
849 1415 946 1498 ἀνδρός
978 1415 1025 1478 καί
1053 1423 1107 1477 τῶν
1137 1418 1208 1494 μετὰ
1236 1421 1321 1480 ταῦτα

31 1539 222 1617 γεγενημένων
255 1539 455 1620 ἐπικυρωτικῶν
485 1537 629 1618 σιγιλλίων
658 1539 828 1620 γραμμάτων
860 1535 899 1611 εἰς
928 1543 1005 1600 τοῦτο
1035 1545 1239 1620 πατριαρχικῶν
1273 1539 1320 1600 καί

30 1661 241 1740 προσταγμάτων
265 1659 375 1742 ἑτέρων,
404 1662 473 1742 άπερ
496 1661 566 1738 δήτα
591 1659 638 1721 καί
661 1659 759 1741 εἴληφε
782 1661 828 1722 σῖιν
850 1658 906 1740 θεῷ
934 1661 966 1722 ἐκ
992 1667 1042 1738 τῆς
1067 1661 1218 1741 κρατσόσης
1239 1663 1319 1736 ήμῶν

31 1779 230 1859 ἑξουσιαστικῖγς
258 1779 366 1862 ἰσχύος,
395 1783 463 1864 όπερ
493 1775 541 1844 καί
566 1783 632 1860 ήμῖν
660 1781 752 1863 ἐφετόν
774 1780 822 1861 ήν·
853 1785 883 1843 τό
910 1783 964 1864 γὰρ
990 1783 1176 1863 γεγενημένον
1202 1781 1258 1859 ήδη
1287 1782 1319 1842 ἐκ

29 1902 143 1982 πλαγίου
165 1902 214 1964 καί
236 1901 276 1976 εἰς
298 1905 377 1982 ζυγόν
399 1905 510 1980 τεθήναι
532 1905 580 1980 τὴν
603 1905 689 1980 μονὴν
711 1901 750 1976 εἰς
772 1904 971 1985 μητροπολίτου
992 1905 1064 1978 τινός
1088 1902 1142 1978 ἐξω
1166 1911 1215 1980 τής
1239 1905 1319 1978 ἡμῶν
1400 1965 1411 1982 ,

31 2024 150 2102 ἐγεγόνει
173 2025 317 2102 θελήσευς
339 2023 386 2086 καί
409 2025 507 2107 δῆλον,
530 2027 570 2086 ότι
591 2025 638 2086 καί
661 2025 783 2086 ἀνιόντων
804 2028 893 2101 ήμῶν.
925 2025 1002 2085 ἀλλά
1024 2032 1057 2108 τῇ
1080 2023 1151 2104 ἰσχύι
1173 2046 1318 2106 καταχρη-

29 2148 130 2227 σαμὲνῃ
160 2152 195 2228 τῇ
226 2143 291 2226 ἔξω,
323 2147 348 2208 τί
375 2149 408 2206 ἂν
436 2146 549 2225 εἰχομεν
579 2147 764 2228 ἀντιφέρεσθαι
789 2147 864 2222 πλὴν
889 2152 938 2223 τῆς
964 2149 1078 2227 γνώμης
1106 2146 1214 2224 ἐκείνης
1240 2149 1319 2222 ήμῶν

27 2265 69 2327 καὶ
97 2267 244 2344 εὐμενείας
271 2272 319 2330 τοῦ
344 2269 394 2344 τήν
423 2269 547 2346 τοισώτην
573 2268 724 2344 σεβοσμίαν
753 2269 952 2350 πατριαρχικὴν
979 2269 1066 2345 μονὴν
1092 2269 1163 2328 κατά
1188 2270 1239 2344 τὴν
1263 2274 1319 2329 τῶν
1414 2343 1415 2348 ¹

28 2389 167 2468 σιγιλλίων
199 2390 333 2471 ἀπόφασιν
360 2389 504 2470 ἐλεόθερον
532 2389 668 2470 διατηρεῖν
696 2387 734 2462 εἰς
757 2388 844 2451 αἰῶνα
869 2391 915 2451 τὀν
938 2392 1045 2451 ἅπαντα
1071 2389 1167 2468 μηδενί
1189 2409 1240 2450 τινι
1265 2395 1319 2451 τῶν

28 2509 149 2572 ἁπάντων
179 2515 198 2588 ἡ
228 2512 350 2593 ἀρχιερεῖ
375 2515 393 2588 η
425 2513 509 2592 ἑτέρῳ
541 2533 580 2592 τῳ
614 2512 779 2593 ὑποκεῖσθαι,
813 2510 836 2572 εἰ
868 2515 907 2588 μὴ
936 2511 975 2592 τῷ
1003 2512 1319 2585 Κωνσταντινουπόλεως

27 2635 177 2716 τατριάρχῃ
199 2633 348 2714 ἀνάγεσθαι
371 2633 404 2694 τὰ
425 2634 487 2694 κατ’
510 2633 603 2714 αθτήν,
626 2633 725 2694 όπόταν
751 2631 798 2693 καί
820 2631 891 2694 τουτὶ
914 2631 1006 2712 δεήσει
1029 2632 1069 2708 εἰς
1091 2635 1213 2695 σύστασιν
1237 2633 1319 2710 αὐτῆς

26 2753 67 2814 καί
88 2757 188 2834 μόνην,
216 2754 276 2834 οἰνχί
297 2755 387 2836 όφεσιν
409 2758 428 2830 ή
449 2754 533 2832 λήψίν
555 2775 614 2816 τινα
637 2753 756 2834 ἐκεῖθενς
787 2753 834 2816 καὶ
860 2759 937 2817 τοῦτο
969 2757 1061 2838 ἔργοις
1086 2777 1117 2816 τε
1147 2756 1194 2816 καί
1220 2757 1318 2835 λόγοις

28 2857 227 2955 δεδηλώκαμεν
256 2877 392 2956 σιγίλλιον
424 2878 615 2958 ἐπικυρωτικόν
644 2882 697 2936 τῶν
727 2876 904 2956 παλαιγενῶν
935 2875 1078 2956 σιγιλλίων
1109 2878 1248 2957 ἐκθέντες,
1281 2879 1316 2939 δι’

26 2993 101 3080 εἰπερ
131 2999 338 3078 άποφαινόμεθα
366 3002 400 3060 τά
422 3017 452 3058 τε
478 3001 572 3079 πρώην
600 2997 724 3077 σιγίλλια
751 2998 784 3057 τὰ
809 2997 872 3079 περὶ
899 2999 979 3060 αὺτοῦ
1004 2999 1035 3058 τό
1061 3002 1142 3078 κῦρος
1170 2999 1245 3078 ἐχειν
1271 2997 1318 3060 καί

26 3122 134 3197 βέβαιον
162 3120 210 3182 καὶ
234 3121 432 3199 ἀμεταποίητον
454 3119 501 3180 καί
522 3122 540 3196 ή
563 3121 701 3182 ἐντεθεῖσα
721 3127 755 3203 τῇ
779 3127 849 3203 μονῇ
871 3119 947 3194 τάξις
969 3121 1012 3182 ὑπ’
1034 3119 1138 3182 ἐκείνου
1159 3125 1207 3182 τοῦ
1228 3141 1317 3182 πανα-

26 3247 152 3304 ταυτάτου
179 3240 227 3302 καὶ
255 3242 421 3318 δειμαμένου
449 3241 530 3318 αἰιτὴν
557 3242 783 3322 άπαρασαίλευτος
810 3243 947 3322 τηρεῖσθαι
974 3241 1013 3313 εἰς
1036 3240 1122 3302 αἰῶνα
1143 3245 1189 3302 τόν
1212 3244 1317 3302 ἅπαντα

25 3365 66 3424 καί
90 3369 150 3438 τοῖς
177 3366 300 3426 όπωσοῦν
328 3365 459 3425 διασεῖσαι
486 3364 584 3440 ταύτην
610 3365 776 3441 τολμήσουσι
804 3365 888 3444 βάρος
914 3364 1116 3446 ἐπιφορτίζομεν
1140 3366 1170 3426 οῖι
1194 3367 1317 3446 φορητὸν,

25 3489 67 3561 τήν
94 3488 151 3548 άπδ
177 3489 242 3549 θεοῦ
268 3485 395 3562 δηλονότι
423 3486 569 3568 διάστασιν,
598 3485 663 3565 όπερ
689 3485 742 3546 κάν
768 3487 834 3569 τῇδε
857 3493 890 3569 τῇ
912 3492 1004 3568 γραφῇ
1030 3485 1077 3547 καί
1100 3485 1175 3558 αὖθις
1203 3487 1317 3568 ἐπικρα-

25 3609 144 3682 τίνοντες
169 3607 241 3688 οῖγαν
268 3601 314 3669 καὶ
339 3606 559 3682 ἑπιβεβαιοῦντες
580 3607 614 3668 τὰ
636 3607 703 3668 αθτὰ
725 3611 782 3681 τοῖς
805 3607 1049 3689 ἐμπεριεχομένοις
1072 3609 1167 3688 ἐκείνῳ
1194 3607 1240 3670 καὶ
1263 3613 1318 3680 τοῖς

27 3731 123 3811 ἑτέροις
152 3729 348 3808 παλαιγενὲσιν
376 3729 579 3810 ἀποφαινόμεθα
610 3729 638 3788 ἐν
665 3735 698 3812 σή
724 3730 842 3813 κραταιφῖ
869 3729 979 3806 δυνάμει
1006 3733 1052 3790 τοῦ
1077 3730 1211 3810 παναγίου
1233 3731 1317 3790 πνεό-

26 3874 115 3932 ματος,
140 3853 186 3913 ἵνα
210 3849 308 3928 μηδεὶς
331 3851 384 3932 ἔχη
403 3853 455 3927 τὴν
478 3850 584 3912 οἰανοῦν
607 3847 730 3924 ἐξουσίαν
753 3849 923 3930 εἰσέρχεσθαι
946 3851 973 3911 ἐν
989 3857 1022 3933 σή
1041 3853 1150 3934 τοιαίιτῃ
1171 3859 1241 3935 μονῇ
1263 3858 1317 3912 τῶν

26 3974 174 4056 ἀρχιερέων
189 3977 208 4050 ή
223 3979 277 4034 τῶν
291 3974 493 4054 πλησιοχώρων
508 3977 527 4050 ή
541 3979 595 4034 τῶν
610 3971 774 4050 τηλεδαπῶν
789 3977 835 4034 τοῦ
850 3973 998 4052 εθλογήσαι
1020 3974 1109 4033 ἐκεῖσε
1124 3977 1142 4050 ή
1167 4020 1275 4035 .....
1299 3978 1317 4050 ή

25 4099 80 4155 κατ’
98 4094 223 4170 ἐξουσίαν
237 4117 262 4156 τι
277 4101 403 4171 ποιῆσαι·
427 4096 550 4176 καθάπερ
565 4095 620 4176 γάρ
636 4095 781 4175 ἐλεύθερον
796 4096 827 4154 τ“ο
848 4098 967 4156 τοιοῦτον
989 4095 1066 4156 τελεῖ
1089 4097 1268 4174 μοναστήριον
1285 4095 1317 4155 ἐκ

25 4219 147 4293 τοιαίτης
161 4219 232 4291 τινός
254 4217 407 4293 ἐπιβάσεως
428 4219 503 4297 μόνῳ
522 4215 561 4296 τῷ
580 4217 651 4277 κατὰ
671 4217 781 4296 καιροὺς
797 4217 825 4276 ἐν
841 4215 913 4296 αυτῷ
927 4218 1074 4296 ήγουμένῳ
1090 4217 1115 4277 οἰ
1132 4217 1221 4276 ἐκεῖσε
1237 4217 1316 4276 πειθ-

27 4345 171 4418 αρχοῦντες
193 4305 338 4400 καίιτοῖτο
362 4337 390 4397 ἐν
412 4340 468 4411 τοῖς
490 4337 665 4418 ψυχωρελέσι
679 4357 710 4398 τε
732 4336 779 4397 καί
801 4337 983 4417 σωτηριώδεσι
1005 4335 1112 4415 καὶτῷ
1135 4335 1314 4417 οἰκουμευικῷ

25 4465 187 4544 πατριάρχῃ,
215 4461 245 4522 οδ
273 4461 324 4538 μὲν
352 4461 437 4541 ἑτέρῳ
458 4459 517 4522 τινί.
549 4457 589 4532 εἰς
615 4460 712 4536 ταύτην
735 4463 800 4540 γοῦν
822 4459 871 4536 τήν
893 4461 1006 4538 γνώμην
1030 4458 1112 4534 ἐσμὲν
1134 4460 1217 4534 ἡμεῖς
1243 4461 1314 4520 κατὰ

26 4585 68 4658 τήν
97 4589 153 4644 τῶν
183 4584 311 4644 παλαιῶν
341 4581 483 4662 σιγιλλίων
515 4582 633 4643 διάνοιαν
663 4579 709 4642 καί
738 4585 784 4642 τοῦ
810 4583 954 4663 ἡμετέρου,
985 4582 1051 4662 ’όπερ
1079 4577 1239 4660 ἐξεθέμεθα,
1271 4583 1315 4643 ἵνα

27 4703 139 4789 διομένη
166 4703 311 4785 ἐλεόθεραν
336 4707 504 4764 παντάπασιν
531 4704 686 4784 ἐπάπειρον,
714 4707 799 4780 μόνην
828 4703 858 4764 δὲ
885 4703 1064 4780 θποτακτικήν
1096 4702 1231 4784 ἀναφορὰν
1260 4705 1312 4791 ἔχη
