3160 5292
255 325 318 392 248

255 523 338 601 μέχρι
367 517 413 580 καί
439 524 486 582 τοῦ
514 519 628 596 δικαίου,
659 520 694 580 νδ
719 521 838 601 κρίνεται
869 521 1021 600 ἔμπροσθέν
1051 538 1103 594 μου
1136 519 1174 590 ὡς
1207 517 1307 595 ἀδειής
1338 522 1384 578 τοῦ
1413 519 1538 595 ἡμετέρου

254 645 427 724 γράμματος.
454 640 501 702 καί
525 643 558 715 ἀς
581 641 726 723 ἐκτηρήται
749 644 766 716 ἡ
789 642 914 722 περίορος
936 646 982 702 τοῦ
1005 637 1186 719 μοναστηρίου
1208 637 1255 699 καί
1282 645 1334 699 τῶν
1363 639 1388 700 σί
1409 638 1538 720 παροίκων

255 765 309 827 ἀπο
334 771 385 842 τῆς
411 761 506 846 χώρας
540 765 714 843 άνενόχλητα
740 766 789 841 ἥτε
812 765 945 843 ἀμπέλια,
968 765 1017 839 ήτε
1044 766 1179 845 χωρσίρια,
1209 763 1258 838 ἥτε
1286 762 1382 837 κινητὰ
1409 762 1459 836 ήτε
1486 761 1538 820 οἰκί-

255 909 324 967 νητα
348 889 498 970 πράγματα
523 892 569 948 τοῦ
597 889 785 968 μοναστηρίου,
814 887 914 967 δένδρα
939 886 1087 966 καρπίσιμσ
1114 884 1162 946 καί
1185 886 1235 945 ὅσα
1260 885 1336 957 ἐντδς
1356 887 1403 944 τοῦ
1425 885 1540 964 περιέρον

254 1016 301 1073 τοῦ
317 1010 495 1090 μοναστηρίου
514 1009 630 1071 καὶτῶν
650 1009 675 1071 οἱ
694 1009 843 1090 παροίκων,
866 1009 900 1068 νά
920 1011 1036 1084 μένωσιν
1057 1013 1141 1069 ταῦτα
1163 1007 1346 1086 ἀνενόχλητα,
1368 1005 1404 1066 νδ
1425 1007 1474 1066 οὐκ
1496 1006 1540 1086 ἔχη

255 1155 295 1206 τις
314 1133 357 1194 ἐπ’
379 1132 473 1204 ἀδείας
496 1136 542 1194 τοῦ
565 1129 650 1192 εἰπεῖν
674 1132 740 1192 αίντὰ
763 1133 793 1191 τδ
816 1134 906 1209 τυχὸν.
931 1133 972 1191 ὅτι
993 1131 1051 1210 ἐγὼ
1074 1131 1158 1202 οὓτως
1179 1130 1211 1190 τ“ο
1233 1128 1323 1210 ὁρίζω,
1346 1129 1386 1188 δτι
1407 1127 1441 1186 νδι
1457 1128 1539 1200 μένω-

257 1276 296 1316 σιν
318 1255 493 1334 ἀνενάχλητα
515 1254 568 1314 ἀπὸ
589 1255 719 1326 παντοίας
742 1252 871 1334 ἐπηρείας
893 1252 940 1313 καί
963 1253 1118 1332 ὀχλήσεως.
1143 1251 1182 1310 ὅτι
1206 1249 1263 1328 ἐγὼ
1286 1249 1369 1328 είνχὴν
1391 1252 1438 1310 τοῦ
1461 1268 1539 1324 μονα-

256 1377 362 1458 στηρίου
377 1379 482 1460 χρῄζω,
507 1375 566 1456 οίιχί
587 1376 618 1436 δέ
639 1376 747 1457 ζημίαν,
770 1374 818 1436 καὶ
841 1375 1014 1452 ἀποδέχομαι
1036 1377 1082 1434 τοῦ
1103 1373 1270 1452 προσθετείν,
1294 1369 1354 1449 οίιχὶ
1375 1378 1422 1432 τοῦ
1445 1370 1540 1430 ἐλλατ-

255 1503 351 1561 τίνειν.
376 1499 409 1572 ἀς
432 1499 579 1578 ἐπιστραρὴ
610 1499 641 1558 δὲ
668 1500 698 1558 τδ
720 1499 854 1578 ἡμέτερον
876 1500 993 1578 γράμμα
1018 1498 1087 1576 πρὸς
1107 1495 1170 1568 τοὺς
1193 1495 1345 1573 μοναχοίις,
1376 1493 1422 1554 ίνα
1453 1494 1540 1572 ἔχωσιν

256 1625 333 1682 τοῦτο
356 1620 403 1682 καὶ
425 1621 487 1692 τοὺς
511 1620 581 1697 μετὰ
603 1619 634 1680 σὲ
655 1621 723 1700 πρδς
745 1620 907 1700 ἐσράλειαν.
931 1621 952 1699 †

360 1744 477 1824 ήΖωη
500 1741 653 1818 Δουκηνα
676 1742 941 1821 Φιλανθρωπινη
964 1761 982 1814 η
1007 1734 1237 1824 Μ[υ]ρισκησα,
1261 1738 1282 1818 †

361 1872 504 1941 Archetyp.
522 1871 719 1926 ἀναπλάσσουσι
741 1887 819 1925 cerea
841 1870 917 1924 διάία
935 1869 1066 1940 perdenti
1087 1885 1106 1922 ιτ
1124 1865 1174 1936 filo
1196 1867 1280 1921 serim
1297 1881 1450 1936 ρυιγνκσοο,
1473 1867 1542 1920 συίυι

257 1975 359 2049 ςγξιίρίω
381 1983 420 2032 σοι
441 1975 537 2030 deleta.
563 1974 639 2030 δίον.
662 1993 712 2030 ιντο
731 1976 778 2030 74.

477 2277 579 2346 CVII.
606 2276 830 2362 6835-1326‚
853 2298 963 2344 mense
986 2277 1160 2361 decembri,
1183 2276 1249 2342 ind.
1273 2277 1332 2342 XI.

259 2431 413 2498 Imperator
441 2427 612 2511 Andronicus
634 2427 692 2482 III.
725 2427 905 2498 Ραίσεσίοφω
942 2425 1083 2494 σοτιβτοιαδ
1113 2408 1297 2495 ροντεετίοκσο
1334 2425 1491 2479 manasterii
1522 2425 1546 2475 ιἰι

258 2534 354 2587 ι’τισυίίι
376 2534 486 2600 Lemno,
510 2532 582 2586 Lero
604 2538 629 2586 et
650 2533 701 2586 000
729 2537 869 2602 tueturque
894 2531 960 2584 iura
986 2531 1043 2584 αὐτ
1065 2536 1159 2585 contra
1181 2530 1334 2584 vexationes
1357 2528 1547 2598 ατσίιίτρίοοορί

880 2636 934 2690 θοί.

363 2838 384 2918 †
408 2836 487 2898 Ἐπεὶ
509 2837 534 2898 οί
557 2835 675 2915 μοναχοί
700 2843 750 2914 τῆς
776 2837 847 2896 κατὰ
872 2838 921 2912 τὴν
947 2843 1029 2914 νῆσον
1051 2838 1101 2911 τήν
1124 2837 1237 2912 Πάτμον
1265 2837 1442 2912 διακειμένης
1468 2835 1545 2908 σεβα-

259 2960 341 3036 σμίας
368 2966 455 3036 μονῆς
483 2966 533 3037 τῆς
561 2960 703 3034 βασιλείας
727 2980 778 3035 μου
807 2966 856 3036 τής
887 2959 927 3031 είς
956 2959 1043 3034 ὄνομα
1072 2961 1228 3036 τιμωμένης
1258 2963 1304 3018 τοῦ
1334 2957 1413 3038 ἁγίου
1444 2954 1544 3030 ἐνδίξου

258 3086 433 3160 πανευρήμοο
460 3083 613 3167 ἀποσρόλου
642 3081 690 3142 καί
717 3082 912 3160 εὐαγγελιστοῦ
940 3082 1066 3140 Ἰωάννου
1095 3085 1141 3140 τοῦ
1168 3079 1313 3159 Θεολόγου
1344 3079 1477 3154 ἐζήτησαν
1504 3078 1544 3138 καὶ

257 3205 482 3285 παρεκλήτευταν
508 3205 557 3280 τὴν
581 3204 722 3278 βασιλείαν
739 3225 799 3282 μου,
823 3204 866 3262 ἵνα
889 3201 933 3262 ἐπὶ
955 3207 1012 3275 τοῖς
1034 3207 1175 3282 προσοῠσιν
1199 3203 1287 3273 αὐτοίς
1310 3201 1430 3275 κτήμασί
1451 3223 1480 3260 τε
1506 3197 1545 3259 καὶ

258 3326 398 3404 μετοχίοις
424 3325 471 3386 καὶ
497 3327 606 3398 λοιποῖς
629 3326 825 3402 ἀναστήμασιν,
853 3328 871 3384 ά
893 3327 1040 3402 κατέχουσι
1065 3325 1110 3384 διά
1132 3345 1162 3384 τε
1184 3322 1398 3402 χρυσοβσίνλλων
1422 3323 1544 3402 διαφόρων

257 3447 305 3507 καὶ
334 3450 562 3528 προσταγμάτων,
594 3447 677 3516 οἰλλδιΙ
698 3447 732 3521 δὴ
758 3446 805 3506 καί
832 3447 1024 3526 ἀπσγραρικῶν
1047 3447 1293 3508 δποκαταστάσεων
1315 3444 1362 3504 καί
1385 3445 1485 3524 ἑτέρων
1507 3442 1540 3502 δι·
1565 3457 1566 3464 ’

259 3572 423 3644 καιωμάπων
452 3569 614 3649 πορίσωυται
645 3569 691 3630 καὶ
720 3568 927 3648 χρυσόβουλλον
956 3577 1005 3646 τῆς
1033 3568 1176 3644 βασιλείας
1198 3589 1260 3648 μου,
1291 3569 1330 3638 ὡς
1356 3569 1389 3626 δν
1416 3568 1543 3643 κατέχωσι

258 3695 342 3750 ταῦτα
363 3689 410 3750 καὶ
430 3689 469 3762 είς
488 3693 519 3750 τδ
542 3689 608 3767 ἑξῆς
631 3692 742 3771 ἀβαρῶς
763 3692 851 3763 πάντη
874 3688 921 3750 καί
944 3690 1061 3769 ἀτελῶς,
1084 3691 1177 3762 καθὼς
1198 3693 1282 3750 ταῦτα
1303 3691 1450 3768 κατέχουσι
1473 3689 1544 3764 μέχρι

258 3816 305 3872 τοῦ
334 3815 389 3892 νῦν,
422 3811 508 3890 ’ήγουν
537 3814 567 3872 τίν
599 3813 628 3870 ἐν
657 3818 690 3894 τῇ
720 3813 795 3890 νήσῳ
818 3812 924 3890 Λήμνῳ
950 3813 1088 3889 μετδχιον,
1120 3812 1150 3870 τδ
1181 3810 1401 3886 ἐπικεκλημένον
1432 3812 1447 3869 δ
1477 3811 1544 3885 ἅγιος

259 3934 395 4012 Γεωργιος
422 3934 437 3992 ὁ
460 3933 658 4013 Μυροβλὺτης,
689 3931 736 3993 καί
764 3933 936 4007 διακείμενον
964 3933 992 3992 ἐν
1019 3939 1052 4014 τῇ
1075 3932 1219 4015 τοιτοθεσίᾳ
1245 3939 1295 4008 τής
1317 3931 1415 4010 Ἁγίας
1439 3929 1543 4010 Είῦήπις

260 4055 330 4129 μετὰ
352 4061 405 4114 τῶν
427 4056 581 4136 προσόντων
605 4051 676 4130 αυτῷ
698 4055 805 4114 πάντων
829 4054 971 4130 ἀμπελίων
999 4053 1045 4114 καί
1067 4053 1221 4134 χωραρίων.
1245 4056 1274 4113 τδ
1298 4056 1391 4133 ἕτερον
1415 4053 1542 4129 μετόχιον,

258 4179 274 4236 δ
297 4177 494 4252 ἐπονομάζεται
518 4176 615 4255 Πτέρις
637 4173 684 4234 καί
709 4175 927 4252 ἐπικεκλημένοι
950 4179 995 4236 τοῦ
1016 4175 1103 4251 τιμίου
1125 4173 1274 4254 ταξιάρχου
1297 4181 1349 4235 τῶν
1367 4172 1441 4234 Ἂνω
1463 4167 1541 4232 Δυνά-

260 4318 333 4374 μεων
357 4297 477 4375 Μιχαὴλ
504 4297 575 4372 μετὰ
600 4302 654 4356 τῶν
680 4297 764 4357 ὄντων
793 4298 883 4358 ἐκεῖσε
911 4297 980 4357 δέκα
1001 4298 1243 4378 προσκαθημένων,
1269 4293 1346 4358 ἀλλὰ
1370 4297 1403 4372 δὴ
1427 4295 1540 4356 καὶτῶν

260 4421 403 4496 ἀμπελίων
425 4417 472 4480 καί
494 4419 641 4501 χωραρίων
667 4417 715 4480 καί
737 4425 782 4480 τοῦ
804 4420 962 4499 περιβολίου
986 4425 1030 4480 τοῦ
1052 4419 1215 4500 Διδυμαρίου
1238 4420 1309 4494 μετὰ
1330 4424 1376 4480 τοῦ
1398 4418 1542 4498 χειμερινοῦ

259 4541 451 4623 ὑδρομβλωνος
488 4541 533 4600 σὺν
571 4541 609 4620 τῷ
643 4543 735 4618 λιμένι
776 4541 814 4621 τῷ
848 4542 900 4602 ἀπο
934 4547 987 4602 τῶν
1021 4547 1149 4621 κρημνῶν
1185 4545 1239 4614 ἕως
1275 4547 1320 4602 τοῦ
1355 4539 1541 4617 Χυβαδολδγον

256 4665 430 4738 καλουμένου
460 4663 589 4743 διήκοντι.
625 4665 669 4723 τδν
700 4663 847 4740 σεβάσμιον
877 4661 924 4724 καὶ
953 4666 1025 4724 θεῖον
1054 4665 1119 4724 νκδν
1146 4665 1191 4724 τδν
1220 4662 1259 4736 εἰς
1288 4663 1377 4739 ὄνομα
1398 4655 1540 4739 τιμώμενον
