3228 5294
1312 378 1354 442 59

59 595 180 653 ειιιιιιε
212 593 391 656 ιιυινιιιυε
415 591 554 654 ιιοψιιν.
585 577 734 654 κὐυον.
758 583 787 653 ιι
810 606 848 653 ω
875 592 1068 672 ἰρχιγμιις
1102 591 1234 668 mm·
1269 591 1354 650 «τινα

58 701 186 780 πάναγνε,
209 700 330 776 Κοψινδν
357 699 551 780 Χριστοφόρον·
580 703 655 760 Hor.
684 721 732 758 nro
757 705 806 758 52.
837 703 934 773 Confer
963 709 1055 757 notam
1078 703 1102 756 1.
1128 700 1295 758 Sakkelionis
1325 703 1354 756 ιἰι

55 810 189 876 μεσιδιίισο
213 803 360 884 Πανδώρα,
382 810 436 865 vol.
460 808 544 864 XIX.
566 825 597 880 p.
623 810 694 863 374.

303 1096 395 1161 XIX.
420 1095 648 1179 6599-1091,
672 1117 783 1160 mense
809 1097 902 1178 maio,
926 1093 992 1159 ind.
1017 1093 1108 1160 XIV.

62 1263 162 1333 ίίιφυία
189 1263 264 1316 atita
291 1281 309 1316 a
333 1259 433 1316 Sancto
462 1262 632 1316 Ολτιὶιίοιίυίο
654 1280 709 1332 pro
731 1262 892 1316 monasterio
921 1259 1018 1316 Sancti
1042 1260 1154 1314 Ιοαιιιιίε
1182 1259 1308 1331 Τίιεσίσρί
1328 1262 1356 1312 in

472 1367 563 1419 imula
588 1367 683 1420 Patmo
705 1367 740 1420 ab
763 1383 792 1420 eo
815 1365 928 1420 οοτιάίιο.

62 1553 285 1624 Ὑποτίιπυσις
307 1550 469 1630 θεοφιλὴς
486 1551 593 1610 είτουν
615 1549 766 1624 διάταξις
785 1555 840 1611 τοῖν
860 1551 950 1610 ὁσίου
970 1551 1092 1629 πατρδς
1111 1550 1203 1626 ἡμῶν
1218 1550 1354 1629 Χριστο-

61 1673 189 1752 δοίλου,
216 1677 255 1749 ἦν
283 1671 460 1746 διετάξατο
489 1673 522 1732 ἐν
551 1679 588 1754 τῇ
611 1671 679 1754 ίδίφι
706 1675 805 1732 αυτοῦ
831 1677 914 1754 μονῇ
938 1677 974 1754 τῇ
1006 1669 1083 1754 οὔσῃ
1112 1671 1145 1731 ἐν
1175 1671 1295 1750 Πάτμῳ
1316 1676 1354 1752 τῇ

396 1797 483 1874 νήσῳ
505 1795 585 1874 πρδς
607 1795 682 1867 τοὺς
705 1796 821 1854 ἑαυτοῦ
845 1795 1010 1870 μαθητάς.

157 1933 194 1995 α’.
219 1932 385 2013 Ἐπειδτίπερ
413 1930 555 2014 ἅνθρωπος
583 1932 690 1993 ὢν-καί
714 1935 794 2005 αίιτος
816 1933 918 2004 ἱκανῶς
946 1933 1061 1992 ἐνταῦθα
1088 1928 1162 2012 παρὰ
1189 1933 1253 1992 θεοῦ
1280 1926 1354 2011 ᾠκο-

61 2057 176 2131 νίμημαι
197 2053 245 2115 καὶ
268 2054 308 2128 είς
331 2055 400 2128 aa&
422 2061 512 2134 γῆρας
540 2055 645 2127 ἐλάσας
672 2054 749 2115 οίυδέν
773 2057 813 2114 δτι
836 2056 874 2130 μὴ
898 2056 946 2130 τὴν
969 2055 1099 2131 ἀλλαχοῦ
1122 2055 1294 2132 μετάστασιν,
1318 2055 1355 2126 ὡς

62 2177 174 2256 ίμέγας
194 2178 222 2236 ἐν
243 2177 375 2258 θεολογίφι
397 2176 460 2256 φησί
482 2177 503 2236 Γ
504 2181 641 2257 ρηγάριος,
665 2178 819 2257 προσδοκῶ,
844 2177 899 2236 δεῖν
921 2172 1015 2256 ᾠήθην
1039 2177 1184 2256 ἐγγράφως
1205 2181 1239 2256 τῇ
1262 2177 1357 2254 είναγεῖ

62 2319 111 2372 μου
137 2299 247 2382 συνοδίᾳ
276 2299 499 2359 ὑποτυτώοασθαι
529 2299 563 2358 τὰ
594 2299 725 2358 δοκοῦντά
756 2317 802 2374 μοι
829 2299 982 2358 λυσιτελεῖν
1005 2299 1072 2380 αὐτῇ
1095 2299 1163 2378 πρδς
1186 2297 1285 2372 ἐντελῆ
1309 2295 1355 2358 καί

63 2423 186 2500 σωτήριον
209 2421 385 2500 θεαρέστησιν
405 2413 452 2479 καί
480 2417 602 2493 διάταξιν
631 2421 756 2480 ἐκθέσθαι
779 2423 835 2491 τοῖς
858 2421 997 2500 φιλτάτοις
1013 2441 1065 2496 μου
1081 2419 1212 2498 ἀδελφοῖς
1228 2420 1256 2479 ἐν
1272 2419 1356 2499 κυρίῳ

62 2541 106 2600 καί
125 2543 237 2622 τέκνοις,
265 2543 299 2600 ἶν’
322 2545 414 2622 ὥσπερ
447 2541 496 2601 τινί
523 2545 645 2620 γνώμονι
672 2539 718 2602 καί
745 2543 837 2602 κανόνι
872 2543 954 2624 ταίτῃ
982 2545 1121 2621 χρώμενοι
1156 2540 1204 2600 καὶ
1230 2541 1357 2601 κατὰτὰ

64 2663 244 2738 ἐντεταλμένα
265 2665 483 2744 πολιτευόμενοι,
507 2665 622 2740 ίμαλῶς
646 2661 705 2746 (συν
728 2663 783 2744 θεῷ
808 2663 838 2724 δὲ
862 2661 991 2746 εἰρήσθω)
1019 2663 1066 2723 καί
1093 2663 1287 2738 είισυνειδήτως
1309 2659 1355 2722 καί

65 2783 198 2865 εἰρηνικῶς
229 2787 386 2865 βιστείιοιεν,
421 2792 454 2867 τῇ
493 2791 542 2860 τῆς
571 2787 730 2864 ζωαρχικῆς
759 2785 804 2846 καί
836 2791 968 2866 συμφυοῦς
998 2785 1044 2846 καὶ
1074 2786 1212 2865 παναγίας
1246 2783 1356 2865 τριάδος

64 2909 246 2987 φρουρούμενοι
274 2909 378 2988 χάριτι.
404 2907 483 2986 ἀλλ’,
507 2905 529 2967 ὦ
560 2907 682 2984 σύστημα
713 2907 785 2986 ἱεράν
815 2905 896 2992 (προς
927 2907 997 2982 ὐμοῖς
1026 2909 1081 2988 γάρ
1111 2907 1166 2984 ἤδη
1196 2911 1242 2966 τοῦ
1269 2907 1356 2984 λόγου

66 3031 159 3108 στρέφω
181 3029 215 3089 τὰ
238 3025 394 3113 πρόσωπα),
417 3029 541 3106 ποίμνιον
566 3029 708 3110 ἐκλεκτὸν,
733 3031 803 3102 λαδς
821 3030 953 3110 ἔκκριτος,
974 3029 1084 3089 συνοδία
1106 3030 1248 3108 θεοφιλής,
1272 3031 1357 3088 τέκνα

66 3145 111 3235 [ἐν]
136 3153 218 3232 κυρίῳ
250 3153 436 3232 εὐλογημένα,
460 3151 548 3233 δεῦτε,
576 3149 720 3231 ἀκούσατε,
748 3151 794 3211 καί
825 3152 993 3231 διηγήσομαι
1021 3152 1095 3226 ὑμῖν
1130 3151 1242 3230 «δεῦτε,
1270 3149 1355 3210 ἀκοί-

66 3275 121 3332 τνιτέ
148 3291 212 3352 μου,
242 3274 324 3354 φόβον
355 3273 445 3354 κυρίου
476 3273 579 3347 διδάξω
609 3277 701 3350 ὑμεῖς»
737 3275 805 3357 (τοῖς
831 3275 884 3354 γὰρ
908 3279 954 3334 τοῦ
980 3273 1144 3354 ίεροψάλτου
1175 3272 1262 3346 Δαβίδ
1285 3269 1357 3332 κατὰ

66 3397 150 3472 καιρδν
171 3397 383 3474 προσχρήσομαι
407 3395 540 3478 ρήμασι)·
573 3395 703 3456 ικλίνατε
729 3398 759 3455 τδ
787 3394 832 3468 οὖς
860 3395 935 3472 ὑμῶν
963 3393 1002 3466 είς
1030 3395 1063 3454 τὰ
1091 3396 1201 3475 ῥήματα
1222 3398 1268 3454 τοῦ
1291 3395 1356 3454 στά-

68 3518 141 3589 ματές
170 3539 255 3592 μου».
293 3517 506 3596 συμφθεγγὲσθω
538 3517 569 3577 δέ
599 3515 645 3576 καί
676 3518 812 3590 Σολομὼν
842 3517 912 3592 μετὰ
939 3519 985 3576 τοῦ
1012 3515 1108 3596 saw,
1136 3515 1182 3576 καί
1210 3515 1267 3588 υίος
1299 3518 1357 3592 ἅμα

67 3637 134 3717 πατρί
163 3638 301 3718 συνᾳδέτω
331 3657 378 3714 μοι
383 3684 392 3714 ,
423 3636 504 3718 πατρί
526 3640 593 3718 πρὸς
623 3637 694 3709 υίοίις
718 3638 924 3717 διαλεγομένῳ·
960 3637 1153 3698 «εἰσακούσατέ
1177 3657 1243 3719 μου,
1271 3637 1356 3714 σεμνίι

68 3757 112 3835 γέρ
134 3759 195 3840 ἐρῶ,
219 3757 268 3819 καί
291 3759 391 3819 ἀνοίσει
419 3759 471 3819 άπδ
499 3760 620 3838 χειλέων
649 3759 744 3838 ὀρθά».
776 3759 850 3834 πλὴν
878 3759 957 3819 ἀλλίι
987 3759 1064 3820 δοκεῖ
1092 3779 1137 3835 μοι
1167 3759 1255 3819 καλδν
1288 3755 1358 3819 είναι

69 3878 105 3938 καί
125 3881 273 3960 ἀναγκαῖον
296 3881 426 3960 γνωρίσαι
447 3883 578 3962 πρέτερον
602 3883 662 3959 ὐμῖν
684 3887 777 3953 ποσῶς
799 3881 831 3940 τὰ
846 3883 978 3961 ἡμέτερα,
1002 3879 1049 3940 καί
1073 3881 1104 3962 ἐφ
1127 3882 1189 3940 ὅσον
1213 3881 1355 3958 ἐνδέχεται

67 4001 118 4082 περὶ
147 4003 248 4064 τούτων
280 4001 375 4083 εἰπεῖν,
405 3997 456 4064 εἶθ’
481 4002 545 4080 ἑξῆς
571 4002 619 4063 καί
645 4002 707 4084 περί
734 4009 787 4062 τῶν
814 4006 1033 4082 κατεπειγόντων
1060 4001 1106 4062 καί
1129 4002 1357 4084 προδργιαιτέρων

69 4123 90 4180 ἐν
112 4125 229 4204 ἐπιτάμῳ
252 4125 411 4201 διαλαβεῖν·
440 4123 487 4185 καί
510 4125 563 4206 γάρ
585 4124 633 4184 καὶ
655 4125 729 4205 παρά
751 4131 784 4205 τῇ
807 4126 868 4204 θείᾳ
890 4131 980 4208 γραφῇ
1004 4125 1033 4184 ἐν
1054 4125 1174 4196 πολλοῖς
1197 4123 1356 4204 εὑρίσκομεν

69 4243 229 4326 ἀνεπίφθονον
257 4248 289 4307 τδ
315 4247 433 4326 γράοδοιι
459 4247 556 4327 λόγοις
584 4246 630 4307 καί
655 4249 810 4326 διηγήσεσιν
839 4248 930 4324 ἔχουσί
953 4267 1012 4308 τινα
1035 4249 1131 4326 μοῖραν
1147 4245 1194 4306 καί
1217 4245 1257 4318 είς
1281 4246 1358 4306 ἔται·

69 4383 104 4422 νον
119 4367 215 4428 ὡσανεί
230 4373 277 4428 τοῦ
292 4367 492 4448 ἀφηγουμένου,
514 4365 560 4428 καί
577 4366 664 4440 ουδεὶς
688 4371 778 4440 αὐτοῖς
800 4367 1027 4448 περιαυτολογίας
1049 4372 1188 4448 προσῆψεν
1213 4367 1356 4446 ἔγκλημα·

70 4482 245 4569 ἀναμάρτητον
275 4489 307 4548 δὲ
333 4493 410 4548 τοῦτο
433 4489 571 4570 κρίνεσθαι
600 4489 705 4568 εἴωθεν,
734 4491 797 4548 ὅταν
821 4489 867 4548 διὰ
887 4490 937 4565 τὴν
965 4492 1011 4548 τοῦ
1034 4489 1218 4567 ἀγνοουμένου
1250 4489 1356 4549 ἔκθεσιν

69 4605 108 4666 κοί
129 4613 319 4692 σαφανήνειαν,
336 4609 383 4670 καί
406 4611 436 4670 ου
460 4610 495 4670 δι’
518 4607 594 4671 ἀλλο
617 4631 641 4671 τι
664 4611 832 4690 ἀνθρώπινον
855 4610 971 4689 γίνηται.
995 4610 1066 4670 κατὰ
1088 4614 1164 4670 τοῦτο
1187 4609 1272 4671 τοίνυν
1293 4610 1357 4672 οίιδὲ

72 4727 123 4802 ἐμοὶ
142 4731 178 4811 τῷ
205 4731 323 4813 ταπεινῷ
350 4732 455 4815 γέροντι
487 4733 618 4807 ἀδόκιμον
650 4730 728 4805 ἔδοξε
752 4731 785 4791 τὰ
808 4732 871 4792 καθ’
895 4733 989 4793 ἐαυτδν
1013 4729 1042 4805 ἐξ
1066 4719 1154 4812 ἄρχ’ῆς
1178 4731 1356 4818 ἀναλαβδντι,
