3162 5278
1251 367 1311 430 321

36 561 125 620 όκατόι
147 559 258 642 καιροὺς
281 559 484 641 μητροπολίτης
505 559 601 620 Ῥόδου
623 559 777 638 λαμβάνων
799 562 874 642 παρὰ
896 566 941 622 τοῦ
964 560 1108 638 οἰκονόμου
1129 560 1176 621 καὶ
1198 563 1228 622 τό
1252 562 1315 621 σόν-

33 683 85 757 ηθες
102 683 244 762 φιλότιμον
266 682 312 743 καί
336 684 424 760 μηδὲν
446 683 543 763 πλέον,
567 683 750 762 συμψάλλωσι
773 685 804 744 δέ
827 684 866 763 τῷ
889 684 1025 764 οἰκονόμῳ
1047 684 1094 744 καί
1115 687 1314 764 ουνεφημερεθ-

34 827 71 863 ωτι
93 804 138 864 καί
167 804 192 864 οἱ
221 805 335 865 ἐντόπιοι
361 803 458 886 ἱερεῖς,
486 805 578 878 καθὼς
605 805 652 866 καί
682 806 710 866 ἐν
737 810 797 879 ταῖς
822 805 935 882 λοιπαῖς
963 805 1137 884 ἐκκλησίαις·
1166 807 1235 866 οὕτω
1262 807 1315 887 γὰρ

34 927 158 1006 ἑκατέροις
184 930 241 1000 τοῖς
268 931 377 1010 μέρεσιν
406 927 632 1008 ἑπιτηρηθησεται
658 929 688 988 τό
717 927 842 1010 ἀζήμιον,
871 929 933 990 ότε
961 929 1033 989 κατὰ
1062 931 1145 990 τόπον
1173 925 1316 1010 ἀρχιερεὺς

34 1055 68 1108 τοῦ
91 1051 262 1125 μνημσσόνου
288 1049 336 1111 καί
361 1055 408 1112 τοῦ
431 1051 570 1130 φιλοτίμου
598 1052 648 1112 οίικ
669 1051 919 1134 άποστερηθήσετσι
944 1051 990 1111 καί
1013 1053 1043 1112 τό
1066 1053 1245 1133 μοναπόριον
1268 1059 1317 1128 τῆς

33 1179 179 1252 κτητορικῆς
208 1171 330 1247 ἐξουσίας
357 1176 406 1234 ουκ
433 1171 679 1255 ἐποξενωθήοεται,
707 1177 801 1250 ἥντινα
832 1175 1003 1254 εθλογσφανῆ
1036 1171 1166 1254 ἀπόφασιν
1196 1173 1242 1234 καί
1271 1177 1317 1234 τόν

32 1292 121 1352 δίκαιον
145 1294 285 1376 διορισμόν
309 1297 472 1376 ἐπικυρῶσαι
497 1297 622 1374 ἔγνωμεν
645 1295 691 1355 καὶ
715 1295 750 1356 δι’
766 1297 901 1376 ἡμετέρου
922 1301 1118 1378 πατριαρχικοῦ
1140 1295 1187 1356 καί
1210 1297 1317 1356 συναδι-

31 1422 70 1473 κοῦ
94 1419 268 1496 γράμματος.
303 1418 395 1478 τοίιτου
421 1421 502 1498 χάριν
529 1421 669 1498 γράφομεν
696 1416 742 1478 καί
772 1418 974 1496 άποραινόμεθα
1000 1418 1149 1491 αυνοδικῶς
1173 1418 1318 1492 μετὰτῶν

31 1536 80 1614 περί
100 1539 176 1612 ἡμᾶς
200 1539 354 1621 ίερωτάτων
378 1541 586 1621 μητροπολιτῶν
608 1539 656 1600 καὶ
679 1541 840 1620 όπερτίμων,
867 1545 921 1600 τῶν
945 1541 974 1600 ἐν
997 1539 1067 1619 ἁγίῳ
1090 1541 1220 1616 πνεύματι
1244 1541 1318 1619 αἰγα-

30 1665 109 1732 πητῶν
135 1662 217 1736 ἡμῶν
245 1661 374 1740 ἀδελφῶν
404 1661 451 1722 καί
478 1661 706 1744 συλλειτσυργῶν,
736 1663 780 1722 ἵνα
806 1665 824 1737 ἡ
852 1663 965 1743 ῥηθεῖσα
992 1659 1127 1737 ἐκκλησία
1156 1667 1205 1737 τῆς
1234 1662 1319 1742 ὑπερ-

32 1782 100 1857 τγίας
123 1781 264 1844 Θεοτόκου
290 1785 308 1858 ἡ
337 1787 409 1844 κατὰ
434 1785 482 1860 τἠν
508 1790 589 1860 νῆσον
612 1785 701 1865 Λέρσν
727 1785 837 1869 ὑπάρχῃ
863 1787 893 1844 τό
922 1784 974 1844 ἀπό
996 1783 1074 1844 τοῦδε
1101 1781 1148 1844 καί
1171 1781 1212 1855 είς
1234 1781 1319 1843 αἰῶνα

30 1905 66 1960 τὀν
88 1906 194 1964 ἅπαντα
216 1906 267 1964 ὑπό
289 1905 337 1981 τὴν
362 1904 483 1980 ἐξουσίαν
505 1904 552 1966 καί
576 1905 705 1982 διοίκησιν
728 1909 774 1966 τοῦ
798 1905 925 1986 ῥηθέντος
946 1904 1019 1986 ίεροῦ
1046 1903 1093 1965 καὶ
1116 1925 1318 1986 σταυροπηγια-

29 2031 69 2084 κοῦ
95 2026 276 2108 μσναοτηρίου
302 2032 348 2088 τοῦ
372 2026 516 2107 Θεσλόγου
542 2026 588 2088 καὶ
618 2026 729 2105 εἴηκαὶ
756 2027 874 2106 λέγηται
896 2025 964 2087 ίδιον
986 2033 1080 2104 κτῆμα
1106 2024 1153 2086 καί
1176 2027 1320 2104 μετόχειον

29 2151 67 2206 τοῦ
95 2147 291 2228 μοναατηρίσυ,
324 2149 512 2226 δεσποζομένη
542 2147 588 2210 καί
620 2146 829 2225 ἐξουσιαζομένη
859 2149 903 2208 ὑπ’
927 2150 1006 2209 αὺτοῦ
1035 2147 1082 2208 καί
1111 2154 1166 2208 τῶν
1194 2149 1222 2208 ἐν
1251 2147 1322 2228 σιύτῷ

28 2273 145 2350 πατέρων
173 2266 245 2344 μετὰ
266 2273 374 2330 πάντων
395 2277 450 2330 τῶν
472 2273 619 2348 κτημάτων
645 2271 692 2331 καί
716 2271 911 2352 ἀφιερωμένων
940 2272 1037 2349 αὐτῆς,
1065 2271 1117 2331 όσα
1139 2291 1169 2330 τε
1191 2269 1245 2347 ἤδη
1270 2270 1323 2352 ἔχη

28 2389 67 2448 καί
95 2393 149 2452 όσα
178 2393 381 2472 προσκτήσηται
409 2395 519 2474 ὔστερον
549 2395 596 2453 καί
625 2393 677 2476 ἔχῃ
707 2395 756 2468 τὴν
785 2393 939 2453 ἐπιστασίαν
967 2393 1049 2468 αὑτῆς
1078 2391 1125 2452 καί
1153 2391 1283 2469 διοίκησιν
1309 2393 1324 2450 ό

29 2513 74 2572 ἀπό
96 2518 144 2574 τοῦ
166 2517 347 2597 μονασσηρίσυ
369 2519 547 2592 πεμπόμενος
570 2515 714 2591 οἰκονόμος
738 2515 913 2595 ἐφημερείιων
938 2515 965 2574 ἐν
988 2517 1054 2597 αὐτῇ
1076 2514 1123 2575 καί
1145 2511 1180 2575 τό
1202 2513 1325 2595 ἱερατικὸν

29 2635 155 2716 ἐκτελῶν,
180 2638 358 2713 μνημονεύων
381 2659 411 2697 τε
434 2642 481 2698 τοῦ
502 2642 646 2699 καιονικοῦ
669 2638 803 2714 ὀνόματος
829 2641 875 2697 τοῦ
898 2636 970 2697 κατὰ
991 2635 1102 2718 καιροὺς
1125 2635 1325 2718 μητροπολίτου

27 2749 117 2818 Ῥόδου
144 2759 261 2838 πληρῶν
283 2781 312 2818 τε
340 2759 387 2820 καί
419 2759 646 2838 ἀπολογούμενος
674 2761 742 2840 πρός
770 2761 848 2819 αὺτδν
875 2761 905 2818 τό
932 2759 994 2818 κατ’
1018 2759 1078 2830 ἔτος
1106 2759 1217 2834 σύνηθες
1244 2758 1326 2837 φιλό-

27 2899 106 2958 τμον,
131 2881 317 2958 ουμψάλλωοι
341 2879 372 2940 δὲ
393 2881 433 2960 τῷ
456 2879 591 2962 οἰκονόμῳ
618 2879 665 2942 καί
688 2881 925 2959 συνεφημερείιωσι
950 2877 997 2938 καί
1023 2877 1048 2938 οἱ
1074 2885 1124 2956 τῆς
1150 2881 1232 2956 νήσου
1258 2880 1326 2938 τοιό-

26 3021 68 3076 της
91 3001 177 3083 ἱερεῖς
200 3003 272 3063 κατὰ
293 3003 342 3078 τὴν
366 3003 498 3064 ἀνέκαθεν
524 3003 742 3084 ἐπικρατήσασαν
762 3003 914 3082 συνήθειαν,
938 3000 1057 3076 μηδενός
1076 2999 1236 3075 τολμῶντος
1256 2999 1326 3060 άνα-

26 3126 116 3202 τρέψαι
139 3126 192 3199 τὴν
214 3126 339 3200 τοιαότην
363 3125 534 3205 εθλογοφανῆ
559 3125 690 3204 ἀπόφασιν
716 3123 763 3184 καί
787 3123 979 3198 ἐναντιωθῆναι
1000 3123 1063 3182 καθ’
1088 3119 1240 3196 οίονδήτινα
1261 3122 1326 3202 τρό-

25 3265 69 3304 πον
91 3251 152 3320 τοῑς
177 3247 207 3306 ἐν
230 3245 269 3326 τῷ
290 3249 403 3327 παρόντι
424 3249 631 3330 γεγραμμένοις
649 3251 668 3322 ἡ
689 3246 840 3325 ἐνοχλῆσαι
861 3247 918 3318 τοῖς
940 3247 1055 3325 πατράσι
1077 3247 1123 3304 τοῦ
1146 3243 1327 3324 μσνασιηρίου

26 3376 65 3428 τοῦ
77 3367 228 3446 θεολόγον
250 3368 311 3449 περὶ
334 3376 384 3446 τῆς
408 3369 559 3447 ἐκκλησίας
580 3370 679 3446 ταύτης
704 3369 732 3428 ἐν
755 3369 835 3448 βάρει
858 3368 957 3428 άλθτου
979 3363 1026 3428 καὶ
1049 3361 1157 3426 αἰωνίου
1181 3365 1328 3444 ἀφορισμοῦ

26 3495 65 3549 τοῦ
91 3494 146 3552 άπδ
176 3493 241 3552 θεοῦ
267 3494 495 3572 παντοκράτορος.
528 3492 590 3551 όθεν
619 3491 659 3564 είς
688 3488 801 3563 ἔνδειξιν
826 3491 936 3569 ἐγένετο
963 3488 1010 3550 καὶ
1033 3490 1063 3548 τό
1085 3489 1171 3568 παρόν
1195 3489 1330 3566 ἡμέτερον

26 3616 221 3694 πατριαρχικδν
255 3614 394 3675 συνοδικόν
428 3615 607 3694 σιγιλλιῶδες
641 3614 670 3673 ἐν
705 3609 877 3693 μεμβράναις
907 3614 1024 3694 γράμμα
1057 3609 1104 3671 καί
1121 3691 1123 3694 Ι
1140 3609 1257 3684 ἐπεδόθη
1291 3611 1330 3690 τῷ

27 3733 85 3814 ἐρῷ
108 3736 288 3817 μοναστηρίῳ
309 3741 357 3796 τοῦ
380 3735 534 3817 Θεολόγου.
559 3734 666 3819 ,αψιθ’,
690 3733 768 3811 μηνὶ
791 3733 980 3817 ἰανουαρίῳ,
1004 3733 1214 3802 ίνδικτιῶνος
1239 3731 1284 3806 ιβ’,
1308 3737 1329 3814 †

124 3858 359 3942 Ιγ’ίερομίας,
394 3859 481 3938 ἐλέῳ
515 3860 591 3919 θεοῦ
625 3857 891 3938 σίρχιεπίσκοπος
925 3853 1325 3942 Κωνοταντινουπόλεως,

26 3981 110 4056 λ’έας
135 3984 285 4062 Ῥώμης,
312 3981 368 4042 καί
390 3980 628 4057 οἰκουμενικδς
649 3983 868 4060 πατριάρχης.
892 3980 913 4058 †

26 4105 99 4182 †‘0
129 4105 341 4186 Ἡρακλείας
363 4106 501 4180 Δανιήλ.
525 4105 547 4182 †
703 4103 725 4184 †
748 4102 783 4162 ‘0
806 4103 971 4182 Δρίστρας
994 4101 1171 4182 Ἱερόθεος.
1195 4100 1216 4179 †

25 4227 99 4302 †‘0
123 4227 339 4308 Καισαρείας
361 4227 554 4306 Γεράοιμος.
578 4227 599 4305 †
705 4224 784 4304 †'0
809 4223 1041 4300 Νικομηδείας
1066 4217 1214 4294 Παίσιος.
1238 4223 1259 4302 †

25 4351 100 4426 †‘0
124 4353 265 4428 Λήμνου
288 4351 469 4422 Διονύσιος.
493 4351 514 4430 †
705 4347 726 4426 †
750 4345 784 4404 ‘0
809 4337 972 4425 Βερροίας
995 4345 1178 4423 Μακάριος.
1204 4345 1225 4422 †

26 4473 100 4550 †‘0
125 4473 327 4548 Μιτυλήνης
351 4470 555 4547 Νικόδημος.
580 4471 600 4547 †
705 4467 785 4547 †‘0
809 4465 923 4526 Ῥόδου
947 4467 1121 4542 Ἰγνάτιος.
1145 4465 1166 4542 †

25 4595 101 4667 †‘0
127 4593 277 4666 Κυζίκου
301 4590 491 4664 Αὐξέντισς.
516 4593 536 4670 †
707 4589 786 4668 †‘0
810 4589 943 4667 Σερρῶν
965 4585 1135 4662 νλνθιμος.
1160 4587 1181 4665 ’γ

24 4717 101 4791 †'0
126 4715 305 4796 Λαρίσσης
331 4715 526 4794 Παρθένιος.
551 4715 572 4792 †

1087 4815 1119 4861 21
