3162 5278
1254 361 1319 426 305

24 559 165 631 μετάνοιαν
193 557 280 616 αῦτῶν
308 554 347 628 εἰς
373 557 404 616 τδ
432 558 610 637 μοναοτηριον
636 557 819 635 καθαρπάζειν
844 562 989 636 πειρῶνται
1011 555 1058 616 καὶ
1082 557 1205 636 άντικρυς
1228 577 1317 616 κατα-

22 681 127 738 πατοῦσι
155 683 210 736 τῶν
237 679 391 758 προνομίων
413 683 462 754 τῆς
488 683 687 758 πατριαρχικῆς
715 675 794 750 ἀξίας
815 677 862 736 καὶ
885 677 1061 758 ἀνατρέπουσι
1085 678 1134 750 τὰς
1161 677 1319 760 εὐεργεσίας

24 802 100 875 α’πΐης
121 799 170 860 καὶ
192 803 318 881 χάριτας,
342 801 409 880 ὅπερ
432 799 481 859 οῦκ
509 795 603 871 ἔδοξεν
625 801 689 874 ἡμῖν
713 801 828 879 φορητδν
851 797 897 858 καὶ
920 802 1058 880 στερκτδν,
1087 800 1165 859 ἀλλὰ
1187 799 1234 860 καὶ
1256 799 1319 858 λίαν

24 921 139 1002 έχληρδν
167 919 214 982 καὶ
238 922 381 1002 ἀφόρητον.
408 919 456 980 καί
483 920 555 980 κατά
576 921 606 980 τδ
631 919 659 980 ἐν
681 921 747 998 ἡμῖν
769 921 867 1001 χρέος,
891 921 957 1002 ὅπερ
987 923 1099 1001 ἔχομεν,
1124 927 1245 982 ουνιοτοῖν
1266 927 1320 980 τῶν

24 1045 68 1122 τρο
93 1045 176 1120 ἡμῶν
206 1042 336 1118 ἀοιδίμων
363 1049 538 1123 πατριαρχῶν
568 1043 602 1102 τὰ
630 1044 807 1122 εῦεργετηρια
834 1041 985 1124 γράμματα
1012 1044 1046 1104 τὰ
1073 1045 1195 1124 θεοφιλεῖ
1221 1047 1320 1124 γνώμῃ

24 1165 158 1243 τροβάντα
180 1161 228 1224 καὶ
252 1164 426 1240 έπιβεβαιοῦν
450 1164 515 1224 αῦτά
538 1167 611 1246 πάοῃ
636 1165 757 1240 δυνάμει,
781 1167 921 1244 γράφομεν
944 1159 991 1225 καὶ
1014 1165 1219 1245 ἀποφαινόμεθα
1240 1185 1320 1225 συνο-

25 1285 115 1368 δικῶς,
139 1281 240 1368 γνώμῃ
266 1283 389 1346 καὶτῶν
411 1287 631 1366 παρευρεθέντων
653 1284 806 1366 ίερωτάτων
830 1285 982 1366 ἀρχιερέων
1009 1285 1056 1346 καί
1082 1285 1244 1367 ῦπερτίμων,
1267 1293 1321 1346 τῶν

26 1407 50 1464 ἐν
76 1406 148 1486 άγίῳ
175 1408 306 1483 πνεύματι
334 1407 482 1486 ἀγαπητῶν
504 1409 583 1484 ἡμῶν
609 1407 734 1486 ἀδελφῶν
761 1407 809 1468 καὶ
832 1409 1060 1490 ουλλειτουργῶν,
1088 1409 1133 1468 ἵνα
1159 1409 1192 1468 τά
1215 1407 1321 1468 παλαι-

25 1535 86 1604 γενῆ
111 1529 297 1610 πατριαρχικά
318 1527 365 1588 καὶ
388 1529 515 1590 συνοδικά
538 1529 702 1609 οιγιλλιῶδη
725 1532 876 1642 γράφιματα
902 1535 948 1590 τοῦ
976 1531 1048 1612 ίεροῦ
1077 1531 1155 1591 αθτοῦ
1183 1551 1321 1606 μοναοτη-

27 1653 76 1730 ρίου
103 1653 189 1730 ἔχωσι
215 1654 246 1712 τδ
268 1655 365 1732 κῦρος,
392 1653 423 1711 τδ
446 1653 559 1728 μόνιμον
586 1650 633 1712 καί
655 1655 685 1711 τδ
709 1653 911 1732 ἀμετάτρεπτον
937 1651 984 1712 καὶ
1012 1651 1054 1728 εἴη
1079 1653 1235 1712 ἀδούλωτον
1259 1651 1322 1711 άπδ

27 1773 123 1834 καὶτὰ
150 1775 268 1852 μετῦχια
291 1775 370 1834 αὺτοῦ
399 1775 428 1833 ἐν
450 1776 524 1855 πάοη
549 1773 667 1857 ἐπαρχίᾳ
693 1772 740 1834 καὶ
763 1775 883 1850 άζήτητα
906 1777 923 1850 ἢ
947 1773 1062 1834 ἀοθδοτα
1084 1778 1102 1848 ἢ
1126 1771 1323 1849 ἀκαταπάτητα

27 1895 68 1954 καὶ
94 1895 195 1972 μηδείς
221 1902 274 1956 τῶν
302 1897 452 1977 ἀρχιερέων
480 1896 607 1978 τολμήσῃ
638 1895 705 1956 ποτέ
733 1897 894 1977 ἐπηρεάζειν
921 1895 978 1956 τινά
1006 1901 1059 1956 τῶν
1086 1895 1276 1977 ίερομονάχων
1303 1897 1322 1970 ὴ

29 2025 154 2096 μοναχῶν
179 2021 226 2078 τοῦ
250 2020 330 2078 αυτοῦ
353 2018 532 2098 μοναατηρίου
554 2017 600 2078 καὶ
623 2020 713 2093 ζητεῖν
737 2015 767 2090 έξ
792 2019 870 2078 αὺτοῦ
893 2017 1027 2092 εἰσοδημα
1051 2019 1089 2094 μὴ
1114 2017 1215 2095 ἀνῆκον
1240 2015 1321 2098 αθτῷ,

29 2143 93 2214 μήτε
120 2141 203 2220 πολὺ,
232 2142 302 2216 μήτε
331 2139 435 2220 ὀλίγον,
465 2139 542 2199 ἀλλά
569 2139 615 2199 καί
642 2147 695 2198 τῶν
724 2139 843 2217 ἐχόντων
869 2141 918 2214 την
947 2142 1094 2215 μετάνοιαν
1119 2141 1204 2199 αὐτῶν
1232 2138 1272 2210 εἰς
1294 2139 1324 2198 τδ

30 2265 204 2342 μοναπηριον
226 2261 275 2332 τὰς
302 2260 490 2342 κληρονομίας
517 2261 615 2338 μηδεὶς
644 2261 733 2333 ἀλλος
759 2262 893 2336 τολμήσει
919 2263 1103 2341 παραλαβεῖν,
1133 2260 1156 2321 εἰ
1181 2263 1219 2336 μὴ
1243 2262 1325 2336 μόνον

31 2385 55 2441 τδ
71 2386 261 2462 μοναπτήριον,
277 2383 307 2442 έν
323 2377 346 2463 ᾧ
362 2383 478 2461 ἐκλήθη,
499 2381 546 2442 καὶ
564 2385 710 2443 παυσάσθω
725 2389 799 2442 πᾶσα
813 2381 876 2464 χεὶρ
900 2383 995 2455 άδικος
1019 2381 1050 2456 ἐξ
1073 2385 1159 2443 αῦτῶν
1182 2382 1229 2442 καὶ
1252 2382 1327 2458 βιαία

35 2503 58 2576 ἐξ
74 2507 250 2586 ἀποφάσεως·
266 2506 296 2575 δς
313 2505 338 2564 δ’
355 2507 387 2564 ἀν
403 2511 473 2585 φανῇ
495 2507 636 2586 παρήκοος
659 2503 705 2564 καὶ
728 2506 934 2586 καταφρονητὴς
951 2505 979 2563 ἐν
995 2497 1035 2576 οἷς
1050 2505 1200 2586 γράφομεν,
1224 2505 1326 2585 ἀφωρι-

33 2630 128 2702 σμένος
144 2627 187 2702 είη
203 2629 256 2686 άπδ
272 2628 335 2687 θεοῦ
357 2625 404 2686 καὶ
423 2629 614 2706 κατηραμένος
636 2625 683 2686 καί
706 2627 902 2706 ἀουγχῶρητος
924 2625 971 2686 καὶ
995 2627 1096 2696 άλυτος
1120 2626 1190 2702 μετά
1212 2627 1327 2686 θάνατον

36 2749 118 2829 ἐντῷ
140 2755 186 2809 νῦν
210 2748 288 2810 αἰῶνι
313 2747 360 2808 καὶ
389 2749 417 2806 ἐν
444 2747 483 2828 τῷ
506 2749 647 2825 μέλλοντι.
680 2748 708 2807 αἱ
729 2751 835 2829 πέτραι,
858 2749 893 2807 τά
915 2747 996 2828 ξῦλα,
1019 2749 1034 2806 δ
1057 2748 1167 2828 σίδηρος
1189 2749 1326 2822 λυθήσον-

34 2892 81 2948 ται,
116 2875 198 2944 αῦτδς
228 2871 259 2932 δέ
289 2872 430 2948 οάδαμῶς,
465 2870 511 2931 καὶ
541 2871 669 2943 ὑπόδικος
704 2866 801 2955 [ἔσται]
833 2873 894 2942 ταῖς
922 2875 1066 2948 πατρικαῖς
1098 2869 1145 2929 καί
1175 2869 1328 2940 ουνοδικαῖς

37 2993 117 3072 ἀραῖς.
155 2995 224 3054 οῦτω
254 2995 376 3072 γενέσθω
406 2993 453 3052 καὶ
484 2995 522 3069 μὴ
553 2991 651 3065 άλλως
682 2989 713 3064 ἐξ
743 2992 912 3070 ἀποφάσεως.
949 2992 982 3051 ἐν
1005 2989 1082 3068 μηνὶ
1105 2990 1327 3072 οεπτεμβρίῳ,

38 3113 242 3187 ἰνδικτιῶνος
261 3114 296 3176 δ’.
322 3115 342 3194 †

37 3239 54 3312 θ
86 3283 454 3300 ...........
487 3239 508 3316 †
707 3236 728 3314 †
752 3235 787 3294 ‘0
811 3235 992 3310 Μεθῦμνης
1014 3235 1245 3314 Μακάριος]ι

39 3359 56 3433 γ
79 3359 110 3420 ‘0
135 3358 341 3438 Ἡρακλείας
363 3357 541 3430 Μεθέδιος.
565 3359 586 3436 θ
708 3358 728 3434 †
753 3357 787 3415 ‘0
811 3356 1033 3432 Χαλκηδόνος
1056 3354 1214 3436 Γαβριήλ.
1238 3355 1260 3435 †

39 3479 109 3554 †'0
126 3478 655 3559 Φιλιππουπόλ.εωςΓαβριήλ.γ
708 3481 728 3558 †
752 3479 790 3537 ‘0
815 3477 907 3537 Νέων
932 3479 1067 3558 Πατρῶν
1091 3478 1285 3558 Γεράσιμος.
1309 3477 1330 3557 †

40 3601 110 3676 †‘0
145 3601 397 3682 Τραπεζοῦντος
435 3593 599 3671 Ἀνανίας.
634 3599 655 3676 †
708 3599 787 3678 †‘0
813 3601 950 3680 Μυρέων
975 3599 1247 3680 Παγκράτιος,·θ

41 3721 111 3795 ''s‘O
134 3723 267 3802 Σερρῶν
293 3723 533 3802 Χρῦοανθος.γ·
708 3721 786 3800 †‘0
822 3720 1014 3800 Σηλυβρίας
1049 3717 1331 3800 Μητροφάνης.γ

42 3843 110 3918 †‘0
136 3889 289 3906 .....
315 3845 531 3922 ’ίγνάτιοςγ
708 3842 793 3922 †‘0
827 3844 938 3922 πρώην
970 3841 1114 3901 Ἰκονίου
1148 3841 1331 3920 ίίανιήλ.γι

136 3972 244 4027 ἀτελεῖ.
270 3971 346 4026 Hor.
363 3971 404 4024 ΙΙ.
428 3989 478 4024 nro
495 3973 545 4025 54.

253 4273 439 4374 CXXXVI.
465 4269 691 4357 7196-1688,
714 4293 824 4338 mense
847 4271 941 4356 maio,
964 4270 1028 4337 ind.
1053 4270 1112 4336 XI.

48 4421 203 4482 Patriarelna
228 4426 377 4481 Callinicus
399 4425 441 4480 II.
472 4423 612 4494 αοηάιτπαί
645 4423 803 4491 libertatem,
839 4421 903 4474 iura
936 4427 960 4474 et
985 4420 1136 4490 privilegia
1165 4418 1331 4474 monasterii.

140 4615 161 4694 †
185 4611 411 4692 Καλλίνικος,
435 4609 521 4690 ἐλέῳ
544 4611 620 4668 θεοῦ
645 4606 909 4688 ἀρχιεπίοκοπος
929 4603 1331 4684 Κωνσταντινουπθλεως,

52 4729 128 4806 λ’έας
151 4735 295 4812 Ῥώμης,
318 4733 374 4793 καὶ
397 4731 632 4808 οἰκουμενικδς
653 4731 874 4810 πατριάρχης.
898 4731 919 4808 †
1093 4813 1126 4862 ²0
