3162 5278
1293 344 1354 408 291

68 539 181 598 ἁπάντων
210 537 330 608 ἐναντίος
357 544 426 618 φανῇ
454 535 515 618 περὶ
541 536 705 598 τοῦτονκαὶ
732 535 887 596 σκάνδαλόν
910 558 934 596 τι
961 535 1115 621 προξενηση
1145 535 1191 598 καὶ
1221 541 1354 618 ταραχήν,

66 667 111 717 τῶν
137 659 296 740 ἱερωμένων
324 659 376 734 μὲν
402 663 440 718 ὢν
467 660 482 718 ό
508 664 627 732 τοιοῦτος
653 663 672 734 ἡ
701 659 747 718 καί
780 659 793 716 ό
823 660 894 718 κατὰ
921 659 1032 738 καιροῦς
1062 659 1204 740 ἀρχιερεὺς
1232 660 1355 741 Ἐφέσου,

67 782 140 860 ἀργός
160 781 232 842 ἔστω
251 783 342 856 πάσης
365 777 558 861 ἀρχιερατικῆς
580 780 627 840 καί
651 779 789 862 ἱερατικῆς
812 781 952 859 έιεργείας
975 779 1021 840 καί
1045 781 1159 860 τάξεως,
1182 780 1236 840 τῶν
1250 781 1356 840 λαϊκιῦν

66 903 99 982 δέ,
125 903 314 983 ἀφωρισμένος
338 897 391 962 ἀτδ
415 904 477 962 θεοῦ
499 905 719 983 παντοκράτορος
740 902 788 962 καί
810 903 1000 982 κατηραμένσς
1023 901 1069 962 καὶ
1092 899 1288 982 οἱσυγχώρητος
1310 901 1356 962 καί

65 1019 125 1096 μετὰ
154 1025 271 1084 θάνατον
300 1025 399 1095 άλυτος
430 1022 477 1084 καὶ
508 1021 563 1097 ἔξω
593 1031 642 1100 της
671 1023 725 1084 τῶν
755 1031 916 1104 χριστιανῶν
945 1025 1096 1101 ἐκκλησίας
1123 1023 1168 1084 καί
1197 1025 1357 1104 όμηγίιρεως

65 1147 96 1216 ίις
117 1143 233 1221 ἀπειθὴς
255 1146 300 1206 καὶ
325 1143 523 1217 ἀνυπότακτος·
548 1143 588 1218 εἱς
602 1146 656 1225 γάρ
671 1147 720 1221 τἠν
740 1145 801 1224 περὶ
820 1147 911 1206 τοῦτου
935 1144 1055 1222 δήλωσιν
1078 1145 1125 1206 καί
1149 1145 1356 1222 άμεταβλησίαν

63 1265 96 1340 εἰς
118 1267 206 1327 αἰῶνα
226 1269 273 1328 τδν
297 1269 403 1328 ἅπαντα
426 1269 530 1349 ἐγράφη
553 1266 600 1328 καί
623 1269 653 1328 τδ
676 1269 762 1348 παρδν
785 1269 921 1347 σιγίλλιον
943 1274 992 1344 τῆς
1011 1269 1091 1345 ἡμῶν
1114 1271 1288 1348 μετριότητος
1310 1267 1356 1328 καί

63 1390 172 1466 ἐπεδόθη
206 1395 241 1470 τῇ
279 1388 458 1472 διαληφθείσῃ
494 1389 554 1472 θείᾳ
588 1396 657 1472 μονῇ
692 1393 737 1449 τοῦ
771 1389 799 1449 ἐν
834 1390 923 1468 ἁγίοις
956 1392 1057 1470 πατρδς
1090 1389 1169 1465 ἡμῶν
1204 1390 1354 1472 Νικολάου,

61 1510 266 1590 άρχιεπισκόπου
290 1512 390 1592 Μύρων
414 1511 528 1589 Λυκίας,
555 1515 601 1571 τοῦ
624 1513 839 1592 θαυματουργοῦ,
866 1515 912 1571 τοῦ
937 1512 1021 1592 ἐυτῇ
1048 1513 1128 1592 χώρᾳ
1150 1512 1285 1593 Τζαγκλῇ
1307 1517 1357 1586 τῆς

61 1631 192 1711 ἐπαρχίας
215 1631 329 1711 Ἐρέσου
350 1630 397 1692 καὶ
421 1631 455 1692 δι’
475 1633 558 1708 αῦτῆς
584 1638 617 1714 τῇ
640 1631 702 1715 ἱερᾷ
728 1631 774 1692 καί
803 1633 932 1714 βασιλικῇ
955 1633 1015 1715 θείᾳ
1038 1635 1110 1714 μονῇ
1130 1637 1176 1693 τοῦ
1199 1631 1285 1714 άγίου,
1310 1634 1357 1692 έν-

61 1751 134 1826 δέξου
168 1755 323 1815 ἀποστόλου
355 1751 402 1814 καὶ
437 1755 635 1833 εῦαγγελισιοῦ
662 1753 792 1814 Ἰωάννου
825 1759 871 1814 τοῦ
902 1753 1045 1833 Θεολόγου
1079 1759 1125 1814 τοῦ
1159 1755 1187 1814 έν
1221 1761 1254 1838 τῇ
1284 1758 1357 1834 νήσῳ

60 1876 168 1956 Πάτμῳ.
195 1877 228 1935 ἐν
252 1877 321 1936 έτει
345 1875 446 1958 ,ζριδ’,
470 1877 565 1958 μαίῳ,
589 1873 799 1948 ίνδικτιιῦνος
821 1875 856 1938 δ’.
880 1877 901 1956 †
990 1951 992 1957 y

157 1998 361 2080 ’φ”Ραφαήλ,
400 1997 488 2078 ἐλέῳ
525 1999 610 2058 θεοῦ
648 1998 913 2079 ἀρχιεπίσκοπος
950 1999 1356 2078 Κωνσταντινουπόλεως,

58 2119 145 2192 ,θέας
168 2121 315 2201 Ῥώμης,
338 2119 395 2180 καὶ
418 2119 653 2196 οίκουμενικδς
674 2124 896 2202 πατριάρχης.
920 2121 942 2201 †

157 2249 302 2320 Areltetyp.
326 2250 434 2304 membr.
459 2267 519 2326 cum
542 2251 618 2304 bulla
636 2251 774 2321 plumbea.
800 2250 875 2306 Mor.
894 2251 935 2305 ΙΙ.
959 2269 1008 2304 ατο
1025 2252 1075 2305 46.

278 2535 432 2602 ΟΧΧΙΧ.
458 2535 682 2620 7132-1624,
706 2559 818 2601 mense
841 2535 942 2622 aprili,
967 2535 1031 2600 ind.
1049 2537 1123 2602 VII.

58 2685 222 2738 Ραίνίατσίια
240 2685 358 2754 όηπιὶίυσ
374 2685 398 2740 Ι.
416 2685 534 2738 Lucaris
556 2683 704 2753 confirmat,
728 2685 946 2738 monasteriolum
971 2683 1087 2738 Sanctae
1108 2685 1220 2738 Mariae
1237 2685 1356 2739 Εαοοίιο-

100 2790 200 2842 τίανιαε
223 2790 251 2842 in
274 2789 365 2842 ίιιειιία
383 2790 456 2842 Ρατο
479 2807 534 2842 εσσε
557 2788 712 2842 ιιιειοσίιίιιαι
736 2790 893 2842 monasterii
916 2786 1013 2842 Sancti
1027 2789 1140 2842 Ῑοαιιιιίε
1162 2790 1190 2842 in
1205 2790 1312 2844 Patmo.

159 2938 388 3018 γΚῦριλλος,
424 2939 512 3017 ἐλέῳ
546 2940 621 2998 θεοῦ
656 2937 920 3018 θρχιεπίσκοπος
954 2939 1356 3018 Κωνσταντινουπόλεως,

55 3060 144 3132 λ’έοις
168 3061 312 3139 Ῥώμης,
336 3059 391 3120 καί
414 3059 650 3135 οἱκουμενικδς
671 3063 892 3139 πατριάρχης.
917 3061 938 3138 †

158 3217 180 3292 †
203 3216 247 3275 Τά
268 3215 340 3276 κατὰ
362 3217 435 3276 θεῖον
458 3219 558 3276 σκοπδν
581 3219 713 3294 γινόμενα
738 3219 826 3276 πάντα
848 3217 925 3276 καλόι
950 3215 1015 3276 λίαν
1043 3213 1099 3274 ἐστὶ
1130 3214 1176 3274 καί
1199 3215 1267 3296 πρδς
1293 3217 1355 3275 θεδν

53 3337 240 3417 εῦπρέσδεκτα
266 3336 313 3397 καί
341 3339 451 3413 μᾶλλον
479 3341 524 3398 ὅτε
547 3361 587 3410 τις
616 3339 683 3398 αῦτόι
710 3341 755 3398 ὅτε
787 3339 828 3398 δεῖ
857 3337 903 3396 καί
934 3339 999 3397 όττου
1030 3337 1072 3396 δεῖ
1103 3337 1355 3416 ἐναποθησαυρίσειε

52 3459 139 3538 κρίσιν
169 3461 198 3518 ἐν
225 3459 323 3530 καλοῐς
350 3461 510 3534 ποιούμενος
537 3458 584 3519 καί
611 3461 644 3518 τά
666 3460 743 3519 καλὰ
765 3463 821 3530 τοῖς
843 3460 1004 3531 καλλίστοις
1027 3453 1219 3534 ἀνατιθέμενος
1241 3460 1356 3539 φανερόν

51 3583 164 3652 πάντως
194 3577 242 3639 καί
268 3579 408 3658 πρόδηλον
436 3581 473 3650 ὡς
500 3581 724 3660 κατορθουμένων
744 3581 840 3659 ’ἔργων
869 3581 1039 3655 ἀειμνήστων
1070 3578 1117 3638 καί
1145 3580 1285 3660 μακαρίων
1319 3583 1356 3650 ὡς

50 3701 269 3761 λυσιτελούντων
298 3707 363 3760 πᾶσι
389 3707 497 3771 κοινῶς.
530 3701 625 3776 ἐπειδὴ
656 3701 743 3760 τοίνυν
771 3699 819 3760 καί
850 3702 864 3759 ό
890 3700 961 3760 κατὰ
987 3703 1036 3776 τὴν
1062 3700 1203 3760 πολιτείαν
1226 3701 1356 3780 Κεφάλου

51 3830 100 3896 τῆς
129 3825 216 3898 νήσου
241 3823 332 3902 Ιίάρου
359 3823 545 3902 εὑρισκόμενοι
574 3821 702 3902 κληρικοί
722 3843 753 3881 τε
782 3821 830 3882 καί
855 3821 951 3901 ἱερεῖς,
977 3809 1115 3902 Ιἄρχοντες
1144 3821 1191 3881 καὶ
1218 3823 1243 3882 οἱ
1265 3821 1356 3882 λοιποί

52 3948 169 4024 ἔχοντες
200 3945 260 4004 ἐκεῖ
286 3945 360 4004 θείαν
389 3946 474 4021 μονὴν
504 3967 538 4006 επ
572 3967 681 4022 ονοματι
709 3948 866 4022 τιμωμένην
896 3952 944 4022 τῆς
975 3945 1123 4026 ῦπεραγὶας
1153 3947 1280 4005 θεοτόκου
1309 3945 1356 4006 καὶ

51 4067 234 4146 ἀειποιρθένου
259 4066 369 4148 Μαρίας
396 4073 446 4142 τῆς
474 4068 697 4143 έπικεκλημένης
721 4065 933 4148 Ἐξωχωριανῆς
961 4068 1163 4126 άνακτισθείοαν
1192 4068 1225 4125 έκ
1248 4067 1355 4146 βάθρων

51 4187 95 4246 ἐπὶ
119 4187 313 4268 πατριαρχικῷ
336 4187 382 4248 καί
405 4190 594 4268 σταυροπηγίῳ
617 4187 692 4269 παρά
714 4209 792 4248 τινων
816 4189 1024 4262 εῦλαβεστάτων
1048 4195 1176 4266 μοναχῶν
1192 4189 1356 4248 ἀπέστειλαν

48 4313 120 4389 πρός
152 4312 228 4386 ἡμᾶς
255 4311 391 4391 ἀναφορὰν
422 4311 604 4391 ἑνυπόγραφον
637 4307 773 4383 ἀξιοῦντες
803 4311 935 4388 μεγάλως
966 4308 1013 4369 καὶ
1043 4309 1177 4382 αἰτοῦντες
1206 4311 1355 4390 προσηλω-

49 4433 133 4508 θῆναι
162 4433 245 4506 αὐτὴν
272 4429 310 4512 τῷ
337 4431 403 4510 θείῳ
429 4429 475 4491 καὶ
503 4433 645 4512 σεβασμίῳ
674 4429 808 4510 βασιλικῷ
835 4430 882 4491 καὶ
904 4429 1093 4512 πατριαρχικῷ
1117 4431 1287 4510 μοναστηρίῳ
1309 4435 1356 4491 τοῦ

49 4555 145 4635 άγίου,
169 4550 291 4632 ἐνδόξου,
318 4557 493 4632 πανευφημου
516 4555 667 4614 ἀποστόλου
695 4553 742 4614 καί
770 4553 964 4632 εὐαγγελιστοῦ
988 4555 1114 4613 Ἰωάννου
1142 4557 1187 4612 τοῦ
1211 4552 1355 4630 Θεολόγου

49 4681 96 4735 τοῦ
132 4673 160 4734 ἐν
191 4682 225 4755 τῇ
255 4679 329 4754 νόσῳ
358 4677 462 4756 Πάτμῳ
494 4673 537 4735 ἐπὶ
567 4675 673 4734 πλείονι
704 4675 839 4758 ἀσφαλείᾳ
874 4675 921 4736 καί
954 4680 1098 4758 στερεώσει
1133 4677 1230 4757 αὐτῆς,
1263 4676 1355 4735 τοῦτου

1101 4796 1148 4846 19*
