3160 5292
273 355 337 422 258

272 548 380 610 όπισόεν
401 551 447 610 τοῦ
470 549 501 608 Μ
511 594 743 614 ..........
770 549 869 630 δένδρα
893 553 940 612 τοῦ
962 549 1097 632 Ἀνδρέου.
1122 549 1307 629 ἁχωνοτόπιον
1329 547 1376 610 σὶιν
1398 547 1438 629 τῷ
1459 569 1556 629 προσι-

273 666 338 756 [λίῳ
361 717 568 734 .........
594 666 684 757 ἐ]τέθη
706 669 753 732 καί
774 673 803 734 ιδ
826 673 965 753 είικτήρισν
986 678 1036 748 τῆς
1054 671 1241 752 Ὀδηγήτρίας
1261 672 1292 732 τό
1314 669 1355 744 είς
1375 673 1407 732 τό
1421 669 1557 752 Ῥεπήανί-

273 793 330 854 διον
359 839 644 856 ............
675 789 826 879 είι]κτηρίου
852 794 899 856 σίιν
920 793 960 873 τῷ
983 793 1137 875 ίσωκνριίῳ,
1166 794 1233 875 ὅπερ
1256 793 1316 872 ἔχει
1342 793 1396 854 ἀπό
1416 813 1497 854 τινων
1518 815 1556 872 ρι-

272 910 436 999 [λοχρίοτων
470 961 728 979 ...........
734 911 744 1001 ]
779 917 797 991 ή
831 917 935 977 ἁνωθεν
970 917 1082 996 όηθεῖσα
1110 917 1263 989 πὰνσεπτος
1292 915 1362 992 μονὴ
1397 912 1436 988 είς
1466 916 1559 995 μικρόν

272 1031 454 1120 [παραμυθίαν
482 1035 529 1098 καὶ
557 1037 703 1098 ἁνὰπαυσιν
725 1032 791 1122 τῶν]
815 1043 944 1116 μοναχῶν
966 1042 1085 1117 ψυχικῆς
1107 1038 1189 1098 ἕνεκα
1211 1037 1346 1118 σωτηρίας
1367 1040 1415 1098 τοῦ
1435 1041 1559 1117 κραταιοῦ

271 1155 317 1220 καί
344 1158 423 1236 ἁγίου
444 1154 535 1244 ή[μῶν
558 1160 685 1220 αίιθέιτου
710 1157 757 1220 καί
780 1158 918 1234 βασιλέως
941 1205 1049 1224 .....
1058 1155 1069 1244 ]
1098 1165 1228 1240 μοναρχῶν
1250 1159 1445 1240 ἁπερεόχεσόαι
1471 1159 1559 1234 διηνε-

269 1285 327 1351 κῶς
352 1281 413 1351 τοὺς
440 1281 584 1361 κραταιοίις
613 1277 671 1366 [καί
697 1279 793 1360 ἁγίους
813 1283 893 1358 ήμῶν
915 1281 1044 1355 οίιόὲνπας
1070 1279 1117 1342 καί
1145 1281 1268 1358 βασιλεῖς
1294 1281 1341 1342 σίιν
1362 1276 1414 1367 τ]ᾧ
1443 1301 1560 1361 χρισσω·

270 1403 345 1481 νόμῳ
375 1371 575 1487 [πλη]ριίιμοίτι·
605 1401 648 1462 ἐπί
674 1404 759 1484 τούτῳ
781 1403 834 1485 γὰρ
862 1403 985 1482 ἐγεγόνει
1012 1399 1069 1488 [καί
1094 1405 1126 1466 τό
1151 1405 1237 1484 παρδν
1258 1405 1339 1484 ήμῶν
1369 1402 1560 1464 ἁποκατσιιπα-

269 1501 354 1608 τικδν]
392 1523 569 1604 σιγιλλιῶδες
607 1519 748 1610 γρίὰμμα]
788 1523 835 1586 καὶ
873 1525 991 1603 έπεδόὰή
1028 1531 1063 1607 νή
1100 1532 1169 1609 μονή
1208 1524 1248 1599 είς
1286 1525 1447 1605 ἀσφάλειαν.
1488 1523 1562 1602 μηνὶ

271 1643 477 1726 ίαννουαρίῳ,
500 1644 711 1720 ίνδικτιῶνος
735 1645 779 1728 ιγ’.
804 1647 824 1726 †

373 1763 471 1853 †[‘0
510 1766 631 1842 δοῦλος
667 1773 722 1830 τοῦ
754 1765 925 1854 κραίταιοῦ
962 1767 1018 1832 καί
1055 1769 1149 1848 ἁγίου
1182 1771 1274 1846 ήμῶν
1311 1769 1474 1830 αυθέντου
1512 1766 1562 1828 καί

270 1889 451 1969 βασιλέως,
475 1888 552 1964 δοίιξ
574 1889 629 1952 καί
652 1891 862 1972 ἁπογραρείις
884 1897 942 1970 τῆς
964 1893 1064 1966 νήσου
1086 1893 1221 1968 Λήμνου
1243 1892 1259 1950 ό
1282 1937 1440 1954 .......
1467 1891 1490 1970 †

374 2037 524 2108 Ιὰσσιαρίαι·
545 2037 631 2092 chart.
656 2037 732 2092 Flor.
755 2055 805 2090 nro
823 2039 893 2093 105.
922 2037 967 2091 Εσο
998 2038 1080 2092 ductu
1109 2037 1262 2092 ίίόέσσαησο
1293 2043 1411 2107 apparet
1441 2037 1565 2092 tabulam

269 2143 399 2210 aon'ptam
421 2159 476 2197 σιιε
497 2159 568 2198 naec.
592 2141 677 2198 XIV.

581 2495 702 2562 oxffl.
727 2495 803 2562 Sine
825 2517 919 2580 anno,
942 2517 1052 2562 mense
1074 2495 1250 2562 novembri.

270 2683 447 2751 Praeceptum
477 2681 653 2749 Imperatoris
687 2679 719 2732 de
748 2681 960 2749 μοισσσσίυιοίόιισ
997 2685 1021 2734 σέ
1055 2679 1187 2733 radiabas
1219 2681 1378 2734 νησιισσόσιὰἰ
1408 2681 1438 2733 in
1478 2675 1574 2734 ιἰισιιίιιί

809 2789 814 2806 ’
860 2783 969 2838 Lemno.

808 2967 1025 3032 Βασιλικοῦ.

297 3162 299 3168 ,
354 3072 394 3191 ¹'s
418 3106 570 3192 Ἄρχοντες
603 3108 760 3189 κεραλὰδες
792 3113 842 3184 τῆς
871 3108 993 3184 Λήμνου.
1030 3107 1046 3166 ό
1075 3105 1104 3168 ἐν
1135 3109 1269 3185 μοναχσῑς
1298 3104 1464 3188 οἰκονόμος,
1500 3113 1574 3190 κῦρις,

271 3229 423 3311 Μεόόδιος,
452 3235 498 3292 τοῦ
528 3226 657 3310 μετοχίου
691 3235 741 3309 τῆς
771 3219 923 3305 σεβασμίας
952 3233 1037 3306 μονής
1071 3235 1119 3306 τῆς
1150 3228 1293 3304 βασιλείας
1319 3251 1372 3306 μου
1405 3237 1458 3292 τοῦ
1496 3233 1570 3310 ἁγίου

271 3353 423 3414 ἀποστόλου
455 3351 502 3413 καὶ
533 3352 729 3432 εῐιαγγελιστοῦ
751 3351 878 3414 Ἰωάννου
906 3355 953 3414 τοῦ
975 3349 1118 3430 Θεολόγου
1147 3356 1198 3427 τῆς
1229 3350 1259 3411 ἐν
1288 3357 1323 3434 τῇ
1351 3353 1463 3433 ίίὰτμῳ
1500 3357 1570 3432 νήσῳ

272 3474 384 3556 ἀνέφερέ
407 3495 476 3554 μας,
509 3475 561 3533 όσα
590 3474 650 3552 ἔχει
679 3475 714 3534 νὰ
738 3477 838 3558 ποιήσῃ
866 3471 904 3546 είς
933 3471 1073 3553 διόρθωσιν
1101 3473 1179 3534 αὑτοῦ
1210 3473 1281 3550 μετὰ
1307 3479 1361 3536 τῶν
1388 3473 1574 3562 Λοωριωτῶν,

272 3595 317 3656 διὰ
343 3601 419 3657 τοῦτο
447 3594 522 3672 ίδήπέ
543 3617 575 3656 το
601 3596 678 3672 ὑμεῖς
705 3597 784 3656 αὺτοῦ
810 3599 927 3667 τοπικῶς
953 3593 1000 3656 καί
1028 3593 1193 3676 διορθώσατέ
1214 3616 1255 3676 το,
1283 3595 1377 3668 καθὼς
1398 3598 1509 3676 πρέπει
1530 3593 1572 3658 καί

271 3718 453 3797 περιθόλψετέ
472 3738 517 3777 τον
541 3715 580 3790 είς
601 3719 632 3778 τό
653 3716 755 3778 δίκαιόν
771 3735 824 3779 του.
848 3711 1034 3803 ἐνείρὰ]νι[σε]
1057 3714 1104 3776 καί
1125 3719 1273 3797 πρακτικόν
1295 3722 1349 3778 τῶν
1371 3717 1571 3798 ἁπογραρὲων,

272 3839 363 3900 όποϊσν
385 3839 483 3900 θέλετε
505 3837 572 3900 ίδεῑν
593 3837 641 3900 καί
663 3838 748 3913 ὑμεῖς.
776 3835 824 3898 καί
846 3835 870 3898 εί
891 3842 968 3900 τοῦτο
989 3837 1139 3916 λαμβάνει,
1166 3837 1200 3910 ἁς
1221 3859 1252 3899 το
1280 3838 1341 3917 ἔχει
1368 3838 1572 3918 ἁνενσχλήτυς

271 3959 319 4022 καί
340 3961 412 4021 κατὰ
433 3961 462 4020 τδ
486 3961 622 4040 ἀκέραιον.
646 3959 686 4020 ἔτι
707 3958 821 4040 ἀνέφερέ
843 3979 898 4034 μας
919 3958 965 4020 καί
986 3958 1045 4032 πῶς
1069 3960 1205 4039 ἁνθρωποι
1226 3961 1309 4041 τρεῖς,
1332 3961 1396 4020 ότε
1421 3961 1574 4038 Πεσιανός,

273 4083 408 4158 Μανόλης
438 4087 485 4142 τοῦ
511 4082 638 4163 Γεωργου
670 4079 717 4142 καί
744 4080 864 4159 Μιχαὴλ
892 4081 908 4140 ό
935 4079 1060 4164 Οδγνρος
1093 4083 1235 4162 κρατοῦσιν
1267 4079 1404 4164 ἑσωγόριο
1441 4051 1574 4146 ὑπόπωτα

273 4203 343 4279 μετὰ
373 4203 502 4284 δένδρων,
531 4209 582 4280 τῆς
609 4208 695 4281 μονῆς
725 4203 788 4264 δντα
814 4203 952 4284 πρότερον,
983 4201 1023 4276 είς
1050 4201 1136 4263 ἁκαί
1162 4202 1287 4266 τελοῦσιν
1313 4201 1354 4276 είς
1376 4206 1406 4264 τό
1440 4205 1574 4284 δημόσιον

272 4324 427 4401 νομίσματα
459 4323 595 4408 ὐπέριοιρα
624 4327 715 4406 πέντε,
749 4323 832 4404 ήγουν
862 4323 998 4400 Μανουὴλ
1029 4323 1043 4384 ό
1073 4325 1207 4406 Γεοίιργου
1241 4325 1395 4402 νομίσματα
1429 4326 1574 4422 ὑστέρα-,τιμή

273 4445 343 4528 τρία,
369 4447 384 4506 ό
408 4447 534 4519 [ίισιανδς
563 4449 682 4522 νόμισμα
708 4446 737 4506 ἓν
763 4443 810 4506 καί
832 4445 953 4524 Μιχαὴλ
974 4447 990 4506 ό
1013 4443 1139 4528 Οιίγκρος
1163 4448 1284 4524 νόμισμα
1306 4450 1345 4529 έν,
1368 4445 1416 4508 καί
1443 4455 1574 4531 παρεκὰγ

272 4569 366 4647 λεσεν,
395 4569 440 4628 ίνα
471 4569 636 4651 εδεργετηθῇ
663 4571 746 4628 ταῦτα
772 4567 806 4628 τὰ
832 4569 912 4630 πέντε
938 4568 1076 4650 ὑπέρπυροι
1101 4569 1257 4648 νομίσματα
1285 4568 1325 4642 είς
1351 4571 1383 4630 τό
1412 4559 1574 4651 λαμβάνεή

274 4689 362 4759 αίιτός.
408 4689 603 4768 εἰιεργετσῦμεν
634 4689 729 4769 τοίνυν,
772 4683 836 4776 [ίνα]
869 4689 903 4755 τὰ
935 4690 1074 4768 λαμβάνει
1108 4691 1152 4754 ἐπὶ
1191 4695 1265 4770 ίωής
1303 4713 1350 4756 του
1388 4686 1442 4756 καί
1487 4697 1574 4780 μόνσνγ
