3162 5278
259 348 323 412 286

257 545 413 625 πατριάρχῃ
438 543 568 614 εὐτειθῶς
591 543 787 604 ὑποτάσσεσθαι
809 547 858 619 τήν
883 548 967 620 μονήν
995 547 1041 605 καὶ
1064 549 1098 604 τὰ
1119 551 1180 606 κατ’
1198 548 1280 622 αὐτὴν
1304 547 1375 626 αὐτῷ
1399 548 1551 626 ἀνάγεσθαι.

259 665 358 724 ὁπόταν
381 663 428 724 καὶ
450 663 523 725 τουτὶ
545 665 631 746 δεήσῃ
655 664 695 738 εἰς
718 667 841 728 σύστασιν
865 667 947 744 αἰιτῆς
969 667 1017 728 καὶ
1040 671 1135 749 μονήν,
1158 666 1219 747 οίιχὶ
1239 669 1332 749 θρεσιν
1353 672 1372 745 ἢ
1395 669 1481 748 λήψίν
1501 693 1553 730 τυα

260 787 365 846 ἐκεῖθεν
391 784 439 846 καὶ
467 786 495 844 ἐν
524 789 584 860 ταῖς
614 787 699 859 θείαις
726 788 890 869 ἱερουργίαις
917 790 1096 870 ἀναφέρεσθαι
1127 791 1158 849 τδ
1185 795 1355 868 μνημόσυνον
1384 793 1464 852 αθτοῖι
1497 793 1551 852 ἐνε-

258 907 372 987 ρανίσθη
406 913 440 990 τῇ
469 909 548 984 ήμῶν
581 912 730 990 μετριότητι
765 909 812 970 καί
842 914 980 972 πιττάκιον
1011 916 1057 972 τοῦ
1087 913 1117 972 σθ
1146 913 1198 992 πρό
1229 913 1338 973 πολλοῦ
1367 913 1430 986 τοίις
1464 911 1553 986 οἴακας

258 1037 308 1106 τῆς
330 1031 485 1107 καθολικῆς
506 1030 606 1106 ταίιτης
628 1030 779 1108 ἐκκλησίας
807 1030 939 1104 ίθόνσντσς
963 1033 1112 1114 μακαρίτου
1134 1033 1225 1114 κυρίου
1247 1025 1379 1116 Ἰωάσαρ,
1403 1035 1439 1094 δι’
1460 1029 1491 1096 οὗ
1512 1037 1552 1096 καὶ

259 1155 339 1226 αὺτδς
354 1153 555 1235 παρεκελεύετο
582 1155 652 1229 «τὴν
674 1154 798 1231 τοιοώτην
821 1155 906 1230 μονὴν
928 1161 978 1232 τῆς
994 1155 1108 1231 Πάτμου
1129 1153 1177 1216 καί
1200 1157 1282 1232 αἰπήν
1304 1159 1353 1232 τήν
1380 1163 1463 1234 νῆσον
1490 1158 1553 1217 κατὰ

258 1275 293 1335 τέ
314 1275 511 1356 χρυσόβουλλα
534 1281 588 1336 τῶν
611 1272 764 1356 δρθοδόξων
793 1275 930 1350 βασιλέων
956 1275 1003 1336 καί
1025 1277 1060 1338 τὰ
1081 1278 1206 1358 σιγίλλια
1232 1285 1287 1339 τῶν
1309 1279 1440 1356 ἀοιδίμων
1462 1301 1553 1360 πατρι-

260 1404 353 1479 αρχῶν
385 1399 533 1474 αίιτόνομόν
560 1418 590 1458 τε
621 1393 690 1458 εἷναι
723 1396 770 1458 καί
802 1399 1008 1478 αθτοδέοποτον,
1042 1401 1257 1482 παντελείιθερόν
1279 1421 1310 1460 τε
1337 1399 1384 1460 καί
1413 1401 1552 1462 ἀκαταπά-

258 1542 338 1596 τητον
352 1521 428 1602 παρὰ
445 1522 547 1594 παντός
569 1521 757 1602 ἀρχιερατικοῦ
777 1525 795 1596 ή
815 1522 913 1582 λαϊκοῠ
934 1524 1088 1603 προσώπου,
1111 1523 1223 1600 τυχόν».
1247 1525 1332 1583 ταῦτα
1353 1526 1444 1583 πάντα
1467 1521 1553 1582 ἰδοῖσα

258 1643 304 1706 καί
334 1639 528 1720 ἀποδεξαμένη
555 1644 573 1718 ἡ
601 1646 745 1724 μετριότης
771 1645 851 1718 ήμῶν
880 1641 927 1702 καί
956 1641 1031 1723 παρὰ
1059 1648 1114 1702 τῶν
1143 1641 1400 1723 προδιαληρθέντων
1430 1645 1553 1725 ἀδελρῶν

258 1766 478 1848 παρακληθεῖσα,
512 1767 583 1824 ώστε
611 1768 696 1824 ταῦτα
728 1762 775 1824 καὶ
804 1765 1010 1824 ἀνανεώσασθαι
1041 1763 1089 1824 καὶ
1117 1766 1147 1824 τδ
1178 1769 1259 1846 κῦρος
1288 1769 1441 1846 παρασχεῖν
1471 1767 1554 1836 αἰτεῖς

259 1889 431 1970 ἰσχυρότατόν
456 1907 488 1947 τε
520 1885 567 1946 καί
596 1888 695 1964 πάγιον
728 1883 775 1945 καί
802 1885 1058 1965 ἐπιβεβαιώσαοθαι,
1091 1886 1234 1966 διορίζεται
1269 1887 1315 1947 διὰ
1348 1890 1394 1946 τοῦ
1426 1891 1554 1968 παρόντος

259 2011 342 2088 αθτής
365 2005 559 2089 σιγιλλιώδους
581 2009 744 2087 γράμματος
768 2008 1008 2088 ἀνακεραλαιοιῖοα
1029 2009 1063 2067 τὰ
1084 2011 1172 2068 πάντα
1198 2007 1246 2068 καὶ
1274 2004 1487 2090 ἀποραινομένη,
1515 2011 1556 2067 ἵνα

259 2133 288 2192 ἐν
308 2137 342 2213 τῇ
365 2131 469 2213 ἀρχαίᾳ
490 2128 537 2190 καί
561 2129 668 2204 συνήθει
691 2129 834 2212 ἐλευθερίᾳ
853 2131 871 2205 ή
888 2131 1001 2210 όηθεῖσα
1022 2130 1158 2206 σεβασμία
1181 2132 1252 2206 μονὴ
1274 2135 1322 2191 τοῦ
1344 2129 1424 2209 σ’γίου
1447 2129 1555 2203 ἐνδόξου

259 2253 412 2314 ἀποστόλου
449 2251 496 2312 καὶ
529 2251 728 2330 εὐσγγελιστοῖι
758 2251 886 2311 Ἰωάννου
919 2255 965 2310 τοῦ
992 2249 1136 2332 θεολόγον
1169 2258 1221 2329 τῆς
1253 2254 1335 2328 νήσου
1366 2253 1479 2328 Πάτμου
1513 2253 1558 2312 καίΙ

257 2381 332 2436 πᾶσα
353 2376 372 2450 ή
395 2379 478 2452 νῆσος
505 2373 571 2448 αὕτη
599 2373 715 2454 διαμένῃ
743 2373 786 2432 ἐπ’
807 2373 917 2453 άπειρον
943 2372 1015 2432 κατὰ
1040 2373 1090 2448 τήν
1116 2379 1170 2432 τῶν
1198 2373 1380 2450 δηλωθέντων
1407 2375 1557 2450 βασιλικῶν

257 2495 472 2578 χρυσσβοὺλλων
502 2493 549 2555 καὶ
578 2499 632 2555 τῶν
658 2501 862 2575 πατριαρχικῶν
890 2493 1034 2573 σιγιλλίων
1062 2495 1194 2574 ἀπόφασιν
1224 2493 1271 2556 καὶ
1297 2495 1393 2568 καθὼς
1420 2495 1445 2555 σί
1471 2497 1559 2555 πάλαι

259 2619 417 2700 διωρίσαντο
438 2619 612 2699 πατριάρχαι,
635 2615 682 2677 καὶ
705 2615 802 2694 μηδενί
824 2622 878 2676 τῶν
906 2617 1042 2699 ἁπάντων,
1064 2621 1083 2692 ἡ
1107 2617 1230 2698 ἀρχιερεῖ
1256 2621 1275 2694 ἢ
1298 2619 1384 2698 έτέρῳ
1411 2637 1459 2696 τῳ,
1489 2619 1557 2677 ἐστο-

257 2741 362 2802 κεῖσθαι
386 2739 505 2819 δόνηται,
529 2737 552 2798 εί
576 2739 614 2815 μὴ
638 2739 676 2817 τῷ
696 2739 1014 2810 Κωνσεαντινουπόλεως
1035 2741 1201 2820 πατριάρχη.
1226 2740 1264 2798 ἔτι
1288 2740 1320 2799 δέ
1341 2737 1557 2820 προσεπιβεβαι-

258 2867 341 2938 οὔμεν
374 2860 420 2922 καὶ
453 2865 540 2938 τοῦτο,
573 2861 618 2920 ίνα
651 2859 689 2940 τῷ
722 2861 795 2920 κατὰ
827 2861 938 2942 καιροὺς
971 2861 1170 2940 καθηγουμένῳ
1204 2859 1231 2920 οί
1259 2861 1289 2920 ἐν
1318 2867 1351 2943 τῇ
1382 2862 1450 2944 αὐτῇ
1485 2864 1574 2937 νήσῳ

257 2987 444 3054 κατοικοῦντες
476 2987 576 3054 πάντες
608 2983 767 3062 πειθαρχεῖν
799 2983 928 3062 δρειλωσι
961 2980 1008 3042 καί
1040 2982 1180 3043 πείθεσθαι
1214 2981 1287 3060 οσίτῷ
1320 2981 1367 3042 ἐπὶ
1396 2987 1488 3062 πᾶσιν,
1521 2976 1556 3051 οἷς

259 3106 347 3175 αῖιτοῖς
380 3101 516 3176 ἐπιτάξειε
548 3103 730 3184 σωτηριώδεοι
764 3102 811 3164 καί
837 3103 1013 3184 ψυχωρελέσι
1047 3103 1094 3164 καὶ
1125 3103 1168 3164 ὑπ’
1200 3105 1280 3164 αὐτοῦ
1307 3099 1485 3183 διεξάγεσθαι
1515 3101 1557 3162 καὶ

257 3227 439 3288 νουθετεῖσθαι
470 3226 542 3286 κατὰ
570 3225 618 3301 τήν
649 3227 760 3286 ἐνοῦσαν
796 3224 868 3304 αθτῷ
898 3225 1040 3308 διάκρισιν,
1074 3225 1168 3298 καθώς
1198 3226 1331 3286 ἀνέκαθεν
1362 3226 1556 3306 ἐπεκράτησεν,

259 3349 368 3420 οθδενδς
390 3353 444 3409 τῶν
467 3347 617 3427 ἀρχιερέων
640 3351 658 3421 ἡ
680 3353 734 3407 τῶν
757 3346 923 3423 τηλεδαπῶν
945 3350 963 3422 ἢ
986 3353 1039 3407 τῶν
1062 3343 1274 3428 πλησιοχώρων,
1302 3349 1342 3420 ώς
1365 3345 1482 3428 είρηται,
1513 3348 1556 3420 τὴν

259 3469 365 3530 οίανοῦν
389 3467 511 3541 ἐξουσίαν
535 3470 647 3547 ἔχοντος
670 3470 800 3530 δεσπόσαι
828 3470 919 3528 ἐκεῖσε
941 3472 959 3544 ή
982 3469 1042 3528 κατ’
1066 3465 1188 3542 ἐξουσίαν
1210 3489 1235 3528 τι
1261 3474 1372 3544 ποιῆσαι
1394 3471 1414 3544 ή
1437 3468 1515 3528 άλλο
1535 3489 1556 3526 τι

259 3591 449 3671 ἀρχιερατικδν
480 3591 636 3671 ἐνεργῆσαι,
668 3589 735 3649 ἀλλ’
759 3589 782 3649 εί
812 3591 905 3665 δεήσει
931 3588 1099 3669 χειροτονίαν
1127 3589 1187 3651 τινὰ
1212 3591 1342 3668 γενέσθαι
1374 3591 1404 3650 ἐν
1431 3597 1465 3672 τῇ
1497 3593 1555 3670 αἰαῖ,

260 3713 398 3797 σεβασμίᾳ
420 3719 490 3793 μονῇ
512 3712 558 3772 καὶ
581 3715 655 3795 πάσρ
678 3717 711 3794 τῇ
734 3715 807 3791 νήσῳ
828 3713 933 3791 Πάτμῳ
955 3715 972 3786 ἢ
996 3711 1089 3789 ἀλλην
1108 3711 1168 3771 τινὰ
1190 3712 1331 3792 ἐνέργειαν
1354 3713 1553 3794 ἀρχιερατικήν.

260 3837 335 3914 ἔχειν
368 3835 462 3896 ἀδειαν
494 3837 540 3895 τόν
569 3837 722 3912 ἡγούμενον
760 3835 986 3916 μετακαλεῖσθαι,
1021 3835 1110 3894 όντινα
1144 3834 1272 3908 βούλεται
1306 3839 1361 3894 τῶν
1395 3835 1554 3916 ἀρχιερέων.

258 3957 330 4018 κατὰ
355 3957 389 4018 τά
411 3955 573 4034 δηλωθέντα
596 3954 666 4033 αθτῷ
688 3957 830 4037 προνόμια.
861 3954 889 4014 εί
908 3975 932 4014 τι
955 3953 996 4035 δέ,
1019 3956 1100 4034 τυχόν
1126 3954 1202 4034 παρὰ
1227 3957 1312 4016 ταῦτα
1338 3955 1373 4014 τά
1396 3955 1553 4034 δηλωθέντα

258 4082 394 4160 προνόμια
419 4084 469 4154 τῆς
495 4078 619 4154 τοιαότης
647 4082 733 4155 μονῆς
758 4080 776 4152 ή
799 4079 947 4156 γεγένηται
974 4080 992 4151 ἢ
1019 4079 1162 4155 γενήσεται
1192 4077 1400 4153 ἐναντιούμενον
1427 4085 1462 4160 τῇ
1491 4085 1552 4156 μονῇ

259 4199 306 4260 καὶ
334 4203 391 4272 τοῖς
417 4201 446 4262 ἐν
469 4199 536 4282 αίιτῇ
563 4201 697 4277 μοναχοῖς
723 4197 770 4258 καί
791 4199 858 4278 πρός
881 4195 1036 4258 σκάνδαλον
1059 4197 1166 4278 ἀφορῶν
1188 4201 1207 4273 ή
1230 4197 1352 4259 καθόλου
1375 4202 1394 4274 ἢ
1418 4199 1448 4260 ἐν
1472 4203 1551 4278 μέρει.

260 4324 291 4382 τό
317 4325 435 4382 τοιοῖιτσν
462 4319 603 4401 ἀνίσχυρον
626 4315 694 4380 εἶναι
717 4319 919 4399 ἀποφαινόμεθα
946 4319 993 4380 καί
1016 4321 1152 4400 άιτρακτον
1179 4318 1226 4380 καὶ
1253 4321 1292 4392 ώς
1320 4321 1358 4396 μὴ
1388 4317 1460 4382 εῖναι
1490 4319 1552 4396 μηδὲ

260 4445 376 4523 γεγονός
398 4443 566 4524 λογίζεσθαι,
587 4445 625 4514 ώς
651 4441 698 4501 καὶ
720 4441 746 4501 σί
768 4443 820 4521 πρδ
842 4443 922 4518 ήμῶν
945 4443 1090 4520 ἁγιώτατοι
1112 4446 1277 4522 πατριάρχαι
1302 4441 1475 4523 διωρίσαντο.
1497 4443 1552 4502 τοί-

260 4585 306 4624 του
331 4567 412 4644 χάριν
439 4563 487 4624 καί
513 4566 569 4636 τοῖς
598 4555 661 4638 μεθ’
682 4564 758 4640 ήμοῖς
787 4563 929 4639 ἐσομένοις
955 4565 1116 4643 ἁγιωτάτοις
1147 4564 1302 4645 ἀρχιερεῦσι
1333 4565 1399 4624 θεοῖν
1432 4567 1462 4626 ἐν
1493 4564 1552 4641 ἁγίῳ

260 4687 481 4764 παρεγγυώμεθα
507 4685 636 4760 πνεύματι
662 4685 707 4743 τὀν
735 4687 787 4745 άπδ
809 4691 859 4762 τῆς
886 4688 1042 4765 ζωαρχικῆς
1076 4685 1123 4746 καὶ
1151 4685 1292 4766 μακαρίας
1317 4686 1431 4766 τριάδος
1463 4687 1552 4759 δεσμέν
