3184 5288
1284 369 1327 435 85

43 561 133 618 πάντα
160 557 234 639 περὶ
265 561 364 634 αὑτῆς
395 559 551 639 ἀρεσθεὶς
578 559 746 639 προέταξα
780 559 836 620 καὶ
869 558 1029 639 ὑπέταξα,
1061 561 1116 621 καὶ
1148 561 1234 634 τοὶις-
1252 561 1324 642 παρ’

45 683 111 754 ἐμοῦ
138 680 413 762 προσκληθέντας
440 684 604 762 μάρτυρας
629 684 817 762 προέτρεψα
846 689 901 742 τοῦ
928 683 1115 762 ὑπογράψαι
1145 682 1200 743 καί
1226 705 1324 764 σρρα-

43 805 170 882 γίοαι.ή

131 926 277 1004 ήΛέων,
300 926 525 1005 πρεσβύτερος
547 924 603 986 καί
629 925 859 1004 σακελλοίριος
884 931 942 1001 τής
963 926 1095 998 πόλεως
1118 926 1259 1006 Εὐρίπου
1282 973 1290 988 .
1315 973 1322 988 .

44 1093 193 1107 ......
218 1049 354 1126 πάρειμι
386 1046 418 1106 ἐν
448 1053 485 1128 τῇ
519 1047 668 1130 παρούσῃ
702 1053 840 1128 μυστικῇ
870 1045 1012 1130 διαθήκῃ
1043 1051 1097 1108 τού
1125 1045 1323 1122 τιμιωτάτου

42 1173 171 1246 μοιιχού
197 1173 253 1228 τού
281 1173 379 1248 κυρού
402 1169 649 1248 Χριστοδούλου
676 1168 731 1228 καὶ
761 1165 962 1249 προτραπεὶς
988 1170 1065 1249 παρ’
1090 1169 1200 1249 αὑτοῦ,
1224 1171 1267 1242 ὡς
1288 1172 1323 1230 τὶο

40 1291 103 1366 ὑρος
124 1285 261 1375 ψδῃλοῖ],
285 1290 459 1370 ὑπέγραψα
482 1287 526 1362 είς
548 1292 583 1350 τδ
606 1296 811 1371 μαρτυρήσαι
835 1289 891 1350 καὶ
915 1291 1106 1371 έσρράγισα.
1130 1293 1151 1370 †

127 1415 147 1490 †
170 1413 344 1492 Ἰωάννης,
367 1411 593 1490 πρεσβύτερος
615 1409 670 1472 καί
692 1409 845 1491 νοτάριος
867 1417 925 1488 τῆς
946 1407 1146 1496 καθψέδρας]
1170 1412 1320 1494 Εὐρίπου,

40 1533 132 1610 τιρὶυυ
160 1531 214 1592 ἐπὶ
241 1539 281 1614 τῇ
308 1533 459 1616 παρούσῃ
487 1540 626 1615 μυστικῇ
655 1533 800 1614 διαθήκῃ
826 1537 882 1593 τοὺ
908 1533 1016 1608 τιμίου
1044 1537 1195 1611 μουαχού
1224 1539 1322 1614 κυρού

40 1653 269 1731 Ιὶριοτοδοὺλου
296 1653 351 1714 καὶ
380 1655 582 1735 προτραπεὶς
610 1656 687 1734 παρ’
721 1657 830 1733 αὑτοῦ,
866 1656 909 1726 ὡς
942 1655 976 1714 τὺ
1013 1655 1091 1733 ὑρος
1121 1652 1235 1735 δηλοῖ,
1265 1653 1321 1716 καὶ

40 1778 145 1852 μάρτυς
166 1777 340 1856 ὑπέγραψα
362 1774 417 1836 καὶ
442 1777 633 1858 έσρράγισοι.
658 1781 678 1858 †

126 1897 315 1976 ήΦιὺτιος,
340 1900 354 1957 ὁ
378 1897 519 1974 εύτελὴς
543 1897 699 1969 διάκονος
721 1897 776 1958 καὶ
799 1903 929 1978 πρῶτος
957 1895 1093 1966 ἔκδικος
1117 1943 1318 1960 .......

153 2065 160 2079 .
185 2067 192 2079 .
218 2065 224 2076 .
250 2067 257 2080 .
286 2021 425 2098 πάρειμι
454 2019 507 2078 ἐπὶ
532 2026 570 2102 τῇ
597 2020 746 2102 παρούσῃ
774 2025 913 2100 μυστική
945 2018 1089 2100 διαθήκῃ
1117 2021 1173 2078 τοῦ
1203 2039 1319 2094 τιμιω-

39 2137 120 2199 τάτου
149 2145 298 2219 μοναχού
324 2145 423 2222 κυροῦ
447 2141 694 2221 Χριστοδούλου
725 2139 781 2201 καὶ
807 2137 1010 2221 προτραπεὶς
1035 2138 1113 2218 παρ’
1141 2139 1252 2219 αὑτοῦ,
1276 2141 1319 2212 ιὺς

39 2262 65 2318 τὶ
84 2263 153 2340 ὑρος
177 2261 291 2342 δηλοῖ,
315 2263 492 2341 ὑπέγραψα
513 2263 568 2324 καὶ
593 2264 787 2346 έσρράγισα.
810 2266 831 2344 †

125 2387 145 2462 †
168 2431 403 2446 ........
426 2387 651 2467 πρεσβύτερος
675 2431 1005 2448 ...........
1034 2390 1093 2462 τῆς
1119 2379 1318 2470 κα[θέδρας]

39 2503 174 2584 Εὐρίπου,
201 2509 339 2585 πάρειμι
371 2506 423 2566 ἐπὶ
450 2513 489 2590 τῇ
517 2513 653 2589 μυοτικῇ
681 2507 825 2588 διαθήκῃ
854 2511 909 2566 τοὺ
938 2507 1138 2581 τιμιωτάτου
1168 2509 1319 2585 μοιαχού

38 2629 119 2704 ιυροὺ
148 2627 395 2706 Χριστοδοὺλου
426 2627 481 2688 καὶ
511 2627 713 2709 προτραπεὶς
741 2629 819 2709 παρ’
844 2628 955 2706 αὑτοῦ,
983 2628 1026 2700 ὡς
1047 2629 1082 2688 τ“ο
1108 2627 1186 2707 ὑρος
1209 2626 1318 2708 δηλοῖ,

36 2745 80 2804 κιὶ
101 2751 220 2828 μάρτυς
243 2749 417 2828 ὑπέγραψα
438 2749 494 2810 καὶ
518 2750 711 2830 ἑσρράγιοα.
736 2752 757 2828 ή-

123 2871 308 2948 ήΜιχαήλ
332 2916 567 2932 ........
591 2878 650 2948 τῆς
679 2867 879 2956 κα[θέδρας]
909 2870 1066 2950 Εὑρίπου,
1097 2872 1234 2949 πάρειμι
1266 2869 1318 2931 ἐπὶ

35 2996 64 3068 τῇ
82 2993 227 3073 παρούσῃ
255 2999 394 3074 μυστικῇ
419 2992 562 3076 διαθήκῃ
585 2997 640 3053 τού
662 2995 861 3068 τιμιωτάτου
885 2996 1035 3068 μοναχού
1058 2995 1157 3070 κυρού
1177 2992 1317 3070 Χριστο-

36 3109 140 3171 ὶούλου
172 3111 227 3174 καὶ
259 3112 466 3194 προτραπεὶς
502 3115 580 3195 παρ’
612 3115 722 3193 αὑτοῦ,
757 3117 801 3186 ὡς
829 3115 864 3173 τὶο
893 3115 972 3191 ὑρος
1003 3111 1115 3191 δηλοῖ,
1146 3119 1318 3193 μαρτυρῶν

35 3233 187 3314 ὑπέγραψα
209 3235 265 3296 καί
289 3237 481 3317 ἐσρράγιοα.
505 3240 526 3317 †

121 3357 398 3438 ήΒιισίλειος,ὁ
429 3359 570 3434 εὑτεὶιής
599 3359 793 3430 διάκονος.
884 3405 890 3419 .
916 3406 923 3418 .
948 3405 954 3418 .
983 3355 1040 3416 καὶ
1070 3354 1222 3436 νοτάριος
1257 3357 1317 3416 Εὑ-

35 3475 124 3558 ρὶπου,
146 3481 161 3538 ὁ
183 3479 430 3559 Στροβηλίτης,
454 3483 596 3560 πάρειμι
625 3479 678 3540 ἐπί
700 3487 738 3562 τῇ
760 3479 909 3560 παρούσῃ
932 3484 1072 3560 μυστικῇ
1096 3477 1241 3560 διαθήκῃ
1263 3483 1317 3540 τοῦ

37 3594 278 3674 ιὶὶεσιμωτάτου
316 3607 465 3680 μουαχού
506 3607 604 3683 κυροῦ
643 3601 892 3682 Χριστοδούλσυ
929 3599 991 3660 καὶ
1023 3599 1229 3681 προτραπεὶς
1262 3602 1316 3661 ὑπ’

37 3718 128 3800 αὑτοῦ,
150 3723 192 3794 ὡς
217 3725 253 3782 τ“ο
275 3723 354 3801 ὑρος
381 3719 523 3809 [δῃλοῖψ
551 3725 727 3804 ὑπέγραψα
755 3719 804 3794 εὶς
829 3723 865 3782 τύ
888 3728 1096 3804 μαρτυρήσαι
1118 3721 1173 3782 καὶ
1197 3721 1316 3802 ἐσφρά-

36 3845 146 3922 γιοα.ή

123 3967 143 4044 †
168 4012 532 4028 ............
556 3973 614 4044 τῆς
636 3961 838 4051 κα[θε’δρας]
861 3965 1018 4046 Εὑρίπου,
1040 3966 1178 4044 πάρειμι
1205 3961 1257 4024 ἐπί
1279 3969 1317 4045 τῇ

36 4087 166 4168 παρούσῃ
197 4093 338 4169 μυστικῇ
370 4088 510 4169 διαθήκῃ
543 4093 598 4148 τοὺ
631 4090 835 4163 τιμιωτάτου
871 4089 1021 4164 μουαχού
1050 4089 1147 4165 κυρού
1177 4087 1316 4166 Χριστο-

38 4202 139 4266 ὶσὺλου
161 4208 218 4269 καὶ
239 4208 446 4292 προτραπεὶς
468 4210 545 4290 παρ’
571 4211 667 4269 αὑτοῦ
689 4211 865 4290 ὑπέγραψα
887 4207 943 4267 καὶ
968 4207 1160 4286 ἑορράγισα.
1185 4209 1205 4286 †

287 4414 331 4478 II.
355 4417 581 4490 Κωδίκελλος
603 4422 657 4478 τού
681 4419 779 4477 αὑτοῦ
801 4416 890 4476 ὁσίου
911 4416 1043 4494 πατρός.

125 4573 143 4648 ή
165 4575 413 4654 Χριστύδουλος
437 4575 588 4652 μουαχὺς
603 4575 618 4632 ὁ
633 4578 688 4634 τοὺ
703 4577 833 4654 Λάτρου
852 4570 964 4652 οίκέίᾳ
978 4568 1069 4651 χειρὶ
1091 4566 1271 4651 προέταξα.
1296 4571 1317 4648 †

124 4696 143 4771 †
165 4695 377 4776 Χριστόδουλος,
400 4699 415 4754 ὑ
440 4696 468 4755 ἐν
492 4699 625 4773 μονοχοίς
647 4698 773 4766 ταπεινὸς
795 4695 871 4754 δτού
885 4695 1001 4773 Λάτρου,
1024 4693 1069 4752 τδυ
1091 4694 1211 4772 παρόντα
1235 4687 1316 4750 κωδί-
