3184 5288
255 319 315 386 168

250 516 329 589 ἡμῶν
356 513 403 573 καί
432 512 486 572 τῶν
513 513 618 591 γονέων
645 514 724 588 ἡμῶν
751 513 937 590 κατεχόμενα,
965 511 1144 588 ἠθελήσαμεν
1172 511 1318 591 ἀμφότεροι
1339 514 1386 570 τοῦ
1410 510 1538 570 ἐπιδοῦναι

250 640 344 714 ταῦτα,
367 637 483 714 ψυχικόν
506 636 586 711 ἡμῶν
609 631 657 696 καί
678 639 732 696 τῶν
754 637 858 714 γονέων
881 634 972 713 ἡμῶν,
996 631 1036 706 είς
1057 632 1107 709 τὴν
1130 634 1216 709 μονὴν
1238 638 1288 709 τῆς
1309 632 1459 713 όπεραγίας
1480 633 1540 692 θεσ-

250 761 330 820 τόκου
356 763 406 832 τῆς
431 758 627 832 Χιονισμένης,
654 763 703 833 τῆς
730 755 811 833 οὔσης
835 755 943 828 ἐντοῖς
970 757 1065 835 μέρεσι
1087 760 1140 816 τῶν
1164 753 1321 816 Παλατίων,
1349 751 1396 814 καί
1420 753 1454 828 δὴ
1474 755 1541 814 κατὰ

250 879 299 956 τὴν
333 882 454 960 σήμερον
489 877 667 956 ἑξεδιίικαμεν
702 878 770 940 ωὀτά
803 878 874 955 μετά
907 879 997 954 πάσης
1026 879 1105 953 ἡμῶν
1137 877 1288 958 προθυμίας
1322 873 1369 938 καί
1405 875 1540 952 θελησεως

250 1003 318 1082 πρός
344 1001 393 1077 τὴν
415 999 513 1078 ταότην
536 1002 622 1077 μονὴν
644 999 691 1062 καί
713 1001 776 1071 τσθς
799 999 888 1060 ἐκεῖσε
914 1001 1117 1082 προσμένοντας
1145 999 1298 1080 μοναχσθς,
1326 1000 1365 1071 ὼς
1388 1001 1420 1057 ἀν
1449 999 1541 1076 ἔχωσιν

251 1123 319 1184 αῖιτά
348 1121 388 1195 εἰς
414 1122 560 1203 ὑπηρεσίαν
588 1122 685 1203 αῖιτῶν,
715 1120 762 1182 καί
787 1124 873 1182 ποιεῖν
902 1119 942 1193 εἰς
970 1121 1037 1181 αότά
1060 1120 1087 1180 εί
1110 1142 1135 1180 τι
1163 1119 1210 1186 καὶ
1232 1115 1387 1196 βοθλονται,
1412 1121 1451 1196 μὴ
1473 1119 1541 1198 παρί

250 1265 322 1317 τινος
349 1240 614 1330 έμ[πο]διζ[ό]μενοι.
639 1241 662 1304 εἰ
690 1243 794 1316 δ’ἴσως
820 1244 882 1322 ἔχει
907 1265 948 1316 τις
975 1243 1070 1322 λέγειν
1097 1263 1120 1303 τι
1147 1241 1209 1323 περὶ
1235 1243 1338 1321 τσθτου,
1365 1243 1448 1318 ἡμεῖς
1475 1241 1541 1301 αὐτοί

252 1366 396 1443 μέλλομεν
419 1367 568 1427 ἀποπαόειν
595 1369 705 1428 τοῦτον·
736 1363 759 1426 εί
783 1365 815 1426 δὲ
843 1365 984 1438 πολλάκις
1013 1365 1066 1425 ἀπό
1092 1370 1146 1426 τῶν
1173 1362 1301 1444 ἀδελφῶν
1330 1365 1409 1440 ἡμῶν
1436 1367 1454 1439 ἢ
1483 1385 1542 1422 σον-

252 1487 419 1568 αδέλφωνῆ
447 1489 689 1569 συγκληρονόμων,
717 1489 789 1559 όστις
816 1491 848 1548 ἀν
878 1486 926 1548 καί
949 1486 1006 1569 εἴη,
1034 1489 1102 1568 πρός
1127 1489 1158 1548 τό
1186 1486 1224 1562 μὴ
1252 1484 1450 1566 είσακοόεσθαι,
1473 1485 1543 1546 ἀλλὰ

251 1609 286 1670 νά
308 1609 499 1686 ἀποπέμπεται
521 1609 574 1670 ἀπό
596 1611 697 1682 παντός
720 1609 891 1690 δικαστηρίου
913 1607 959 1670 καί
981 1609 1065 1684 νόμου
1088 1606 1135 1670 καί
1158 1609 1279 1690 ἀρχουσι.
1303 1605 1327 1666 εί
1344 1605 1368 1666 δ’
1381 1606 1447 1680 ἴσως
1468 1609 1543 1682 ἡμεῖς

252 1729 327 1792 αθτοὶ
356 1732 510 1808 μετάμελοι
539 1733 656 1810 γένομεν
691 1735 737 1792 τοῦ
770 1732 905 1814 παρόντος
933 1733 1012 1807 ἡμῶν
1046 1731 1197 1812 ἐγγράφου,
1232 1733 1279 1790 τοῦ
1308 1731 1456 1809 γεγονότος
1484 1733 1543 1810 παρ’

251 1851 332 1931 ἡμῶν
358 1852 405 1914 καὶ
433 1852 557 1927 δοθέντος
583 1856 651 1936 πρός
677 1855 726 1930 την
756 1853 837 1934 ἁγίαν
865 1854 951 1930 μονὴν
977 1860 1027 1930 τῆς
1053 1853 1201 1933 όπεραγίας
1227 1854 1357 1914 θεοτόκου
1382 1859 1433 1930 τῆς
1456 1853 1543 1912 Χιονι·

253 1977 371 2057 σμένης,
402 1977 516 2054 ψυχικόν
542 1977 623 2051 ἡμῶν
649 1973 696 2036 καί
723 1982 777 2036 τῶν
800 1977 905 2056 γονέων
931 1977 1020 2055 ἡμῶν,
1047 1975 1092 2036 ίνα
1115 1975 1226 2053 ἔχωμεν
1249 1975 1316 2056 ἀράν
1343 1973 1391 2036 καί
1414 1975 1543 2052 ἀνάθεμα,

253 2095 301 2156 καὶ
327 2099 345 2172 ἠ
376 2090 453 2177 μερίς
479 2098 559 2174 ἡμῶν
587 2096 680 2181 [μετὰ]
706 2102 753 2160 τοῦ
776 2097 883 2177 Ἰούδα,
921 2097 999 2158 ἀλλὰ
1026 2099 1195 2174 ζημιούμεθα
1221 2095 1269 2157 καί
1290 2097 1359 2179 πρός
1380 2097 1426 2157 τόν
1450 2095 1544 2180 [δημό-

255 2218 323 2302 σιον]
346 2221 361 2278 ό
384 2220 487 2280 καθένα
508 2221 588 2294 ἡμῶν
614 2219 769 2296 νομίσματα
795 2219 890 2300 λίτραν
919 2219 993 2300 μίαν,
1021 2227 1053 2302 τῇ
1078 2219 1210 2302 ἐμφανείφι
1238 2223 1285 2281 τοῦ
1311 2221 1446 2300 παρόντος
1471 2221 1544 2296 ἡμῶν

255 2341 401 2422 ἐγγράφου.
426 2339 504 2416 μηνί
527 2340 742 2422 σεπτεμβρίῳ
765 2339 974 2413 ίνδικτιῶνος
997 2340 1036 2421 γ’,
1060 2343 1153 2414 ἔτους
1175 2341 1298 2425 ,ςψκγ’.
1321 2343 1343 2422 †

358 2469 518 2539 Εοοπιράον.
543 2469 628 2524 σόαι-ό.
654 2469 730 2525 Flor.
754 2487 804 2525 nro
828 2471 964 2526 93-94.

485 2773 557 2838 LV.
581 2772 808 2858 6723-1214,
831 2795 942 2840 mense
964 2773 1149 2860 septembri,
1172 2773 1237 2840 ind.
1260 2774 1320 2840 HL

258 2934 374 2994 Ιοαίιιισα
396 2938 590 3010 Οάυίσσορυίιιο
613 2946 638 2994 σί
659 2939 716 2994 σιύο
739 2957 808 2994 uxor
829 2941 991 2994 monasterio
1016 2938 1044 2995 S.
1069 2941 1182 2994 Mariae
1204 2940 1323 2994 Νέυοασε
1345 2941 1447 2994 ἀοιιαιιι
1470 2959 1544 3011 σφισι

782 3045 848 3098 vitos
870 3045 899 3098 ιἰι
921 3045 1023 3099 Asino.

530 3227 627 3306 Σίγνον
674 3229 801 3289 Ἰωάννου
815 3231 862 3288 τοῦ
980 3203 1078 3304 Σίγνσν
1175 3227 1277 3304 Ἀννης

512 3349 647 3410 Χαλκεο-
714 3350 828 3412 ποθλσυ.
936 3355 985 3426 τῆς
1012 3349 1126 3425 συμβίου
1179 3353 1267 3413 αὺτοῦ.

361 3560 382 3640 †
417 3559 464 3619 Ἐν
498 3557 609 3633 δνόμαπ
644 3563 690 3620 τοῦ
723 3561 826 3640 πατρός
864 3558 911 3619 καί
944 3563 991 3620 τοῦ
1024 3559 1080 3619 υἱοῦ
1117 3557 1164 3620 καί
1197 3564 1243 3620 τοῦ
1278 3559 1355 3640 ἁγίου
1390 3562 1545 3637 πνεύματος.

257 3681 388 3755 Ἰωάννης
411 3683 426 3740 ό
448 3679 669 3753 Χαλκεόπουλος
693 3683 806 3764 ἀματῇ
834 3681 939 3760 συμβίῳ
963 3701 1014 3756 μου
1037 3680 1133 3764 Ἀννῃ,
1157 3681 1181 3742 σῖ
1203 3682 1265 3754 τοὺς
1286 3683 1389 3757 τιμίους
1412 3681 1459 3742 καί
1483 3686 1545 3755 ζωο-

256 3801 350 3874 ποισῖις
377 3801 506 3882 σταυροὺς
537 3799 722 3883 οίκεισχείοως
752 3799 857 3862 ἀνωθεν
887 3803 1060 3883 ποιήσαντες,
1085 3801 1143 3884 [τὴν
1172 3807 1309 3882 παροῦσαν
1340 3805 1479 3883 ἔγγραφον
1507 3801 1547 3863 καὶ

259 3923 444 4005 ἑνυπόγραφον
471 3921 594 4004 κ’σιθαράν
618 3924 724 4006 δωρεάν
748 3925 878 4000 τιθέμεθα
899 3923 946 3984 καί
968 3929 1097 4001 ποιοῦμεν
1121 3926 1262 4006 ἑκουσίως,
1287 3925 1398 4006 ἀφόβως
1420 3927 1469 3986 καὶ
1491 3925 1547 3998 ἀβι-

259 4043 369 4128 άστως],
396 4045 490 4118 καθὼς
517 4043 716 4120 δηλωθήσεται.
752 4043 811 4106 ἐπεὶ
836 4049 964 4127 χωράφια
987 4047 1090 4124 έχσμεν
1118 4047 1151 4107 ἐκ
1172 4047 1289 4126 γενικῶν
1311 4049 1390 4124 ἡμῶν
1414 4048 1547 4128 κληροδο-

258 4173 323 4228 σιῶν
352 4165 392 4240 είς
420 4167 469 4242 τὴν
495 4166 655 4228 ταποθεσίαν
681 4171 729 4228 τοῦ
752 4167 875 4228 Ἀσισσοθ
900 4171 1077 4248 κατεχόμενα
1103 4165 1178 4250 παρά
1203 4177 1257 4230 τῶν
1280 4171 1384 4250 γονέων
1407 4167 1547 4247 ἡμῶνκαὶ

257 4289 322 4370 παρ’
344 4290 433 4370 ἡμῶν,
460 4288 639 4366 ἠθελήσαμεν
666 4293 712 4350 τοῦ
740 4289 878 4352 ἐπιδοῦναι
904 4289 938 4350 τά
964 4293 1075 4352 τοιαῦτα
1100 4294 1236 4373 χωράφια,
1265 4286 1377 4353 οἷσκαὶ
1400 4293 1452 4354 ὅσα
1476 4291 1547 4370 ἐστίν,

258 4409 293 4470 τὰ
316 4409 475 4492 διαρέροντα
496 4412 572 4491 ἡμῖν,
601 4409 641 4486 είς
663 4413 712 4488 τὴν
735 4412 820 4488 μονὴν
843 4418 892 4489 τῆς
914 4413 1064 4494 θπεραγίας
1087 4413 1230 4491 δεσποίνης
1251 4416 1331 4492 ἡμῶν
1354 4415 1484 4476 θεοτόκου
1505 4419 1547 4489 τῆς

259 4531 450 4614 Χιονισμένης,
476 4538 525 4610 τῆς
555 4531 637 4606 οὔσης
665 4532 694 4592 έν
721 4535 777 4605 τοῖς
805 4535 899 4614 μέρεσι
926 4540 979 4596 τῶν
1008 4535 1166 4617 Παλατίων,
1190 4538 1303 4616 ψυχικόν
1330 4538 1411 4614 ἡμῶν
1434 4538 1546 4599 καὶτῶν

259 4655 363 4732 γονέων
379 4654 469 4736 ἡμῶν,
499 4655 538 4728 ὡς
558 4657 591 4713 ἀν
614 4655 698 4734 έχωσι
720 4658 803 4716 ταῦτα
826 4657 851 4716 οἱ
873 4658 1070 4738 προσμένοντες
1094 4657 1184 4720 ἐκεῖσε
1207 4657 1325 4740 μσναχσί
1349 4659 1389 4735 είς
1412 4660 1548 4744 ὑπηρεσίαν
