3162 5278
1275 339 1339 404 295

56 531 94 590 καὶ
116 533 178 612 παρ’
201 525 232 591 οὗ
254 536 291 592 ἁν
319 533 449 593 ἐθέλωσιν
477 533 629 613 ἀρχιερέως
661 531 784 592 ἐκτελεῖν
811 532 861 606 τὰς
887 533 1019 610 τυχούσας
1044 533 1214 613 χειροτονίας
1242 535 1339 615 αὐτῆς,

56 654 116 728 πλην
140 660 188 730 τῆς
214 659 260 714 τοῦ
287 654 361 735 ἱεροῦ
387 657 529 734 συνθρένσυ
560 655 787 733 ἑγκσιθιθρθσεως,
818 654 864 714 καὶ
895 655 1090 714 ὑποτάσσεσθαι
1120 653 1166 714 καὶ
1197 657 1340 716 ὑπακούειν

55 781 91 834 τοῦ
114 779 264 854 ἡγουμένου
295 776 382 836 αὐτῶν
412 776 458 836 καὶ
485 778 546 836 κατ’
569 777 647 837 οὐδὲν
678 777 750 855 αὐτῷ
781 775 962 836 ἐναντιοῦσθαι
992 777 1083 854 ἔχοντι
1113 775 1159 836 καί
1191 777 1262 855 αὐτῷ
1291 779 1340 853 τῆν

56 897 201 970 ἐπιμέλειαν
228 897 275 958 καὶ
298 899 424 978 φροντίδα
451 897 498 958 καὶ
521 899 659 974 ἐπίσκεψιν
683 901 769 958 αθτῶν
792 919 822 958 τε
849 897 963 958 καὶτοῦ
987 899 1175 980 μοναστηρίου.
1204 901 1234 970 θς
1258 897 1282 957 θ’
1307 903 1339 958 ἁν

55 1020 94 1095 έθέ
111 1041 174 1080 ποτε
198 1021 346 1096 βουληθείη
369 1020 431 1082 καθ’
447 1021 600 1096 σίσνὰῆτινκ
621 1024 719 1100 τρόπον
744 1015 892 1098 ἀνατρέψαι
915 1021 964 1092 τὰς
987 1021 1135 1100 ἁπσράσεις
1156 1026 1210 1080 τῶν
1233 1021 1338 1080 παλαι-

52 1149 128 1218 γενῶν
158 1145 246 1202 αὐτῶν
272 1145 443 1224 γραμμάτων
473 1141 520 1202 καίΙ
547 1141 585 1214 εἰς
614 1142 741 1202 δουλείαν
767 1142 827 1202 τινὰ
853 1145 1023 1220 καταγαγεῖν
1048 1144 1078 1202 τ“σ
1106 1145 1339 1222 σταυροπηγιακσν

53 1264 104 1322 οὔτε
126 1268 304 1344 μονασπῆρισν
326 1269 343 1340 ἡ
366 1265 428 1337 τους
452 1267 480 1324 έν
504 1265 575 1344 αὐτῷ
599 1267 767 1340 μονάζοντας
794 1264 959 1344 ἱερωμένους
985 1262 1032 1322 καί
1057 1262 1166 1336 ἰδιώτας
1189 1264 1340 1342 ἐνοχλῆσαι

50 1385 113 1458 ῆέκ
133 1391 187 1444 τῶν
215 1387 408 1466 ἀφιερωμένων
436 1386 508 1464 αῐπῷ
533 1385 580 1446 καὶ
606 1392 659 1446 τῶν
689 1386 716 1444 έν
743 1389 800 1457 τοῖς
828 1383 966 1462 μετσχίσις
996 1388 1074 1446 αὐτοῦ
1102 1383 1219 1464 ἁρπάσαι
1241 1407 1266 1446 τι
1292 1385 1339 1445 καί

50 1505 210 1578 ἀποξενῶσαι
237 1511 254 1582 ἡ
283 1511 396 1585 ζητῆσαι
425 1509 498 1568 πολὺ
525 1513 543 1582 ῆ
573 1509 668 1588 ὀλίγον
699 1509 870 1586 νοσφίσασθαι
896 1511 914 1582 ῆ
946 1507 1019 1567 ἁλλο
1046 1528 1070 1566 τι
1106 1508 1258 1582 ἐπιβλαβές
1292 1506 1339 1567 καὶ

50 1629 178 1704 ἐπιζήμιον
202 1628 401 1710 διαπράξασθαι
425 1631 506 1710 αὐτῷ,
530 1637 576 1692 τοῦ
599 1631 671 1710 ἱεροῦ
694 1631 851 1708 καταλόγου
875 1630 925 1705 μέν
949 1633 986 1690 ὢν
1010 1631 1024 1687 θ
1047 1627 1165 1702 τοιοῦτος
1187 1629 1272 1710 άργος
1295 1630 1337 1706 εἴη

47 1753 125 1826 πάσης
152 1751 347 1833 ἀρχιερατικῆς
377 1751 423 1812 καί
455 1753 592 1832 ἱερατικῆς
623 1753 763 1834 ἐνεργείας
792 1751 839 1812 καί
866 1749 972 1824 τάξεως
1002 1751 1048 1811 καὶ
1076 1751 1262 1832 ἀφωρισμένος
1291 1749 1338 1810 καὶ

48 1873 233 1952 τίτυγχάιρητος
256 1877 294 1946 ὡς
316 1881 349 1956 τῇ
372 1875 467 1958 τελείᾳ
489 1877 645 1956 καθαιρέσει
668 1875 805 1952 ίπὰἁικος,
829 1879 875 1934 τοῦ
897 1874 995 1934 λαϊκσῦ
1019 1873 1049 1932 θὲ
1069 1877 1086 1948 ἡ
1110 1871 1157 1932 καί
1180 1872 1336 1952 μοναδικσῦ,

47 1993 223 2072 ἁρωρισμένος
256 1995 302 2056 καὶ
331 1999 523 2076 κατηραμένος
553 1997 601 2056 καί
635 1997 830 2076 ἁσυγχώρητος
865 1995 917 2054 ἁπθ
949 1997 1011 2054 θεοῦ
1041 1997 1259 2074 παντοκράτορος
1291 1992 1337 2053 καὶ

46 2117 106 2186 μετὰ
132 2119 247 2176 θάνατον
283 2117 382 2188 άλυτος
408 2117 455 2178 καί
484 2121 660 2193 τυμπανιαῖος
687 2115 733 2177 καὶ
761 2119 822 2194 έχοι
844 2115 890 2176 καὶ
913 2117 961 2188 τάς
985 2113 1053 2195 ἁρὰς
1076 2121 1128 2174 τῶν
1151 2115 1237 2194 ἁγίων
1259 2137 1336 2194 τρια-

45 2239 134 2297 κοσίων
159 2239 227 2298 δέκα
251 2237 298 2298 καὶ
321 2239 393 2298 ὀκτὼ
416 2241 551 2319 θεσρέρων
574 2241 698 2318 πατέρων
721 2245 774 2298 τῶν
798 2239 826 2297 ἐν
849 2237 952 2320 Νικαίᾳ
978 2237 1100 2297 καὶτῶν
1123 2237 1227 2296 λοιπῶν
1251 2237 1336 2316 ἁγίων

44 2359 83 2416 καὶ
106 2359 300 2436 σίκουμενικῶν
325 2361 443 2422 συνέθων
470 2361 516 2422 καὶ
544 2363 615 2440 εὖροι
639 2362 701 2420 θεον
729 2362 889 2438 μαχόμενον
917 2359 945 2417 ἐν
972 2361 1119 2442 τῇήμέρᾳ
1141 2363 1190 2434 τῆς
1212 2357 1334 2438 κρίσεως.

45 2483 118 2551 οὓτως
142 2483 338 2562 ἁπερηνάμεθα
366 2485 395 2542 ἐν
418 2484 488 2563 ἁγίῳ
510 2485 642 2558 πνεύματι
666 2482 821 2553 συνσδικῶς.
855 2481 899 2542 ἐπὶ
921 2482 975 2562 γὰρ
997 2483 1081 2561 τούτῳ
1106 2481 1216 2560 ἐγένετο
1238 2480 1284 2540 καὶ
1306 2483 1336 2540 τ“σ

44 2607 120 2682 παρὀν
147 2607 226 2681 ἡμῶν
257 2607 451 2686 πατριαρχικθν
485 2604 623 2665 συνσθικον
658 2604 835 2683 σιγιλλιῶδες
869 2603 1108 2684 ἐπιβεβαιωπῆριον
1139 2608 1256 2684 γράμμα
1289 2602 1338 2664 καί

45 2725 117 2802 ἐδέθη
140 2731 197 2800 τοῖς
218 2731 336 2808 πατράσι
358 2732 404 2788 τοῦ
426 2733 661 2808 σταυροπηγιακυῦ
685 2727 863 2806 μσναστηρίσυ
885 2731 931 2786 τοῦ
954 2726 1031 2805 ἁγίου
1049 2728 1175 2786 Ἰωάννου
1199 2731 1245 2787 τοῦ
1262 2725 1336 2786 Θεο-

43 2848 121 2926 “κ.’γου
143 2855 189 2911 τοῦ
212 2851 242 2910 ἐν
264 2858 298 2932 τῆ
321 2853 395 2930 νῆσῳ
420 2851 523 2930 Πάτμῳ
546 2847 592 2909 καὶ
616 2849 650 2908 δι’
674 2851 760 2908 αὑτῶν
784 2855 817 2930 τῇ
841 2848 907 2928 αυτῆ
929 2854 1112 2928 πατριαρχικῇ
1136 2846 1182 2906 καὶ
1206 2849 1336 2929 βασιλικῇ

44 2977 106 3054 μονῆ
133 2975 220 3032 αὐτῶν
252 2970 291 3044 είς
321 2972 438 3032 πλείονα
469 2973 517 3046 τῆν
549 2971 680 3046 διαμονὴν
712 2969 759 3030 καί
791 2969 902 3047 διηνεκῆ
932 2970 980 3044 τὴν
1012 2968 1172 3048 ἀσφάλειαν.
1206 2969 1238 3028 ἐν
1270 2971 1337 3028 ἔτει

45 3093 147 3174 ,ζρλβᾎ
171 3094 250 3169 μηνί
274 3089 395 3174 ίουνίῳ,
419 3092 629 3164 ἰνδικτιῶνος
653 3091 686 3164 ζ’.
710 3094 730 3172 †

137 3286 370 3366 ’[Κθριλλος,
404 3285 490 3364 ἐλέῳ
524 3287 598 3343 θεοῦ
632 3284 898 3365 ἁρχιεπίσκοπος
932 3283 1336 3358 Κωνσταντινσυπόλεως,

44 3407 124 3479 λ’έας
148 3409 295 3488 Ῥώμης,
319 3405 374 3466 καὶ
398 3405 631 3480 οἰκουμενικθς
653 3409 861 3486 πατράρχης.
886 3406 906 3482 †

45 3583 116 3658 †'0
159 3582 369 3662 Καισαρείας
414 3579 660 3654 Καππαδοκίας
713 3581 792 3660 γΌ
816 3579 1023 3660 Ἡρακλείας
1044 3577 1268 3658 Νεὰρυτος.’γ

120 3705 140 3762 Γ
146 3705 306 3786 ρηγόριος
329 3706 349 3782 †
713 3704 734 3782 †
758 3702 792 3760 ‘0
817 3699 959 3772 Κυζίκου
984 3701 1178 3782 Παρθένιος.
1203 3703 1223 3781 †

44 3825 124 3899 †'0
167 3825 483 3904 Ἀδριανουπθλεως
532 3825 661 3906 Παρθέ-
714 3823 793 3904 †‘0
833 3822 992 3882 Παλαιῶν
1035 3822 1170 3900 Πατρῶν
1208 3819 1337 3900 Θεοφά-

120 3949 247 4026 νιος.ῆ
801 3945 914 4022 νηηγ

44 4071 114 4135 †'0
137 4070 340 4132 Ναυπάκτου
367 4068 423 4130 καί
447 4067 572 4151 Ἀρτης
599 4070 660 4129 Γα-
714 4069 735 4148 †
758 4066 793 4126 ‘0
817 4068 924 4145 μέγας
946 4063 1125 4139 οἰκονόμος
1151 4069 1208 4139 τῆς
1232 4066 1337 4143 μεγά-

121 4193 233 4273 βριῆλ.
259 4193 280 4272 †
801 4188 864 4264 λης
888 4183 1081 4262 ἐκκλησίας.
1106 4188 1127 4266 †

43 4315 113 4388 †‘0
138 4314 367 4395 Προικονῆσου
390 4312 542 4388 Κλήμης,
567 4314 587 4391 †
714 4311 735 4390 †
759 4310 793 4368 ‘0
818 4311 925 4387 μέγας
944 4309 1132 4385 λογοθέτης
1153 4312 1211 4384 τῆς
1234 4311 1337 4385 μεγά-

43 4436 113 4506 †'0
138 4433 365 4512 Μεσημβρίας
389 4435 599 4512 Ἀκάκιοςγ
800 4431 864 4505 λης
906 4427 1090 4503 ἐκκλησίας
1135 4429 1230 4506 ἔχων
1275 4430 1338 4504 τὴν

44 4557 115 4621 †‘0
139 4556 282 4637 Εθρίπου
305 4556 486 4636 Ζαχαρίας.
512 4557 532 4635 †
802 4555 937 4630 γνώμην
970 4555 1025 4611 τοῦ
1057 4551 1244 4630 άγιωτάτου
1278 4571 1338 4609 πα-

44 4679 115 4747 ίὉ
139 4677 241 4739 Αἴνου
266 4677 454 4758 Παρθένιος.
480 4678 501 4756 †
803 4677 963 4756 τριάρχου
987 4672 1237 4754 Ἱεροσολύμων.
1261 4675 1281 4754 †
