<?xml version="1.0" encoding="UTF-8"?>
<!DOCTYPE html PUBLIC "-//W3C//DTD XHTML 1.0 Transitional//EN"
    "http://www.w3.org/TR/xhtml1/DTD/xhtml1-transitional.dtd">
<html xmlns="http://www.w3.org/1999/xhtml" xml:lang="en" lang="en">
 <head>
  <title>
</title>
<meta http-equiv="Content-Type" content="text/html;charset=utf-8" />
  <meta name='ocr-system' content='tesseract 3.04.00' />
  <meta name='ocr-capabilities' content='ocr_page ocr_carea ocr_par ocr_line ocrx_word'/>
</head>
<body>
  <div class='ocr_page' id='page_1' title='image "./actaetdiplomata02miklgoog_0115.png"; bbox 0 0 3184 5288; ppageno 0'>
   <div class='ocr_carea' id='block_1_1' title="bbox 252 373 314 437">
    <p class='ocr_par' dir='ltr' id='par_1_1' title="bbox 252 373 314 437">
     <span class='ocr_line' id='line_1_1' title="bbox 252 373 314 437; baseline 0.016 -1"><span class='ocrx_word' id='word_1_1' title='bbox 252 373 314 437; x_wconf 86' lang='lat'>100</span> 
     </span>
    </p>
   </div>
   <div class='ocr_carea' id='block_1_2' title="bbox 245 559 1543 1134">
    <p class='ocr_par' dir='ltr' id='par_1_2' title="bbox 245 559 1543 1134">
     <span class='ocr_line' id='line_1_2' title="bbox 247 559 1543 647; baseline 0 -22"><span class='ocrx_word' id='word_1_2' title='bbox 247 565 287 638; x_wconf 88' lang='grc' dir='ltr'>είς</span> <span class='ocrx_word' id='word_1_3' title='bbox 312 587 342 625; x_wconf 92' lang='grc' dir='ltr'>τε</span> <span class='ocrx_word' id='word_1_4' title='bbox 365 566 399 625; x_wconf 86' lang='grc' dir='ltr'>τά</span> <span class='ocrx_word' id='word_1_5' title='bbox 421 571 471 640; x_wconf 79' lang='grc' dir='ltr'>τῆς</span> <span class='ocrx_word' id='word_1_6' title='bbox 495 559 567 644; x_wconf 83' lang='grc' dir='ltr'>ἑῴας</span> <span class='ocrx_word' id='word_1_7' title='bbox 590 567 660 645; x_wconf 85' lang='grc' dir='ltr'>μέρη</span> <span class='ocrx_word' id='word_1_8' title='bbox 684 565 730 623; x_wconf 79' lang='grc' dir='ltr'>καί</span> <span class='ocrx_word' id='word_1_9' title='bbox 753 565 786 624; x_wconf 89' lang='grc' dir='ltr'>τά</span> <span class='ocrx_word' id='word_1_10' title='bbox 810 567 930 647; x_wconf 84' lang='grc' dir='ltr'>ἑσπέρια,</span> <span class='ocrx_word' id='word_1_11' title='bbox 954 567 992 625; x_wconf 83' lang='grc' dir='ltr'>ἔτι</span> <span class='ocrx_word' id='word_1_12' title='bbox 1017 567 1047 626; x_wconf 83' lang='grc' dir='ltr'>δὲ</span> <span class='ocrx_word' id='word_1_13' title='bbox 1070 561 1117 626; x_wconf 87' lang='grc' dir='ltr'>καί</span> <span class='ocrx_word' id='word_1_14' title='bbox 1140 565 1179 638; x_wconf 90' lang='grc' dir='ltr'>εἰς</span> <span class='ocrx_word' id='word_1_15' title='bbox 1201 562 1250 638; x_wconf 85' lang='grc' dir='ltr'>τὰς</span> <span class='ocrx_word' id='word_1_16' title='bbox 1273 566 1419 645; x_wconf 81' lang='grc' dir='ltr'>ἀπανταχή</span> <span class='ocrx_word' id='word_1_17' title='bbox 1441 569 1543 643; x_wconf 74' lang='grc' dir='ltr'>νήσους,</span> 
     </span>
     <span class='ocr_line' id='line_1_3' title="bbox 245 683 1542 766; baseline -0.002 -19"><span class='ocrx_word' id='word_1_18' title='bbox 245 687 292 748; x_wconf 86' lang='grc' dir='ltr'>καί</span> <span class='ocrx_word' id='word_1_19' title='bbox 314 687 349 746; x_wconf 83' lang='grc' dir='ltr'>τά</span> <span class='ocrx_word' id='word_1_20' title='bbox 370 686 492 766; x_wconf 77' lang='grc' dir='ltr'>χρειώδη</span> <span class='ocrx_word' id='word_1_21' title='bbox 515 691 571 759; x_wconf 78' lang='grc' dir='ltr'>τοῖς</span> <span class='ocrx_word' id='word_1_22' title='bbox 594 687 727 764; x_wconf 84' lang='grc' dir='ltr'>μοναχοῐς</span> <span class='ocrx_word' id='word_1_23' title='bbox 755 686 984 766; x_wconf 84' lang='grc' dir='ltr'>ἐμπορευόμενον,</span> <span class='ocrx_word' id='word_1_24' title='bbox 1009 684 1048 757; x_wconf 89' lang='grc' dir='ltr'>εἰς</span> <span class='ocrx_word' id='word_1_25' title='bbox 1070 687 1132 759; x_wconf 88' lang='grc' dir='ltr'>τούς</span> <span class='ocrx_word' id='word_1_26' title='bbox 1156 683 1221 762; x_wconf 79' lang='grc' dir='ltr'>ἑξῆς</span> <span class='ocrx_word' id='word_1_27' title='bbox 1244 688 1365 758; x_wconf 74' lang='grc' dir='ltr'>ἅπαντας</span> <span class='ocrx_word' id='word_1_28' title='bbox 1386 686 1434 746; x_wconf 88' lang='grc' dir='ltr'>καὶ</span> <span class='ocrx_word' id='word_1_29' title='bbox 1453 687 1542 761; x_wconf 79' lang='grc' dir='ltr'>διηνε-</span> 
     </span>
     <span class='ocr_line' id='line_1_4' title="bbox 246 807 1542 890; baseline -0.002 -22"><span class='ocrx_word' id='word_1_30' title='bbox 246 812 305 882; x_wconf 87' lang='grc' dir='ltr'>κεῖς</span> <span class='ocrx_word' id='word_1_31' title='bbox 326 811 441 890; x_wconf 81' lang='grc' dir='ltr'>χρόνους</span> <span class='ocrx_word' id='word_1_32' title='bbox 464 810 517 868; x_wconf 82' lang='grc' dir='ltr'>ἀπό</span> <span class='ocrx_word' id='word_1_33' title='bbox 543 810 644 880; x_wconf 86' lang='grc' dir='ltr'>παντδς</span> <span class='ocrx_word' id='word_1_34' title='bbox 667 812 711 868; x_wconf 86' lang='grc' dir='ltr'>τού</span> <span class='ocrx_word' id='word_1_35' title='bbox 738 809 941 888; x_wconf 86' lang='grc' dir='ltr'>ἐπῃρεαστικῶς</span> <span class='ocrx_word' id='word_1_36' title='bbox 964 807 1174 883; x_wconf 87' lang='grc' dir='ltr'>ἐπεμβαίνοντας</span> <span class='ocrx_word' id='word_1_37' title='bbox 1198 807 1420 882; x_wconf 82' lang='grc' dir='ltr'>ἑξκσυσσεύεσθαι</span> <span class='ocrx_word' id='word_1_38' title='bbox 1443 811 1542 883; x_wconf 80' lang='grc' dir='ltr'>συνάμα</span> 
     </span>
     <span class='ocr_line' id='line_1_5' title="bbox 246 928 1541 1011; baseline -0.002 -21"><span class='ocrx_word' id='word_1_39' title='bbox 246 935 302 1002; x_wconf 86' lang='grc' dir='ltr'>τοῖς</span> <span class='ocrx_word' id='word_1_40' title='bbox 326 931 353 988; x_wconf 88' lang='grc' dir='ltr'>ἐν</span> <span class='ocrx_word' id='word_1_41' title='bbox 376 932 460 1010; x_wconf 88' lang='grc' dir='ltr'>τούτῳ</span> <span class='ocrx_word' id='word_1_42' title='bbox 485 931 634 1006; x_wconf 80' lang='grc' dir='ltr'>ἐμπλέουσι</span> <span class='ocrx_word' id='word_1_43' title='bbox 664 928 709 990; x_wconf 86' lang='grc' dir='ltr'>καί</span> <span class='ocrx_word' id='word_1_44' title='bbox 731 933 819 1006; x_wconf 83' lang='grc' dir='ltr'>πάσης</span> <span class='ocrx_word' id='word_1_45' title='bbox 847 929 976 1010; x_wconf 74' lang='grc' dir='ltr'>ἐπηρείας</span> <span class='ocrx_word' id='word_1_46' title='bbox 1003 929 1050 990; x_wconf 84' lang='grc' dir='ltr'>καί</span> <span class='ocrx_word' id='word_1_47' title='bbox 1072 929 1224 1011; x_wconf 85' lang='grc' dir='ltr'>ἀγγαρείας</span> <span class='ocrx_word' id='word_1_48' title='bbox 1248 931 1377 990; x_wconf 81' lang='grc' dir='ltr'>ἀνωτάτω</span> <span class='ocrx_word' id='word_1_49' title='bbox 1401 930 1541 1008; x_wconf 77' lang='grc' dir='ltr'>διαφυλάτ-</span> 
     </span>
     <span class='ocr_line' id='line_1_6' title="bbox 245 1051 1541 1134; baseline -0.003 -22"><span class='ocrx_word' id='word_1_50' title='bbox 245 1054 337 1112; x_wconf 90' lang='grc' dir='ltr'>τεσθαι</span> <span class='ocrx_word' id='word_1_51' title='bbox 367 1051 414 1112; x_wconf 88' lang='grc' dir='ltr'>καί</span> <span class='ocrx_word' id='word_1_52' title='bbox 445 1055 514 1128; x_wconf 85' lang='grc' dir='ltr'>μήτε</span> <span class='ocrx_word' id='word_1_53' title='bbox 544 1054 612 1132; x_wconf 81' lang='grc' dir='ltr'>πρός</span> <span class='ocrx_word' id='word_1_54' title='bbox 642 1051 829 1126; x_wconf 81' lang='grc' dir='ltr'>μετακομιδήν</span> <span class='ocrx_word' id='word_1_55' title='bbox 860 1057 913 1110; x_wconf 90' lang='grc' dir='ltr'>τῶν</span> <span class='ocrx_word' id='word_1_56' title='bbox 943 1052 1085 1131; x_wconf 85' lang='grc' dir='ltr'>χρειωδῶν</span> <span class='ocrx_word' id='word_1_57' title='bbox 1116 1051 1163 1111; x_wconf 85' lang='grc' dir='ltr'>καί</span> <span class='ocrx_word' id='word_1_58' title='bbox 1190 1053 1256 1134; x_wconf 78' lang='grc' dir='ltr'>αύτῄ</span> <span class='ocrx_word' id='word_1_59' title='bbox 1287 1057 1319 1134; x_wconf 83' lang='grc' dir='ltr'>τῇ</span> <span class='ocrx_word' id='word_1_60' title='bbox 1343 1051 1470 1134; x_wconf 72' lang='grc' dir='ltr'>βασιλείᾳ</span> <span class='ocrx_word' id='word_1_61' title='bbox 1497 1072 1541 1126; x_wconf 82' lang='grc' dir='ltr'>μου</span> 
     </span>
    </p>
   </div>
   <div class='ocr_carea' id='block_1_3' title="bbox 245 1173 1540 1254">
    <p class='ocr_par' dir='ltr' id='par_1_3' title="bbox 245 1173 1540 1254">
     <span class='ocr_line' id='line_1_7' title="bbox 245 1173 1540 1254; baseline -0.002 -20"><span class='ocrx_word' id='word_1_62' title='bbox 245 1173 467 1252; x_wconf 77' lang='grc' dir='ltr'>ἀναγκαιοτάτων</span> <span class='ocrx_word' id='word_1_63' title='bbox 489 1173 554 1254; x_wconf 81' lang='grc' dir='ltr'>παρ’</span> <span class='ocrx_word' id='word_1_64' title='bbox 571 1174 719 1233; x_wconf 74' lang='grc' dir='ltr'>οὑτινοσοῦν</span> <span class='ocrx_word' id='word_1_65' title='bbox 743 1173 971 1252; x_wconf 69' lang='grc' dir='ltr'>ἀποστέλλεσθαι,</span> <span class='ocrx_word' id='word_1_66' title='bbox 995 1176 1064 1249; x_wconf 85' lang='grc' dir='ltr'>μήτε</span> <span class='ocrx_word' id='word_1_67' title='bbox 1085 1173 1139 1249; x_wconf 85' lang='grc' dir='ltr'>μήν</span> <span class='ocrx_word' id='word_1_68' title='bbox 1156 1173 1290 1248; x_wconf 86' lang='grc' dir='ltr'>ἐμβλήσει</span> <span class='ocrx_word' id='word_1_69' title='bbox 1306 1174 1408 1233; x_wconf 84' lang='grc' dir='ltr'>κόκκου</span> <span class='ocrx_word' id='word_1_70' title='bbox 1423 1177 1441 1248; x_wconf 83' lang='grc' dir='ltr'>ή</span> <span class='ocrx_word' id='word_1_71' title='bbox 1457 1194 1540 1232; x_wconf 85' lang='grc' dir='ltr'>συνω-</span> 
     </span>
    </p>
   </div>
   <div class='ocr_carea' id='block_1_4' title="bbox 246 1291 1541 1377">
    <p class='ocr_par' dir='ltr' id='par_1_4' title="bbox 246 1291 1541 1377">
     <span class='ocr_line' id='line_1_8' title="bbox 246 1291 1541 1377; baseline -0.004 -22"><span class='ocrx_word' id='word_1_72' title='bbox 246 1301 295 1372; x_wconf 86' lang='grc' dir='ltr'>νής</span> <span class='ocrx_word' id='word_1_73' title='bbox 316 1299 334 1370; x_wconf 81' lang='grc' dir='ltr'>ἢ</span> <span class='ocrx_word' id='word_1_74' title='bbox 359 1293 547 1375; x_wconf 83' lang='grc' dir='ltr'>στραβοξυλής</span> <span class='ocrx_word' id='word_1_75' title='bbox 576 1297 594 1369; x_wconf 85' lang='grc' dir='ltr'>ή</span> <span class='ocrx_word' id='word_1_76' title='bbox 617 1295 716 1375; x_wconf 81' lang='grc' dir='ltr'>χόρτον</span> <span class='ocrx_word' id='word_1_77' title='bbox 746 1292 905 1374; x_wconf 78' lang='grc' dir='ltr'>εἰσαγωγῆς</span> <span class='ocrx_word' id='word_1_78' title='bbox 937 1297 956 1369; x_wconf 84' lang='grc' dir='ltr'>ή</span> <span class='ocrx_word' id='word_1_79' title='bbox 979 1294 1056 1376; x_wconf 85' lang='grc' dir='ltr'>ἀλλῃ</span> <span class='ocrx_word' id='word_1_80' title='bbox 1080 1293 1129 1354; x_wconf 84' lang='grc' dir='ltr'>τινὶ</span> <span class='ocrx_word' id='word_1_81' title='bbox 1158 1291 1361 1377; x_wconf 81' lang='grc' dir='ltr'>ἀναγκαιοτάτη</span> <span class='ocrx_word' id='word_1_82' title='bbox 1388 1293 1541 1374; x_wconf 74' lang='grc' dir='ltr'>λειτουργίᾳ</span> 
     </span>
    </p>
   </div>
   <div class='ocr_carea' id='block_1_5' title="bbox 181 1412 1587 4660">
    <p class='ocr_par' dir='ltr' id='par_1_5' title="bbox 181 1412 1587 4660">
     <span class='ocr_line' id='line_1_9' title="bbox 246 1412 1540 1496; baseline -0.001 -22"><span class='ocrx_word' id='word_1_83' title='bbox 246 1416 416 1495; x_wconf 84' lang='grc' dir='ltr'>βαρύνεσθαι,</span> <span class='ocrx_word' id='word_1_84' title='bbox 441 1412 509 1476; x_wconf 78' lang='grc' dir='ltr'>ἀλλ’</span> <span class='ocrx_word' id='word_1_85' title='bbox 526 1416 671 1496; x_wconf 89' lang='grc' dir='ltr'>ἐλεύθερον</span> <span class='ocrx_word' id='word_1_86' title='bbox 700 1416 831 1475; x_wconf 82' lang='grc' dir='ltr'>πάντοθεν</span> <span class='ocrx_word' id='word_1_87' title='bbox 855 1415 1038 1496; x_wconf 69' lang='grc' dir='ltr'>διατηρείσθω</span> <span class='ocrx_word' id='word_1_88' title='bbox 1059 1420 1149 1492; x_wconf 86' lang='grc' dir='ltr'>πάσης</span> <span class='ocrx_word' id='word_1_89' title='bbox 1171 1414 1218 1476; x_wconf 85' lang='grc' dir='ltr'>καί</span> <span class='ocrx_word' id='word_1_90' title='bbox 1244 1413 1373 1486; x_wconf 87' lang='grc' dir='ltr'>παντοίας</span> <span class='ocrx_word' id='word_1_91' title='bbox 1406 1415 1540 1494; x_wconf 85' lang='grc' dir='ltr'>ἐπηρείας,</span> 
     </span>
     <span class='ocr_line' id='line_1_10' title="bbox 246 1536 1540 1620; baseline -0.005 -20"><span class='ocrx_word' id='word_1_92' title='bbox 246 1539 399 1620; x_wconf 87' lang='grc' dir='ltr'>ἀγγαρείας</span> <span class='ocrx_word' id='word_1_93' title='bbox 421 1561 451 1598; x_wconf 88' lang='grc' dir='ltr'>τε</span> <span class='ocrx_word' id='word_1_94' title='bbox 479 1538 526 1600; x_wconf 88' lang='grc' dir='ltr'>καί</span> <span class='ocrx_word' id='word_1_95' title='bbox 552 1541 712 1610; x_wconf 84' lang='grc' dir='ltr'>κακώσεως.</span> <span class='ocrx_word' id='word_1_96' title='bbox 749 1538 796 1598; x_wconf 89' lang='grc' dir='ltr'>καί</span> <span class='ocrx_word' id='word_1_97' title='bbox 826 1542 872 1598; x_wconf 88' lang='grc' dir='ltr'>τού</span> <span class='ocrx_word' id='word_1_98' title='bbox 903 1543 1050 1614; x_wconf 84' lang='grc' dir='ltr'>τηνικαῦτα</span> <span class='ocrx_word' id='word_1_99' title='bbox 1079 1541 1195 1619; x_wconf 80' lang='grc' dir='ltr'>πρώτως</span> <span class='ocrx_word' id='word_1_100' title='bbox 1226 1537 1420 1616; x_wconf 88' lang='grc' dir='ltr'>άνεγερθέντος</span> <span class='ocrx_word' id='word_1_101' title='bbox 1449 1536 1540 1600; x_wconf 81' lang='grc' dir='ltr'>πλοίου</span> 
     </span>
     <span class='ocr_line' id='line_1_11' title="bbox 245 1658 1540 1742; baseline -0.005 -19"><span class='ocrx_word' id='word_1_102' title='bbox 245 1661 292 1723; x_wconf 90' lang='grc' dir='ltr'>καὶ</span> <span class='ocrx_word' id='word_1_103' title='bbox 322 1661 361 1740; x_wconf 83' lang='grc' dir='ltr'>τῷ</span> <span class='ocrx_word' id='word_1_104' title='bbox 389 1663 480 1741; x_wconf 92' lang='grc' dir='ltr'>χρόνῳ</span> <span class='ocrx_word' id='word_1_105' title='bbox 511 1661 717 1732; x_wconf 87' lang='grc' dir='ltr'>παλαιωθέντος</span> <span class='ocrx_word' id='word_1_106' title='bbox 748 1659 795 1720; x_wconf 85' lang='grc' dir='ltr'>καί</span> <span class='ocrx_word' id='word_1_107' title='bbox 825 1660 939 1740; x_wconf 88' lang='grc' dir='ltr'>κινδύνῳ</span> <span class='ocrx_word' id='word_1_108' title='bbox 964 1663 1119 1742; x_wconf 85' lang='grc' dir='ltr'>περιπεσεῖν</span> <span class='ocrx_word' id='word_1_109' title='bbox 1149 1659 1349 1731; x_wconf 88' lang='grc' dir='ltr'>κινδυνεύοντος</span> <span class='ocrx_word' id='word_1_110' title='bbox 1375 1663 1394 1734; x_wconf 85' lang='grc' dir='ltr'>ή</span> <span class='ocrx_word' id='word_1_111' title='bbox 1423 1658 1540 1736; x_wconf 81' lang='grc' dir='ltr'>ναυαγίῳ</span> 
     </span>
     <span class='ocr_line' id='line_1_12' title="bbox 245 1777 1539 1864; baseline -0.004 -21"><span class='ocrx_word' id='word_1_112' title='bbox 245 1783 312 1856; x_wconf 85' lang='grc' dir='ltr'>ἰσως</span> <span class='ocrx_word' id='word_1_113' title='bbox 338 1783 542 1864; x_wconf 88' lang='grc' dir='ltr'>περιπίπτοντος</span> <span class='ocrx_word' id='word_1_114' title='bbox 567 1785 585 1856; x_wconf 79' lang='grc' dir='ltr'>ἢ</span> <span class='ocrx_word' id='word_1_115' title='bbox 608 1781 654 1842; x_wconf 87' lang='grc' dir='ltr'>καί</span> <span class='ocrx_word' id='word_1_116' title='bbox 679 1781 776 1854; x_wconf 88' lang='grc' dir='ltr'>ἀλλως</span> <span class='ocrx_word' id='word_1_117' title='bbox 799 1782 992 1857; x_wconf 82' lang='grc' dir='ltr'>ἀπολλυμένου</span> <span class='ocrx_word' id='word_1_118' title='bbox 1015 1780 1115 1854; x_wconf 81' lang='grc' dir='ltr'>ἐξεῖναι</span> <span class='ocrx_word' id='word_1_119' title='bbox 1137 1785 1193 1854; x_wconf 86' lang='grc' dir='ltr'>τοῖς</span> <span class='ocrx_word' id='word_1_120' title='bbox 1217 1784 1349 1859; x_wconf 84' lang='grc' dir='ltr'>μοναχσῑς</span> <span class='ocrx_word' id='word_1_121' title='bbox 1372 1782 1464 1861; x_wconf 91' lang='grc' dir='ltr'>έτερον</span> <span class='ocrx_word' id='word_1_122' title='bbox 1489 1777 1539 1839; x_wconf 80' lang='grc' dir='ltr'>ἀντ’</span> 
     </span>
     <span class='ocr_line' id='line_1_13' title="bbox 246 1899 1540 1984; baseline -0.001 -22"><span class='ocrx_word' id='word_1_123' title='bbox 246 1903 351 1964; x_wconf 89' lang='grc' dir='ltr'>ἐκείνου</span> <span class='ocrx_word' id='word_1_124' title='bbox 370 1904 468 1964; x_wconf 86' lang='grc' dir='ltr'>πλοῖον</span> <span class='ocrx_word' id='word_1_125' title='bbox 484 1903 674 1984; x_wconf 78' lang='grc' dir='ltr'>ἀνακαινίζειν,</span> <span class='ocrx_word' id='word_1_126' title='bbox 699 1910 747 1979; x_wconf 83' lang='grc' dir='ltr'>τῆς</span> <span class='ocrx_word' id='word_1_127' title='bbox 771 1903 853 1980; x_wconf 74' lang='grc' dir='ltr'>αὐτῆς</span> <span class='ocrx_word' id='word_1_128' title='bbox 875 1901 1010 1982; x_wconf 81' lang='grc' dir='ltr'>τυγχάνον</span> <span class='ocrx_word' id='word_1_129' title='bbox 1031 1907 1184 1984; x_wconf 87' lang='grc' dir='ltr'>χωρήσεως</span> <span class='ocrx_word' id='word_1_130' title='bbox 1205 1903 1252 1964; x_wconf 89' lang='grc' dir='ltr'>καί</span> <span class='ocrx_word' id='word_1_131' title='bbox 1274 1908 1324 1979; x_wconf 78' lang='grc' dir='ltr'>τῆς</span> <span class='ocrx_word' id='word_1_132' title='bbox 1346 1901 1406 1980; x_wconf 90' lang='grc' dir='ltr'>ίσης</span> <span class='ocrx_word' id='word_1_133' title='bbox 1430 1899 1540 1974; x_wconf 82' lang='grc' dir='ltr'>ἐξκσυσ-</span> 
     </span>
     <span class='ocr_line' id='line_1_14' title="bbox 246 2023 1539 2105; baseline -0.003 -20"><span class='ocrx_word' id='word_1_134' title='bbox 246 2025 322 2097; x_wconf 83' lang='grc' dir='ltr'>τείας</span> <span class='ocrx_word' id='word_1_135' title='bbox 346 2025 539 2085; x_wconf 88' lang='grc' dir='ltr'>ἑπαπολαύσν·</span> <span class='ocrx_word' id='word_1_136' title='bbox 563 2023 609 2085; x_wconf 83' lang='grc' dir='ltr'>καὶ</span> <span class='ocrx_word' id='word_1_137' title='bbox 637 2027 675 2101; x_wconf 86' lang='grc' dir='ltr'>μή</span> <span class='ocrx_word' id='word_1_138' title='bbox 699 2023 842 2105; x_wconf 81' lang='grc' dir='ltr'>προσάπαξ</span> <span class='ocrx_word' id='word_1_139' title='bbox 868 2027 913 2084; x_wconf 90' lang='grc' dir='ltr'>τδν</span> <span class='ocrx_word' id='word_1_140' title='bbox 939 2026 1132 2101; x_wconf 83' lang='grc' dir='ltr'>ἀνακαινισμδν</span> <span class='ocrx_word' id='word_1_141' title='bbox 1159 2028 1205 2084; x_wconf 90' lang='grc' dir='ltr'>τού</span> <span class='ocrx_word' id='word_1_142' title='bbox 1231 2025 1350 2086; x_wconf 90' lang='grc' dir='ltr'>τοιούτου</span> <span class='ocrx_word' id='word_1_143' title='bbox 1376 2023 1475 2084; x_wconf 89' lang='grc' dir='ltr'>πλοίου</span> <span class='ocrx_word' id='word_1_144' title='bbox 1498 2023 1539 2083; x_wconf 81' lang='grc' dir='ltr'>καὶ</span> 
     </span>
     <span class='ocr_line' id='line_1_15' title="bbox 244 2143 1539 2227; baseline -0.002 -21"><span class='ocrx_word' id='word_1_145' title='bbox 244 2150 292 2222; x_wconf 80' lang='grc' dir='ltr'>τήν</span> <span class='ocrx_word' id='word_1_146' title='bbox 314 2147 407 2207; x_wconf 89' lang='grc' dir='ltr'>τούτου</span> <span class='ocrx_word' id='word_1_147' title='bbox 431 2143 604 2218; x_wconf 86' lang='grc' dir='ltr'>ἐξκουσσείοιν</span> <span class='ocrx_word' id='word_1_148' title='bbox 629 2147 717 2218; x_wconf 77' lang='grc' dir='ltr'>αὺτοῖς</span> <span class='ocrx_word' id='word_1_149' title='bbox 742 2147 948 2227; x_wconf 84' lang='grc' dir='ltr'>ἐκχωρηθῆναι,</span> <span class='ocrx_word' id='word_1_150' title='bbox 977 2145 1044 2206; x_wconf 85' lang='grc' dir='ltr'>ἀλλ’</span> <span class='ocrx_word' id='word_1_151' title='bbox 1068 2148 1163 2218; x_wconf 84' lang='grc' dir='ltr'>όσάκις</span> <span class='ocrx_word' id='word_1_152' title='bbox 1189 2145 1228 2225; x_wconf 79' lang='grc' dir='ltr'>τῷ</span> <span class='ocrx_word' id='word_1_153' title='bbox 1257 2149 1349 2226; x_wconf 80' lang='grc' dir='ltr'>χρόνῳ</span> <span class='ocrx_word' id='word_1_154' title='bbox 1384 2145 1539 2225; x_wconf 74' lang='grc' dir='ltr'>διαφθαρείη</span> 
     </span>
     <span class='ocr_line' id='line_1_16' title="bbox 245 2265 1540 2350; baseline -0.002 -22"><span class='ocrx_word' id='word_1_155' title='bbox 245 2272 264 2343; x_wconf 77' lang='grc' dir='ltr'>ἢ</span> <span class='ocrx_word' id='word_1_156' title='bbox 288 2267 410 2347; x_wconf 88' lang='grc' dir='ltr'>ναυαγίῳ</span> <span class='ocrx_word' id='word_1_157' title='bbox 437 2267 487 2328; x_wconf 88' lang='grc' dir='ltr'>τινὶ</span> <span class='ocrx_word' id='word_1_158' title='bbox 517 2269 656 2347; x_wconf 79' lang='grc' dir='ltr'>περιπέσοι</span> <span class='ocrx_word' id='word_1_159' title='bbox 679 2271 697 2342; x_wconf 85' lang='grc' dir='ltr'><strong>ῆ</strong></span> <span class='ocrx_word' id='word_1_160' title='bbox 719 2266 767 2327; x_wconf 90' lang='grc' dir='ltr'>καί</span> <span class='ocrx_word' id='word_1_161' title='bbox 789 2267 887 2340; x_wconf 83' lang='grc' dir='ltr'>άλλως</span> <span class='ocrx_word' id='word_1_162' title='bbox 914 2267 1041 2350; x_wconf 83' lang='grc' dir='ltr'>ἀπωλείᾳ</span> <span class='ocrx_word' id='word_1_163' title='bbox 1069 2267 1247 2348; x_wconf 88' lang='grc' dir='ltr'>παραδοθείη.</span> <span class='ocrx_word' id='word_1_164' title='bbox 1278 2265 1325 2328; x_wconf 88' lang='grc' dir='ltr'>καὶ</span> <span class='ocrx_word' id='word_1_165' title='bbox 1353 2268 1462 2343; x_wconf 77' lang='grc' dir='ltr'>τοιαύτη</span> <span class='ocrx_word' id='word_1_166' title='bbox 1493 2268 1540 2342; x_wconf 84' lang='grc' dir='ltr'>μὲν</span> 
     </span>
     <span class='ocr_line' id='line_1_17' title="bbox 244 2385 1539 2470; baseline -0.002 -22"><span class='ocrx_word' id='word_1_167' title='bbox 244 2391 261 2465; x_wconf 85' lang='grc' dir='ltr'>ή</span> <span class='ocrx_word' id='word_1_168' title='bbox 285 2389 346 2470; x_wconf 87' lang='grc' dir='ltr'>περὶ</span> <span class='ocrx_word' id='word_1_169' title='bbox 369 2395 419 2464; x_wconf 83' lang='grc' dir='ltr'>τῆς</span> <span class='ocrx_word' id='word_1_170' title='bbox 443 2385 616 2462; x_wconf 76' lang='grc' dir='ltr'>ἐξκουσσείας</span> <span class='ocrx_word' id='word_1_171' title='bbox 638 2392 684 2449; x_wconf 86' lang='grc' dir='ltr'>τού</span> <span class='ocrx_word' id='word_1_172' title='bbox 705 2389 803 2449; x_wconf 90' lang='grc' dir='ltr'>πλοίου</span> <span class='ocrx_word' id='word_1_173' title='bbox 825 2387 872 2449; x_wconf 87' lang='grc' dir='ltr'>καὶ</span> <span class='ocrx_word' id='word_1_174' title='bbox 894 2395 948 2449; x_wconf 91' lang='grc' dir='ltr'>τῶν</span> <span class='ocrx_word' id='word_1_175' title='bbox 973 2390 1001 2449; x_wconf 86' lang='grc' dir='ltr'>ἐν</span> <span class='ocrx_word' id='word_1_176' title='bbox 1025 2389 1097 2468; x_wconf 82' lang='grc' dir='ltr'>αύτῷ</span> <span class='ocrx_word' id='word_1_177' title='bbox 1125 2389 1301 2466; x_wconf 81' lang='grc' dir='ltr'>ἐμπλεόντων</span> <span class='ocrx_word' id='word_1_178' title='bbox 1326 2389 1480 2469; x_wconf 83' lang='grc' dir='ltr'>ἐκχώρησις</span> <span class='ocrx_word' id='word_1_179' title='bbox 1504 2387 1539 2458; x_wconf 86' lang='grc' dir='ltr'>εἰς</span> 
     </span>
     <span class='ocr_line' id='line_1_18' title="bbox 232 2509 1539 2592; baseline -0.002 -22"><span class='ocrx_word' id='word_1_180' title='bbox 232 2513 290 2577; x_wconf 85' lang='grc' dir='ltr'>,τδν</span> <span class='ocrx_word' id='word_1_181' title='bbox 321 2513 427 2570; x_wconf 79' lang='grc' dir='ltr'>ἅπαντα</span> <span class='ocrx_word' id='word_1_182' title='bbox 459 2509 545 2570; x_wconf 85' lang='grc' dir='ltr'>αἰῶνα</span> <span class='ocrx_word' id='word_1_183' title='bbox 576 2510 622 2570; x_wconf 85' lang='grc' dir='ltr'>διὰ</span> <span class='ocrx_word' id='word_1_184' title='bbox 650 2515 695 2570; x_wconf 85' lang='grc' dir='ltr'>τοῦ</span> <span class='ocrx_word' id='word_1_185' title='bbox 726 2512 937 2592; x_wconf 88' lang='grc' dir='ltr'>προεκτεθέντος</span> <span class='ocrx_word' id='word_1_186' title='bbox 969 2511 1175 2592; x_wconf 88' lang='grc' dir='ltr'>χρυσοβούλλου</span> <span class='ocrx_word' id='word_1_187' title='bbox 1209 2509 1295 2588; x_wconf 89' lang='grc' dir='ltr'>λόγου</span> <span class='ocrx_word' id='word_1_188' title='bbox 1323 2509 1539 2590; x_wconf 78' lang='grc' dir='ltr'>πεφιλοτίμηται,</span> 
     </span>
     <span class='ocr_line' id='line_1_19' title="bbox 243 2630 1538 2714; baseline 0 -22"><span class='ocrx_word' id='word_1_189' title='bbox 243 2632 336 2704; x_wconf 84' lang='grc' dir='ltr'>καθὼς</span> <span class='ocrx_word' id='word_1_190' title='bbox 364 2630 433 2706; x_wconf 82' lang='grc' dir='ltr'>δῆτα</span> <span class='ocrx_word' id='word_1_191' title='bbox 461 2633 661 2712; x_wconf 82' lang='grc' dir='ltr'>σαρέστερονή</span> <span class='ocrx_word' id='word_1_192' title='bbox 690 2634 718 2693; x_wconf 90' lang='grc' dir='ltr'>ἐν</span> <span class='ocrx_word' id='word_1_193' title='bbox 743 2633 840 2712; x_wconf 88' lang='grc' dir='ltr'>ἐκείνῳ</span> <span class='ocrx_word' id='word_1_194' title='bbox 862 2635 952 2714; x_wconf 78' lang='grc' dir='ltr'>γραρή</span> <span class='ocrx_word' id='word_1_195' title='bbox 978 2633 1129 2712; x_wconf 83' lang='grc' dir='ltr'>παρίστησι.</span> <span class='ocrx_word' id='word_1_196' title='bbox 1155 2633 1215 2694; x_wconf 83' lang='grc' dir='ltr'>ἐπεὶ</span> <span class='ocrx_word' id='word_1_197' title='bbox 1239 2633 1268 2693; x_wconf 86' lang='grc' dir='ltr'>δὲ</span> <span class='ocrx_word' id='word_1_198' title='bbox 1292 2633 1363 2709; x_wconf 83' lang='grc' dir='ltr'>μετὰ</span> <span class='ocrx_word' id='word_1_199' title='bbox 1384 2635 1430 2693; x_wconf 85' lang='grc' dir='ltr'>τδν</span> <span class='ocrx_word' id='word_1_200' title='bbox 1454 2634 1538 2708; x_wconf 84' lang='grc' dir='ltr'>σεβά-</span> 
     </span>
     <span class='ocr_line' id='line_1_20' title="bbox 244 2753 1539 2836; baseline -0.001 -22"><span class='ocrx_word' id='word_1_201' title='bbox 244 2775 322 2830; x_wconf 89' lang='grc' dir='ltr'>σμιον</span> <span class='ocrx_word' id='word_1_202' title='bbox 338 2754 442 2817; x_wconf 79' lang='grc' dir='ltr'>ἐκεῖνον</span> <span class='ocrx_word' id='word_1_203' title='bbox 458 2754 580 2832; x_wconf 88' lang='grc' dir='ltr'>μοναχδν</span> <span class='ocrx_word' id='word_1_204' title='bbox 599 2753 646 2814; x_wconf 83' lang='grc' dir='ltr'>καὶ</span> <span class='ocrx_word' id='word_1_205' title='bbox 668 2757 834 2834; x_wconf 82' lang='grc' dir='ltr'>ήσυχαοπήν,</span> <span class='ocrx_word' id='word_1_206' title='bbox 857 2755 938 2836; x_wconf 88' lang='grc' dir='ltr'>κυρδν</span> <span class='ocrx_word' id='word_1_207' title='bbox 958 2754 1159 2834; x_wconf 85' lang='grc' dir='ltr'>Χριστόδονλον</span> <span class='ocrx_word' id='word_1_208' title='bbox 1185 2757 1230 2815; x_wconf 88' lang='grc' dir='ltr'>τδν</span> <span class='ocrx_word' id='word_1_209' title='bbox 1254 2757 1405 2836; x_wconf 87' lang='grc' dir='ltr'>Λατρηνόν,</span> <span class='ocrx_word' id='word_1_210' title='bbox 1428 2755 1475 2815; x_wconf 85' lang='grc' dir='ltr'>καί</span> <span class='ocrx_word' id='word_1_211' title='bbox 1497 2757 1539 2814; x_wconf 87' lang='grc' dir='ltr'>τδν</span> 
     </span>
     <span class='ocr_line' id='line_1_21' title="bbox 244 2874 1538 2960; baseline 0 -24"><span class='ocrx_word' id='word_1_212' title='bbox 244 2874 305 2952; x_wconf 82' lang='grc' dir='ltr'>μετ’</span> <span class='ocrx_word' id='word_1_213' title='bbox 328 2876 433 2935; x_wconf 87' lang='grc' dir='ltr'>ἐκεῖνον</span> <span class='ocrx_word' id='word_1_214' title='bbox 465 2881 499 2956; x_wconf 85' lang='grc' dir='ltr'>τῇ</span> <span class='ocrx_word' id='word_1_215' title='bbox 528 2877 610 2960; x_wconf 85' lang='grc' dir='ltr'>ταύτῃ</span> <span class='ocrx_word' id='word_1_216' title='bbox 645 2883 714 2960; x_wconf 80' lang='grc' dir='ltr'>μονῇ</span> <span class='ocrx_word' id='word_1_217' title='bbox 750 2878 939 2954; x_wconf 88' lang='grc' dir='ltr'>ένασκήσαντα</span> <span class='ocrx_word' id='word_1_218' title='bbox 968 2880 1128 2953; x_wconf 84' lang='grc' dir='ltr'>τιμιώτατον</span> <span class='ocrx_word' id='word_1_219' title='bbox 1160 2880 1291 2956; x_wconf 86' lang='grc' dir='ltr'>μοναχόν,</span> <span class='ocrx_word' id='word_1_220' title='bbox 1325 2879 1407 2960; x_wconf 86' lang='grc' dir='ltr'>κυρδν</span> <span class='ocrx_word' id='word_1_221' title='bbox 1442 2879 1538 2956; x_wconf 77' lang='grc' dir='ltr'>’ίωσήη</span> 
     </span>
     <span class='ocr_line' id='line_1_22' title="bbox 243 2997 1539 3080; baseline 0 -24"><span class='ocrx_word' id='word_1_222' title='bbox 243 2998 288 3058; x_wconf 89' lang='grc' dir='ltr'>τδν</span> <span class='ocrx_word' id='word_1_223' title='bbox 312 2998 439 3076; x_wconf 82' lang='grc' dir='ltr'>Ἰαοίτην,</span> <span class='ocrx_word' id='word_1_224' title='bbox 463 2998 488 3058; x_wconf 93' lang='grc' dir='ltr'>οί</span> <span class='ocrx_word' id='word_1_225' title='bbox 510 2999 609 3058; x_wconf 89' lang='grc' dir='ltr'>τούτων</span> <span class='ocrx_word' id='word_1_226' title='bbox 633 2997 752 3076; x_wconf 88' lang='grc' dir='ltr'>μαθηταὶ</span> <span class='ocrx_word' id='word_1_227' title='bbox 777 2997 825 3059; x_wconf 89' lang='grc' dir='ltr'>καί</span> <span class='ocrx_word' id='word_1_228' title='bbox 848 3001 1022 3078; x_wconf 70' lang='grc' dir='ltr'>μονάζοντες,</span> <span class='ocrx_word' id='word_1_229' title='bbox 1047 2999 1139 3070; x_wconf 79' lang='grc' dir='ltr'>ἐνδείᾳ</span> <span class='ocrx_word' id='word_1_230' title='bbox 1164 3005 1218 3058; x_wconf 90' lang='grc' dir='ltr'>τῶν</span> <span class='ocrx_word' id='word_1_231' title='bbox 1240 2999 1383 3080; x_wconf 86' lang='grc' dir='ltr'>χρειωδῶν</span> <span class='ocrx_word' id='word_1_232' title='bbox 1406 2999 1453 3058; x_wconf 88' lang='grc' dir='ltr'>καί</span> <span class='ocrx_word' id='word_1_233' title='bbox 1475 2999 1539 3079; x_wconf 81' lang='grc' dir='ltr'>πρδς</span> 
     </span>
     <span class='ocr_line' id='line_1_23' title="bbox 243 3118 1539 3203; baseline 0 -25"><span class='ocrx_word' id='word_1_234' title='bbox 243 3119 274 3178; x_wconf 76' lang='grc' dir='ltr'>τό</span> <span class='ocrx_word' id='word_1_235' title='bbox 296 3120 345 3196; x_wconf 81' lang='grc' dir='ltr'>ζήν</span> <span class='ocrx_word' id='word_1_236' title='bbox 369 3119 525 3198; x_wconf 73' lang='grc' dir='ltr'>ἀναγκαίων</span> <span class='ocrx_word' id='word_1_237' title='bbox 549 3121 639 3192; x_wconf 86' lang='grc' dir='ltr'>αθτοῑς</span> <span class='ocrx_word' id='word_1_238' title='bbox 661 3121 847 3199; x_wconf 87' lang='grc' dir='ltr'>συνεχόμενοι,</span> <span class='ocrx_word' id='word_1_239' title='bbox 870 3119 908 3200; x_wconf 82' lang='grc' dir='ltr'>τῷ</span> <span class='ocrx_word' id='word_1_240' title='bbox 938 3119 1155 3200; x_wconf 89' lang='grc' dir='ltr'>τρισμακαρίστῳ</span> <span class='ocrx_word' id='word_1_241' title='bbox 1186 3122 1300 3203; x_wconf 75' lang='grc' dir='ltr'>αὐθέντῃ</span> <span class='ocrx_word' id='word_1_242' title='bbox 1322 3118 1368 3180; x_wconf 87' lang='grc' dir='ltr'>καὶ</span> <span class='ocrx_word' id='word_1_243' title='bbox 1390 3119 1471 3199; x_wconf 85' lang='grc' dir='ltr'>πατρί</span> <span class='ocrx_word' id='word_1_244' title='bbox 1491 3126 1539 3194; x_wconf 85' lang='grc' dir='ltr'>τῆς</span> 
     </span>
     <span class='ocr_line' id='line_1_24' title="bbox 244 3240 1540 3323; baseline 0 -23"><span class='ocrx_word' id='word_1_245' title='bbox 244 3241 387 3316; x_wconf 88' lang='grc' dir='ltr'>βασιλείας</span> <span class='ocrx_word' id='word_1_246' title='bbox 415 3262 466 3316; x_wconf 92' lang='grc' dir='ltr'>μου</span> <span class='ocrx_word' id='word_1_247' title='bbox 495 3240 566 3316; x_wconf 84' lang='grc' dir='ltr'>μετὰ</span> <span class='ocrx_word' id='word_1_248' title='bbox 594 3241 714 3322; x_wconf 83' lang='grc' dir='ltr'>λιπαράς</span> <span class='ocrx_word' id='word_1_249' title='bbox 744 3240 868 3317; x_wconf 78' lang='grc' dir='ltr'>δεήσεως</span> <span class='ocrx_word' id='word_1_250' title='bbox 896 3241 1166 3323; x_wconf 85' lang='grc' dir='ltr'>προσδεδραμήκασι,</span> <span class='ocrx_word' id='word_1_251' title='bbox 1196 3242 1350 3317; x_wconf 86' lang='grc' dir='ltr'>τινιτωθήναί</span> <span class='ocrx_word' id='word_1_252' title='bbox 1376 3263 1405 3301; x_wconf 90' lang='grc' dir='ltr'>τε</span> <span class='ocrx_word' id='word_1_253' title='bbox 1439 3241 1540 3312; x_wconf 85' lang='grc' dir='ltr'>τούτοις</span> 
     </span>
     <span class='ocr_line' id='line_1_25' title="bbox 242 3358 1539 3445; baseline 0.001 -25"><span class='ocrx_word' id='word_1_254' title='bbox 242 3361 276 3420; x_wconf 90' lang='grc' dir='ltr'>τά</span> <span class='ocrx_word' id='word_1_255' title='bbox 297 3363 365 3441; x_wconf 87' lang='grc' dir='ltr'>πρδς</span> <span class='ocrx_word' id='word_1_256' title='bbox 388 3362 532 3442; x_wconf 82' lang='grc' dir='ltr'>διατρσρὴν</span> <span class='ocrx_word' id='word_1_257' title='bbox 556 3358 732 3445; x_wconf 71' lang='grc' dir='ltr'>ἐξῃτήσαντο,</span> <span class='ocrx_word' id='word_1_258' title='bbox 752 3363 799 3422; x_wconf 87' lang='grc' dir='ltr'>καί</span> <span class='ocrx_word' id='word_1_259' title='bbox 817 3363 1023 3443; x_wconf 86' lang='grc' dir='ltr'>χρυσόβουλλον</span> <span class='ocrx_word' id='word_1_260' title='bbox 1040 3362 1176 3441; x_wconf 83' lang='grc' dir='ltr'>σιγιλλιον</span> <span class='ocrx_word' id='word_1_261' title='bbox 1193 3363 1357 3442; x_wconf 80' lang='grc' dir='ltr'>ἀπειλήφασι</span> <span class='ocrx_word' id='word_1_262' title='bbox 1379 3367 1425 3424; x_wconf 79' lang='grc' dir='ltr'>τοῦ</span> <span class='ocrx_word' id='word_1_263' title='bbox 1449 3364 1539 3423; x_wconf 90' lang='grc' dir='ltr'>θεοσε·</span> 
     </span>
     <span class='ocr_line' id='line_1_26' title="bbox 244 3482 1540 3566; baseline 0.001 -24"><span class='ocrx_word' id='word_1_264' title='bbox 244 3483 308 3557; x_wconf 83' lang='grc' dir='ltr'>βοῦς</span> <span class='ocrx_word' id='word_1_265' title='bbox 333 3487 449 3564; x_wconf 85' lang='grc' dir='ltr'>κράτους</span> <span class='ocrx_word' id='word_1_266' title='bbox 472 3482 586 3564; x_wconf 89' lang='grc' dir='ltr'>ἐκείνου,</span> <span class='ocrx_word' id='word_1_267' title='bbox 608 3487 705 3543; x_wconf 85' lang='grc' dir='ltr'>τνπούν</span> <span class='ocrx_word' id='word_1_268' title='bbox 733 3484 847 3560; x_wconf 78' lang='grc' dir='ltr'>ἐπησίως</span> <span class='ocrx_word' id='word_1_269' title='bbox 874 3483 993 3545; x_wconf 89' lang='grc' dir='ltr'>δίδοσθαι</span> <span class='ocrx_word' id='word_1_270' title='bbox 1020 3486 1133 3566; x_wconf 89' lang='grc' dir='ltr'>τούτοις,</span> <span class='ocrx_word' id='word_1_271' title='bbox 1157 3487 1256 3564; x_wconf 84' lang='grc' dir='ltr'>μέχρις</span> <span class='ocrx_word' id='word_1_272' title='bbox 1276 3486 1308 3543; x_wconf 90' lang='grc' dir='ltr'>ἀν</span> <span class='ocrx_word' id='word_1_273' title='bbox 1324 3483 1387 3544; x_wconf 86' lang='grc' dir='ltr'>τόδε</span> <span class='ocrx_word' id='word_1_274' title='bbox 1409 3485 1440 3544; x_wconf 86' lang='grc' dir='ltr'>τδ</span> <span class='ocrx_word' id='word_1_275' title='bbox 1462 3485 1540 3563; x_wconf 91' lang='grc' dir='ltr'>περί-</span> 
     </span>
     <span class='ocr_line' id='line_1_27' title="bbox 242 3600 1541 3688; baseline 0.001 -24"><span class='ocrx_word' id='word_1_276' title='bbox 242 3625 317 3683; x_wconf 86' lang='grc' dir='ltr'>γειον</span> <span class='ocrx_word' id='word_1_277' title='bbox 348 3608 519 3686; x_wconf 84' lang='grc' dir='ltr'>συνεστήκοι,</span> <span class='ocrx_word' id='word_1_278' title='bbox 550 3600 622 3666; x_wconf 87' lang='grc' dir='ltr'>σίτου</span> <span class='ocrx_word' id='word_1_279' title='bbox 653 3605 704 3682; x_wconf 88' lang='grc' dir='ltr'>μὲν</span> <span class='ocrx_word' id='word_1_280' title='bbox 735 3605 844 3682; x_wconf 87' lang='grc' dir='ltr'>μοδίους</span> <span class='ocrx_word' id='word_1_281' title='bbox 872 3607 1054 3688; x_wconf 89' lang='grc' dir='ltr'>τριακοσίους,</span> <span class='ocrx_word' id='word_1_282' title='bbox 1088 3607 1244 3682; x_wconf 89' lang='grc' dir='ltr'>νομίσματα</span> <span class='ocrx_word' id='word_1_283' title='bbox 1274 3606 1305 3666; x_wconf 87' lang='grc' dir='ltr'>δὲ</span> <span class='ocrx_word' id='word_1_284' title='bbox 1337 3604 1541 3685; x_wconf 81' lang='grc' dir='ltr'>εἰκοσιτέσσαρα</span> 
     </span>
     <span class='ocr_line' id='line_1_28' title="bbox 243 3726 1539 3810; baseline 0 -24"><span class='ocrx_word' id='word_1_285' title='bbox 243 3729 401 3802; x_wconf 87' lang='grc' dir='ltr'>κομνηνάτα</span> <span class='ocrx_word' id='word_1_286' title='bbox 423 3727 550 3786; x_wconf 88' lang='grc' dir='ltr'>θεοτοκία</span> <span class='ocrx_word' id='word_1_287' title='bbox 572 3726 645 3808; x_wconf 77' lang='grc' dir='ltr'>παρὰ</span> <span class='ocrx_word' id='word_1_288' title='bbox 667 3733 721 3788; x_wconf 88' lang='grc' dir='ltr'>τῶν</span> <span class='ocrx_word' id='word_1_289' title='bbox 744 3728 815 3788; x_wconf 81' lang='grc' dir='ltr'>κατὰ</span> <span class='ocrx_word' id='word_1_290' title='bbox 840 3727 950 3808; x_wconf 80' lang='grc' dir='ltr'>καιρούς</span> <span class='ocrx_word' id='word_1_291' title='bbox 974 3727 1078 3788; x_wconf 89' lang='grc' dir='ltr'>δουκῶν</span> <span class='ocrx_word' id='word_1_292' title='bbox 1101 3729 1227 3810; x_wconf 83' lang='grc' dir='ltr'>Κρήτης,</span> <span class='ocrx_word' id='word_1_293' title='bbox 1258 3728 1291 3788; x_wconf 86' lang='grc' dir='ltr'>τὰ</span> <span class='ocrx_word' id='word_1_294' title='bbox 1313 3732 1358 3788; x_wconf 86' lang='grc' dir='ltr'>νύν</span> <span class='ocrx_word' id='word_1_295' title='bbox 1386 3728 1417 3788; x_wconf 88' lang='grc' dir='ltr'>δέ</span> <span class='ocrx_word' id='word_1_296' title='bbox 1439 3726 1539 3808; x_wconf 81' lang='grc' dir='ltr'>καὶτῇ</span> 
     </span>
     <span class='ocr_line' id='line_1_29' title="bbox 244 3846 1541 3930; baseline 0 -23"><span class='ocrx_word' id='word_1_297' title='bbox 244 3846 372 3930; x_wconf 82' lang='grc' dir='ltr'>βασιλείᾳ</span> <span class='ocrx_word' id='word_1_298' title='bbox 398 3869 449 3924; x_wconf 90' lang='grc' dir='ltr'>μου</span> <span class='ocrx_word' id='word_1_299' title='bbox 478 3849 688 3929; x_wconf 84' lang='grc' dir='ltr'>προσελθόντες,</span> <span class='ocrx_word' id='word_1_300' title='bbox 720 3848 952 3925; x_wconf 81' lang='grc' dir='ltr'>έπιβεβαιωθήναι</span> <span class='ocrx_word' id='word_1_301' title='bbox 982 3850 1016 3908; x_wconf 87' lang='grc' dir='ltr'>τὰ</span> <span class='ocrx_word' id='word_1_302' title='bbox 1043 3851 1241 3929; x_wconf 86' lang='grc' dir='ltr'>προεκτεθέντα</span> <span class='ocrx_word' id='word_1_303' title='bbox 1271 3849 1317 3910; x_wconf 91' lang='grc' dir='ltr'>δύο</span> <span class='ocrx_word' id='word_1_304' title='bbox 1346 3849 1541 3930; x_wconf 89' lang='grc' dir='ltr'>χρυσόβουλλα</span> 
     </span>
     <span class='ocr_line' id='line_1_30' title="bbox 244 3968 1542 4052; baseline -0.001 -24"><span class='ocrx_word' id='word_1_305' title='bbox 244 3968 278 4029; x_wconf 89' lang='grc' dir='ltr'>δι’</span> <span class='ocrx_word' id='word_1_306' title='bbox 311 3969 447 4048; x_wconf 84' lang='grc' dir='ltr'>ἐγγράρυυ</span> <span class='ocrx_word' id='word_1_307' title='bbox 482 3971 563 4045; x_wconf 77' lang='grc' dir='ltr'>οιύτῆς</span> <span class='ocrx_word' id='word_1_308' title='bbox 593 3973 804 4052; x_wconf 86' lang='grc' dir='ltr'>προστάγματος</span> <span class='ocrx_word' id='word_1_309' title='bbox 834 3973 944 4051; x_wconf 86' lang='grc' dir='ltr'>θερμῶς</span> <span class='ocrx_word' id='word_1_310' title='bbox 973 3972 1071 4046; x_wconf 88' lang='grc' dir='ltr'>ταύτην</span> <span class='ocrx_word' id='word_1_311' title='bbox 1100 3971 1341 4050; x_wconf 84' lang='grc' dir='ltr'>κατεδυσώπησαν,</span> <span class='ocrx_word' id='word_1_312' title='bbox 1368 3971 1387 4044; x_wconf 85' lang='grc' dir='ltr'>ή</span> <span class='ocrx_word' id='word_1_313' title='bbox 1415 3969 1542 4046; x_wconf 79' lang='grc' dir='ltr'>βασιλεία</span> 
     </span>
     <span class='ocr_line' id='line_1_31' title="bbox 244 4091 1541 4174; baseline -0.001 -24"><span class='ocrx_word' id='word_1_314' title='bbox 244 4112 295 4166; x_wconf 88' lang='grc' dir='ltr'>μου</span> <span class='ocrx_word' id='word_1_315' title='bbox 319 4092 441 4166; x_wconf 79' lang='grc' dir='ltr'>εὐμενῶς</span> <span class='ocrx_word' id='word_1_316' title='bbox 463 4091 512 4166; x_wconf 83' lang='grc' dir='ltr'>τήν</span> <span class='ocrx_word' id='word_1_317' title='bbox 534 4092 635 4152; x_wconf 85' lang='grc' dir='ltr'>τούτων</span> <span class='ocrx_word' id='word_1_318' title='bbox 659 4091 763 4168; x_wconf 82' lang='grc' dir='ltr'>αἴτησιν</span> <span class='ocrx_word' id='word_1_319' title='bbox 785 4094 992 4173; x_wconf 85' lang='grc' dir='ltr'>προσηκαμένη,</span> <span class='ocrx_word' id='word_1_320' title='bbox 1016 4095 1045 4153; x_wconf 83' lang='grc' dir='ltr'>τδ</span> <span class='ocrx_word' id='word_1_321' title='bbox 1068 4095 1155 4173; x_wconf 88' lang='grc' dir='ltr'>παρδν</span> <span class='ocrx_word' id='word_1_322' title='bbox 1177 4091 1385 4174; x_wconf 88' lang='grc' dir='ltr'>χρυσόβουλλον</span> <span class='ocrx_word' id='word_1_323' title='bbox 1408 4091 1541 4170; x_wconf 82' lang='grc' dir='ltr'>σιγίλλισν</span> 
     </span>
     <span class='ocr_line' id='line_1_32' title="bbox 245 4207 1540 4295; baseline 0.001 -25"><span class='ocrx_word' id='word_1_324' title='bbox 245 4212 333 4284; x_wconf 83' lang='grc' dir='ltr'>αύτοίς</span> <span class='ocrx_word' id='word_1_325' title='bbox 364 4211 561 4294; x_wconf 85' lang='grc' dir='ltr'>έπεβράβευσε,</span> <span class='ocrx_word' id='word_1_326' title='bbox 593 4213 627 4272; x_wconf 88' lang='grc' dir='ltr'>δι’</span> <span class='ocrx_word' id='word_1_327' title='bbox 644 4207 674 4273; x_wconf 86' lang='grc' dir='ltr'>οίι</span> <span class='ocrx_word' id='word_1_328' title='bbox 701 4213 821 4294; x_wconf 86' lang='grc' dir='ltr'>ἐπικυροῖ</span> <span class='ocrx_word' id='word_1_329' title='bbox 847 4215 881 4275; x_wconf 90' lang='grc' dir='ltr'>τά</span> <span class='ocrx_word' id='word_1_330' title='bbox 911 4218 967 4285; x_wconf 86' lang='grc' dir='ltr'>τοῖς</span> <span class='ocrx_word' id='word_1_331' title='bbox 998 4215 1101 4295; x_wconf 80' lang='grc' dir='ltr'>ῥηθεῖσι</span> <span class='ocrx_word' id='word_1_332' title='bbox 1132 4215 1266 4292; x_wconf 88' lang='grc' dir='ltr'>μοναχοῑς</span> <span class='ocrx_word' id='word_1_333' title='bbox 1296 4215 1457 4295; x_wconf 89' lang='grc' dir='ltr'>πορισθέντα</span> <span class='ocrx_word' id='word_1_334' title='bbox 1484 4211 1540 4285; x_wconf 86' lang='grc' dir='ltr'>δύο,</span> 
     </span>
     <span class='ocr_line' id='line_1_33' title="bbox 181 4317 1541 4416; baseline -0.002 -22"><span class='ocrx_word' id='word_1_335' title='bbox 181 4317 185 4328; x_wconf 60' lang='grc'><strong>’</strong></span> <span class='ocrx_word' id='word_1_336' title='bbox 243 4334 314 4394; x_wconf 84' lang='grc' dir='ltr'>ναθά</span> <span class='ocrx_word' id='word_1_337' title='bbox 338 4332 501 4414; x_wconf 82' lang='grc' dir='ltr'>δεδήλωται,</span> <span class='ocrx_word' id='word_1_338' title='bbox 525 4335 724 4416; x_wconf 85' lang='grc' dir='ltr'>χρισόβσυλλα,</span> <span class='ocrx_word' id='word_1_339' title='bbox 747 4335 867 4408; x_wconf 78' lang='grc' dir='ltr'>θεσπίζει</span> <span class='ocrx_word' id='word_1_340' title='bbox 889 4357 919 4396; x_wconf 92' lang='grc' dir='ltr'>τε</span> <span class='ocrx_word' id='word_1_341' title='bbox 948 4337 979 4396; x_wconf 84' lang='grc' dir='ltr'>τδ</span> <span class='ocrx_word' id='word_1_342' title='bbox 1003 4336 1114 4412; x_wconf 86' lang='grc' dir='ltr'>βέβαιον</span> <span class='ocrx_word' id='word_1_343' title='bbox 1144 4340 1228 4396; x_wconf 86' lang='grc' dir='ltr'>ταῦτα</span> <span class='ocrx_word' id='word_1_344' title='bbox 1254 4334 1301 4394; x_wconf 85' lang='grc' dir='ltr'>καί</span> <span class='ocrx_word' id='word_1_345' title='bbox 1332 4335 1443 4414; x_wconf 75' lang='grc' dir='ltr'>ἐνεργόν</span> <span class='ocrx_word' id='word_1_346' title='bbox 1470 4335 1541 4392; x_wconf 86' lang='grc' dir='ltr'>ἀπσ-</span> 
     </span>
     <span class='ocr_line' id='line_1_34' title="bbox 243 4455 1587 4539; baseline -0.004 -23"><span class='ocrx_word' id='word_1_347' title='bbox 243 4458 379 4538; x_wconf 85' lang='grc' dir='ltr'>ρέρεσθαι,</span> <span class='ocrx_word' id='word_1_348' title='bbox 412 4457 459 4517; x_wconf 90' lang='grc' dir='ltr'>καί</span> <span class='ocrx_word' id='word_1_349' title='bbox 485 4459 706 4539; x_wconf 82' lang='grc' dir='ltr'>παρακελεύεται</span> <span class='ocrx_word' id='word_1_350' title='bbox 737 4457 894 4530; x_wconf 88' lang='grc' dir='ltr'>ἀδιακόπως</span> <span class='ocrx_word' id='word_1_351' title='bbox 926 4457 964 4530; x_wconf 90' lang='grc' dir='ltr'>εἰς</span> <span class='ocrx_word' id='word_1_352' title='bbox 993 4458 1054 4530; x_wconf 81' lang='grc' dir='ltr'>τοὺς</span> <span class='ocrx_word' id='word_1_353' title='bbox 1085 4456 1150 4533; x_wconf 82' lang='grc' dir='ltr'>ἑξῆς</span> <span class='ocrx_word' id='word_1_354' title='bbox 1180 4459 1301 4529; x_wconf 78' lang='grc' dir='ltr'>ἅπαντας</span> <span class='ocrx_word' id='word_1_355' title='bbox 1330 4455 1379 4517; x_wconf 88' lang='grc' dir='ltr'>καὶ</span> <span class='ocrx_word' id='word_1_356' title='bbox 1409 4457 1542 4533; x_wconf 83' lang='grc' dir='ltr'>διηνεκεῖς</span> <span class='ocrx_word' id='word_1_357' title='bbox 1582 4461 1587 4476; x_wconf 88' lang='grc'><strong>“</strong></span> 
     </span>
     <span class='ocr_line' id='line_1_35' title="bbox 202 4576 1543 4660; baseline -0.001 -23"><span class='ocrx_word' id='word_1_358' title='bbox 202 4625 205 4631; x_wconf 95' lang='grc'>.</span> <span class='ocrx_word' id='word_1_359' title='bbox 242 4579 357 4658; x_wconf 84' lang='grc' dir='ltr'>χρόνους</span> <span class='ocrx_word' id='word_1_360' title='bbox 374 4579 558 4640; x_wconf 85' lang='grc' dir='ltr'>ἐπαπολοιύειν</span> <span class='ocrx_word' id='word_1_361' title='bbox 574 4579 636 4649; x_wconf 79' lang='grc' dir='ltr'>τούς</span> <span class='ocrx_word' id='word_1_362' title='bbox 659 4579 797 4656; x_wconf 82' lang='grc' dir='ltr'>μοναχσίυς</span> <span class='ocrx_word' id='word_1_363' title='bbox 812 4581 941 4660; x_wconf 89' lang='grc' dir='ltr'>καθαρῶς</span> <span class='ocrx_word' id='word_1_364' title='bbox 955 4586 1006 4656; x_wconf 80' lang='grc' dir='ltr'>τῆς</span> <span class='ocrx_word' id='word_1_365' title='bbox 1021 4601 1051 4639; x_wconf 89' lang='grc' dir='ltr'>τε</span> <span class='ocrx_word' id='word_1_366' title='bbox 1065 4583 1111 4640; x_wconf 84' lang='grc' dir='ltr'>τοῦ</span> <span class='ocrx_word' id='word_1_367' title='bbox 1126 4576 1222 4640; x_wconf 87' lang='grc' dir='ltr'>πλοίου</span> <span class='ocrx_word' id='word_1_368' title='bbox 1239 4577 1413 4652; x_wconf 78' lang='grc' dir='ltr'>ἐξνσυσσείας</span> <span class='ocrx_word' id='word_1_369' title='bbox 1428 4576 1474 4638; x_wconf 86' lang='grc' dir='ltr'>καὶ</span> <span class='ocrx_word' id='word_1_370' title='bbox 1491 4583 1543 4654; x_wconf 73' lang='grc' dir='ltr'>τῆς</span> 
     </span>
    </p>
   </div>
   <div class='ocr_carea' id='block_1_6' title="bbox 244 4695 1544 4780">
    <p class='ocr_par' dir='ltr' id='par_1_6' title="bbox 244 4695 1544 4780">
     <span class='ocr_line' id='line_1_36' title="bbox 244 4695 1544 4780; baseline -0.001 -22"><span class='ocrx_word' id='word_1_371' title='bbox 244 4699 352 4774; x_wconf 84' lang='grc' dir='ltr'>ἐτησίας</span> <span class='ocrx_word' id='word_1_372' title='bbox 371 4695 418 4758; x_wconf 81' lang='grc' dir='ltr'>καί</span> <span class='ocrx_word' id='word_1_373' title='bbox 441 4700 619 4780; x_wconf 86' lang='grc' dir='ltr'>ἀνυστερήτου</span> <span class='ocrx_word' id='word_1_374' title='bbox 634 4707 687 4759; x_wconf 91' lang='grc' dir='ltr'>τῶν</span> <span class='ocrx_word' id='word_1_375' title='bbox 710 4701 886 4759; x_wconf 87' lang='grc' dir='ltr'>τνπωθέντων</span> <span class='ocrx_word' id='word_1_376' title='bbox 911 4703 1001 4772; x_wconf 83' lang='grc' dir='ltr'>αὺτοῖς</span> <span class='ocrx_word' id='word_1_377' title='bbox 1024 4701 1192 4778; x_wconf 84' lang='grc' dir='ltr'>ἀπολήψεως</span> <span class='ocrx_word' id='word_1_378' title='bbox 1215 4701 1285 4761; x_wconf 84' lang='grc' dir='ltr'>κατὰ</span> <span class='ocrx_word' id='word_1_379' title='bbox 1308 4701 1358 4772; x_wconf 92' lang='grc' dir='ltr'>τάς</span> <span class='ocrx_word' id='word_1_380' title='bbox 1381 4699 1544 4780; x_wconf 84' lang='grc' dir='ltr'>περιλήψεις</span> 
     </span>
    </p>
   </div>
   <div class='ocr_carea' id='block_1_7' title="bbox 0 0 1596 5288">
    <p class='ocr_par' dir='ltr' id='par_1_7' title="bbox 0 0 1596 5288">
     <span class='ocr_line' id='line_1_37' title="bbox 0 0 1596 5288; baseline 0 0"><span class='ocrx_word' id='word_1_381' title='bbox 0 0 1596 5288; x_wconf 95' lang='lat' dir='ltr'> </span> 
     </span>
    </p>
   </div>
  </div>
 </body>
</html>
