3184 5288
264 327 306 393 80

264 523 302 592 ὡς
324 519 432 580 οἰκείων
455 522 626 600 σπλάγχνων
650 523 844 601 ἐπιμελήθητι,
867 523 1022 602 πρέπουσαν
1045 523 1150 600 ἑκάστῳ
1173 526 1296 603 πρόσαγε
1315 520 1361 582 καί
1377 522 1567 596 κατάλληλον

262 641 311 717 τὴν
333 641 508 722 κυβέρνησιν,
539 641 578 720 τῷ
601 639 713 721 ἰσχυρῷ,
744 641 783 720 τῷ
806 642 988 724 ταλαιπώρῳ,
1018 643 1056 722 τῷ
1079 641 1194 724 συνετῷ,
1224 641 1263 722 τῷ
1286 643 1399 722 ἀμαθεῖ,
1428 642 1467 720 τῷ
1493 644 1564 720 νέῳ,

262 762 301 841 τῷ
328 765 452 844 γέροντι·
485 763 627 840 «ἐπίστηθι
654 762 700 822 καί
728 765 848 842 αύτύςν,
877 763 1067 837 άποοτολικῶς
1094 763 1192 846 εἰπεῖν,
1224 763 1393 846 τεύκαίρως,
1422 763 1564 844 ἀκαίρως·

254 882 392 974 ἔλεγξον,
415 883 625 966 παρακάλεσον,
650 885 848 964 ἐπιτίμησον»,
876 883 1044 966 εἰρήνευσον,
1068 885 1228 966 παίδευσον,
1251 887 1398 964 συνέτισον,
1423 885 1563 960 διαίτησσν

263 1007 370 1086 ἑκάστῳ
400 1009 430 1066 τδ
459 1009 624 1088 πρόσφορον,
659 1011 730 1083 μήτε
760 1007 806 1068 διὰ
835 1005 918 1080 δόξαν
949 1009 1097 1078 ἐπιεικείας
1126 1006 1173 1068 καί
1201 1009 1352 1069 κολακείαν
1383 1008 1562 1087 έρησινχάζων

262 1131 318 1200 τοῖς
340 1127 475 1209 πταίουσι,
504 1131 574 1204 μήτε
602 1129 636 1188 δι’
664 1129 813 1208 ἀπέχθειαν
840 1132 859 1204 ἢ
886 1127 1066 1210 μικροψυχίαν
1097 1129 1265 1209 ἀνθρωπίνην
1288 1129 1404 1210 ἀκρίτως
1428 1125 1560 1200 ἐπεξιών.

262 1251 339 1324 ὑμεῖς
367 1248 411 1330 δέ,
439 1245 462 1309 ὧ
488 1251 572 1310 τέκνα
597 1249 644 1310 καί
672 1250 800 1330 ἀδελφοί,
832 1253 969 1332 τηρήσατέ
996 1273 1042 1326 μοι
1069 1251 1118 1324 τάς
1143 1251 1276 1332 πατρικὰς
1302 1251 1431 1330 ἐντολάς,
1460 1251 1560 1326 ἐπιμε-

263 1372 356 1432 λεῖσθε
388 1373 456 1451 πρδς
485 1376 541 1443 τοῖς
572 1371 671 1444 ἀλλοις
700 1373 746 1432 καί
773 1377 823 1448 τῆς
850 1371 879 1432 έν
908 1373 1001 1447 ἤθεσιν
1032 1370 1157 1446 εὐταξίας
1186 1372 1233 1432 καί
1263 1374 1454 1451 κοσμιύτητος,
1486 1373 1559 1430 ἀπο-

262 1493 442 1574 σκορακίσατε
468 1493 638 1574 ἀργολογίαν
660 1491 707 1553 καί
728 1494 842 1572 γέλωτα
865 1493 985 1575 ἀκρατῆ,
1013 1498 1145 1570 μισησατε
1169 1495 1339 1566 συνελεύοεις
1361 1494 1489 1575 ἀκαίρους
1511 1493 1559 1553 καὶ

262 1614 375 1694 φατρίας
401 1613 446 1674 καί
471 1614 589 1694 ἑταιρίας
615 1613 662 1674 καί
690 1615 792 1697 ἔριδας,
819 1613 917 1692 μηδεὶς
950 1616 1019 1675 ἔστω
1046 1616 1230 1697 λαθροφαγῶν
1252 1619 1270 1691 ἢ
1292 1617 1470 1695 λαθροποτῶν
1493 1616 1511 1689 ἤ
1536 1637 1559 1676 τι

262 1742 317 1795 τῶν
338 1743 388 1812 τῆς
416 1741 501 1812 μονῆς
524 1735 702 1812 ὁπωσδήποτε
725 1739 927 1818 νοσφιζύμενος,
951 1736 1049 1815 μηδείς
1072 1739 1196 1816 δεχέσθω
1218 1740 1335 1817 γράμμα
1357 1739 1471 1815 γνώμης
1494 1733 1559 1816 οἰτερ

261 1861 306 1916 τοῦ
336 1861 507 1937 προεστῶτος
535 1861 553 1931 ἢ
580 1855 627 1918 καί
657 1859 736 1930 ούτύς
762 1879 814 1918 που
840 1857 960 1937 κρύβδην
994 1857 1201 1939 ἀποοτελλέτω,
1233 1860 1301 1938 προς
1330 1857 1475 1933 ἀλλήλους
1506 1859 1558 1931 μὲν

262 1979 394 2053 κέκτησθε
426 1979 588 2058 σύμπνοιαν,
622 1979 783 2060 εύλάβειαν,
814 1979 1010 2060 φιλαδελφίαν,
1043 1979 1233 2060 είρηνολογίαν
1262 1977 1310 2039 καί
1343 1979 1369 2038 εἰ
1398 2001 1422 2039 τι
1455 1980 1559 2050 τούτοις

262 2099 332 2159 ἐστὶν
357 2101 500 2179 ἑπόμενον,
524 2101 592 2181 προς
615 2099 647 2160 δὲ
669 2101 731 2172 τούς
759 2102 787 2160 έν
811 2100 919 2180 Χριστῷ
940 2102 1136 2176 πνευματικσύς
1158 2102 1279 2180 πατέρας
1302 2101 1391 2178 ὑμῶν,
1414 2101 1474 2175 ἦτοι
1497 2101 1558 2170 τούς

262 2222 446 2303 ἡγουμένους,
470 2220 603 2304 εἰλικρινῆ
626 2223 672 2282 καί
696 2222 871 2304 ἀνυπόκριτον
895 2219 1005 2300 ἀγάπην
1025 2221 1071 2282 καί
1090 2223 1175 2282 πίστιν
1195 2220 1243 2282 καὶ
1262 2221 1383 2296 ύπακοὴν
1400 2220 1557 2298 διασῶζετε,

262 2341 289 2401 εἰ
313 2363 347 2420 γε
377 2343 520 2417 βούλοισθε
547 2344 685 2424 κρείττους
711 2351 868 2424 πειρασμῶν
896 2344 938 2404 ἀεὶ
965 2345 1112 2424 πεφηνέναι
1140 2342 1267 2404 καὶτῶν
1297 2348 1344 2404 τοῦ
1374 2343 1558 2418 ἀντικειμένου

263 2464 356 2537 βελῶν
379 2464 569 2544 ὑπερίπτασθαι
596 2464 664 2525 ικαὶ
687 2466 701 2524 ὁ
721 2467 784 2538 θεδς
810 2472 859 2541 τῆς
883 2465 991 2546 εἰρήνης
1017 2465 1175 2546 καταρτίσαι
1196 2467 1271 2540 ἡμᾶς
1294 2464 1334 2538 εἰς
1348 2469 1402 2524 πᾶν
1418 2466 1557 2544 ἀγαθόν»,

262 2583 308 2643 καὶ
331 2593 364 2668 τῇ
388 2587 467 2646 αὐτοῶ
488 2589 579 2667 χάριτι
602 2585 773 2662 ἀξιοθείημεν
795 2588 895 2664 ποίμνη
918 2609 948 2646 τε
971 2589 1039 2664 δμού
1061 2587 1108 2647 καί
1129 2589 1260 2664 ποιμένες
1278 2593 1327 2662 τῆς
1343 2585 1451 2646 αἰωνίου
1474 2589 1556 2662 ζωῆς,

193 2717 194 2721 ’
262 2707 302 2764 ὅτι
326 2705 397 2784 αύτῷ
420 2709 516 2787 πρέπει
538 2713 613 2768 πᾶσα
635 2705 711 2786 δόξα,
734 2709 798 2785 τιμὴ
821 2707 868 2768 καί
889 2703 1067 2788 προοκύνηοις
1091 2707 1129 2780 εἰς
1151 2710 1213 2782 τούς
1237 2706 1346 2780 αἰῶνας.
1372 2709 1444 2783 ἀμην
1460 2709 1502 2786 †·

369 2829 390 2907 †
415 2829 448 2888 ‘H
469 2831 528 2904 μέν
551 2849 600 2890 τοι
622 2833 772 2911 παρούσα
795 2827 942 2902 διάταξις
959 2831 1122 2906 ἐπιστῶθη
1143 2837 1180 2912 τῇ
1197 2829 1259 2912 ἐμῇ
1277 2829 1461 2910 αύτοχείρῳ
1477 2831 1556 2888 ύπο-

262 2955 368 3031 γραφῇ
392 2948 470 3026 μηνί
493 2945 580 3030 μαίῳ
602 2949 640 3030 η’,
665 2950 829 3023 ἰνδικτιῶνος
853 2951 897 3032 ιδ’,
921 2953 975 3012 ἔτει
999 2948 1099 3032 ,ςφίηθ
1123 2954 1144 3032 †

365 3073 386 3152 †
409 3071 449 3130 ‘0
473 3071 616 3146 εύτελὴς
638 3071 696 3132 καὶ
719 3074 919 3154 ἁμαρτωλὸς
942 3074 1091 3152 μοναχδς
1114 3072 1361 3153 Χριοτάδουλος
1383 3075 1398 3131 ὁ
1420 3073 1554 3153 Λατρη-

261 3193 316 3264 νδς
342 3193 400 3267 τὴν
427 3196 595 3274 παροῦσάν
623 3211 685 3269 μου
712 3193 866 3267 διάταξιν
897 3194 1043 3270 βεβαιῶν
1073 3192 1309 3272 οἰκειοχείρως
1338 3195 1554 3274 ύπέγραύαβ

365 3322 475 3374 Primus
493 3323 582 3376 edidit
605 3323 752 3392 Ephraim,
780 3323 925 3377 monachus
953 3323 1130 3397 Αίίιειτίειτεάε,
1157 3325 1186 3376 in
1211 3323 1305 3376 libro:
1332 3315 1436 3390 Βίβλος
1461 3317 1553 3394 περιέ-

261 3455 348 3512 χουσα
374 3437 493 3508 κανόνας
519 3443 639 3516 μερικῶν
666 3457 744 3497 τινων
772 3437 872 3518 ἁγίων,
904 3437 932 3496 ἐν
959 3432 1149 3521 ᾖπροσετέθη
1178 3438 1246 3516 τύχη
1274 3459 1314 3509 τις
1340 3442 1386 3497 τοῦ
1412 3438 1553 3513 Συμεῶνος

262 3555 307 3615 διὰ
337 3557 436 3635 στίχων
468 3556 507 3630 εἰς
535 3560 583 3634 τὴν
614 3557 749 3639 παναγίοιν
779 3559 876 3638 τριάδα
910 3557 956 3620 καὶ
988 3561 1069 3640 ἑτέρα
1099 3559 1182 3640 μικρὰ
1213 3557 1252 3629 εἰς
1281 3562 1326 3619 τδν
1358 3559 1448 3638 κύριον
1478 3560 1552 3634 ἡμῶν

262 3678 367 3754 Ἰησοῦν
391 3680 505 3760 Χριοτδν
535 3679 583 3740 καί
613 3681 637 3740 οί
667 3680 710 3740 κδ’
755 3677 812 3741 ίκτι
846 3686 893 3742 τοῦ
923 3682 1056 3761 παναγίου
1087 3685 1199 3761 σταυρού
1229 3681 1299 3758 μετὰ
1328 3680 1374 3740 καὶ
1403 3685 1552 3761 προτροπῆς

261 3819 331 3868 τινος
353 3801 421 3880 προς
443 3801 504 3872 τούς
529 3802 556 3861 έν
580 3803 682 3882 Κύκκῳ
704 3805 824 3883 πατέρας
850 3804 1039 3864 πολιτεύεσθαι
1066 3803 1137 3863 κατά
1159 3806 1207 3879 τὴν
1230 3803 1357 3884 ῥηθεῖσαν
1380 3804 1549 3863 ὑποτύπωσιν.

262 3921 300 3980 ἔτι
323 3922 370 3980 καί
391 3943 451 3981 τινα
477 3925 607 4003 τροπάρια
630 3924 812 3983 κατανυκτικὰ
839 3927 909 4000 μετὰ
930 3931 1010 4005 τριῶν
1031 3925 1246 4004 παρακλητικῶν
1269 3927 1400 3984 κανόνων.
1433 3931 1549 3999 Veneti&³

259 4050 323 4103 Aut.
349 4050 473 4122 Βανίοίί,
506 4053 599 4105 1756.
629 4053 730 4106 Iterum
765 4071 797 4106 τοο
829 4053 990 4122 τωοτιιρίανί,
1022 4055 1093 4124 quod
1123 4059 1210 4106 exstat
1239 4054 1267 4106 ιἰτ
1297 4054 1354 4106 cod.
1387 4053 1550 4106 bibliothecae

260 4173 379 4225 coenobii
405 4171 434 4226 S.
460 4173 573 4226 Ιοαιτιιίο
595 4176 623 4226 in
653 4174 744 4229 ιῖιιοτιία
775 4175 871 4228 Ραθιιιο
900 4175 968 4229 Ντο.
994 4175 1057 4228 267
1086 4173 1273 4244 (archetypum
1302 4175 1468 4245 deperditum
1494 4177 1548 4244 τινί),

262 4293 377 4346 Ioannes
410 4292 553 4348 Sakkelion
584 4297 612 4348 ιἰι
643 4297 735 4350 lano:
765 4288 926 4350 Ἀκολουθία
958 4286 1017 4369 ἱερὰ
1045 4294 1092 4350 τού
1122 4289 1193 4349 ὁσίου
1222 4287 1269 4349 καὶ
1298 4290 1427 4370 θεοφόρου
1456 4290 1548 4368 πατρος

259 4406 339 4482 ἡμῶν
355 4407 578 4486 Χριστσυδούλου.
603 4407 734 4482 Ἔκδοσις
755 4411 829 4491 τρίτη
845 4412 985 4491 Κυριλλου
1008 4411 1191 4490 ἰεροδιακόνου
1206 4405 1299 4486 Βοίνη.
1324 4417 1443 4487 Athenis,
1462 4419 1545 4471 1884,

254 4551 287 4603 p.
314 4535 362 4588 63.
