3186 5286
244 345 308 410 378

244 547 294 614 τῆς
313 545 399 615 μονῆς
417 542 478 612 τους
502 541 684 614 ἀτακταίατας
705 541 753 602 καί
775 543 837 612 τοὺς
861 543 1053 620 ἐκνευροῦντας
1074 543 1136 613 τοὺς
1158 547 1379 622 μετερχομένως
1400 547 1432 604 τ“ο
1455 543 1532 604 ἆθλον

243 666 294 736 τῆς
313 661 458 736 ἀσκήσεως
475 657 524 722 καί
543 663 583 738 μὴ
602 665 789 736 πειθομένους.
816 665 983 724 τελευταῖον.
1008 665 1054 724 διὰ
1072 671 1166 738 κοινῆς
1181 667 1268 724 αὐτιῖνν
1291 667 1429 745 ἀναροριῐς
1451 667 1531 744 ἀναγ-

245 783 362 861 γέλλειν
383 789 418 864 τῇ
443 784 587 866 ἐκκλησίᾳ.
611 785 719 862 ἐγθοον.
743 783 842 862 μηδείς
863 791 910 846 τοῦ
932 787 1110 864 μονκστηρίσυ
1130 787 1223 846 τσΰτσυ
1246 786 1355 862 δίνηται
1376 793 1424 847 τοῦ
1445 789 1533 847 λοιποῦ

244 903 349 964 πωλεῖν
376 907 594 985 μο·ιαοτηριακ“ον
620 906 795 967 1ἀποστατιιι,“σν
823 908 887 967 ἀνευ
913 913 961 983 τῆς
988 907 1104 982 νομίμου
1131 905 1263 982 είθησεως
1284 912 1332 968 τοῦ
1353 909 1425 968 κατὰ
1446 911 1533 988 καρσν

246 1023 431 1101 οἰκουμενινοῦ
457 1029 634 1108 πατριάρχου,
664 1028 689 1088 εί
715 1030 754 1104 μὴ
782 1031 864 1103 μένον
890 1029 940 1100 τάς
961 1031 1023 1088 κατ’
1047 1030 1107 1100 ἔτος
1130 1029 1292 1110 ἐπικαρπίας
1313 1031 1359 1089 καί
1382 1031 1416 1089 τά
1438 1035 1533 1110 γεννή-

247 1168 322 1222 ματα
343 1147 389 1208 καὶ
411 1150 445 1208 τά
467 1151 671 1230 μοναστηριακά
692 1152 837 1230 θρέμματα
860 1151 904 1211 ἐιά
926 1151 974 1222 τάς
997 1151 1150 1228 ἀναγκαίας
1173 1153 1259 1210 αὐτῶν
1282 1153 1388 1232 γρείας.
1422 1153 1532 1212 ἐννττον.

248 1269 357 1328 ἐπειάἀν
382 1269 409 1328 ἐν
430 1269 513 1352 γρείρ
534 1271 704 1350 χειροτονίας
726 1275 869 1352 γένωνται,
894 1275 994 1350 ἔχωσιν
1016 1273 1112 1332 ἀθειαν
1133 1273 1301 1353 προσκαλεῖν
1325 1272 1364 1344 εἰς
1379 1275 1410 1333 τ“ο
1425 1295 1533 1353 σταυρο-

244 1394 381 1467 τηγιακον
410 1393 490 1468 ἡμῶν
519 1398 596 1453 τοῦτο
631 1397 820 1476 μονασπηριον,
853 1397 884 1453 ἓν
913 1398 946 1454 ἂν
976 1396 1129 1470 βοΰλωνται
1158 1393 1213 1454 τῶν
1245 1395 1396 1475 ἀρχιερέων
1427 1396 1534 1475 ρέροντα

247 1513 383 1594 ἔγγραφον
408 1514 501 1574 άθειαν
522 1516 721 1595 πατριαρρικην
743 1515 790 1576 καί
812 1517 955 1592 συνοδικὴν
980 1516 1022 1576 ἐπὶ
1044 1516 1084 1594 τῷ
1107 1517 1232 1576 ἐκτελεῖν
1255 1516 1337 1593 αὐτὴν
1360 1517 1432 1591 μετὰ
1453 1521 1534 1592 πάσης

245 1641 294 1710 τῆς
321 1641 467 1710 κανονικῆς
494 1639 718 1718 παρατηρήσεως.
751 1638 865 1698 δέκατον
889 1639 920 1698 θέ
942 1638 988 1697 καί
1011 1639 1177 1698 τελευταῖον.
1202 1637 1346 1716 ἐρειλωσιν
1370 1639 1395 1698 σί
1419 1639 1448 1697 ἐν
1471 1639 1535 1716 αὐτῷ

247 1760 456 1834 ουναπκοίμενοι
482 1762 600 1839 πατέρες
628 1761 769 1838 φυλάττειν
796 1761 830 1818 τὰ
858 1762 886 1820 ἐν
912 1762 951 1839 τῷ
977 1762 1088 1837 παρέντι
1111 1761 1255 1819 ἐκτεθέντα
1278 1761 1474 1840 ἀπαράτρεπτα
1495 1761 1534 1819 καὶ

247 1880 411 1958 ἀπαρίβατα
434 1881 479 1941 διὰ
504 1883 614 1960 παντός,
641 1881 781 1942 πείθεσθαι
807 1881 846 1960 τῷ
872 1882 943 1941 κατά
970 1883 1081 1961 καιροὺς
1102 1883 1259 1962 ἡγουμένῳ,
1288 1881 1393 1958 διάγειν
1421 1881 1534 1960 σεμνῶς,

247 1999 390 2082 είρηνινκῖνς
417 2001 463 2061 καὶ
491 2003 657 2084 ἀμέμπτως,
688 2003 877 2078 ποιμαίνοντες
903 2009 1092 2078 πνευματικῶς
1120 2004 1182 2074 τοὺς
1210 2004 1239 2061 ἐν
1262 2010 1296 2083 τῇ
1319 2007 1394 2080 νήσῳ
1416 2023 1534 2082 χριοτια-

245 2123 307 2195 νους
329 2123 376 2184 καὶ
398 2125 447 2195 τὰς
471 2125 592 2203 ἐκλογὰς
614 2133 668 2185 τῶν
690 2127 851 2204 ἡγουμένων
874 2131 1013 2198 ποιοῦντες
1036 2128 1112 2200 μένοι
1134 2127 1197 2184 καθ’
1222 2126 1332 2196 ἐαυτους
1355 2125 1380 2184 οἱ
1404 2123 1534 2204 εἰρημένοι

245 2248 376 2325 πατέρες,
408 2245 455 2306 καί
485 2246 583 2321 μηθεὶς
615 2247 657 2306 ἐπὶ
687 2246 829 2330 φιλοδοξία
859 2250 999 2328 ίραρπάζῃ
1029 2247 1077 2322 την
1106 2247 1288 2326 ἠγουμενίαν,
1320 2247 1400 2306 ἀλλά
1431 2245 1536 2324 διάγοντι

245 2366 316 2426 κατὰ
343 2369 389 2428 τον
412 2369 474 2448 ὅρον
495 2373 542 2428 τοῦ
564 2371 710 2448 κτητορσς,
738 2369 872 2442 ευλαβοῦς
897 2375 1021 2446 μοναχοῦ
1042 2368 1252 2449 Χριστοδοθλου,
1275 2367 1323 2427 καὶ
1346 2367 1370 2426 εί
1396 2369 1493 2447 ἐφθασέ
1513 2389 1534 2424 τι

245 2492 374 2568 γενέσθαι
396 2495 414 2564 ἡ
437 2493 581 2568 γενήσεται
611 2487 665 2562 ἔξω
692 2497 746 2550 τῶν
773 2491 995 2568 διατεταγμένων
1021 2491 1109 2549 τίπων
1131 2493 1178 2549 τοῦ
1200 2491 1330 2569 ῥηθέντος
1357 2487 1432 2568 ἱεροῦ
1455 2509 1536 2564 μονα-

248 2611 354 2693 οτηρίου
376 2617 394 2686 ἢ
416 2612 538 2672 καθόλου
565 2615 584 2688 ἢ
612 2613 640 2671 ἐν
668 2614 760 2691 μέρει,
788 2613 886 2691 ἀκύρου
913 2613 1041 2686 μένοντος
1070 2611 1174 2670 ἐκείνου
1200 2613 1288 2682 πάντη
1315 2609 1362 2669 καὶ
1391 2611 1537 2689 ἀνισχίρου,

247 2732 294 2792 καί
324 2733 353 2792 ἐν
379 2735 439 2804 ταῖς
473 2733 558 2813 ίεραῐς
588 2733 763 2804 ἀκολουθίαις
795 2733 982 2812 διαφυλάττειν
1012 2734 1060 2806 τήν
1092 2728 1209 2810 ἀρχαίαν
1242 2731 1403 2790 διατύπωσιν
1434 2728 1537 2810 ἀπαρά-

246 2875 369 2934 τρεπτον.
405 2857 477 2927 ὅστις
505 2853 535 2915 δὲ
558 2854 604 2915 καί
632 2857 723 2927 ὁποῖος
753 2862 806 2914 τῶν
837 2861 1008 2935 χριοτιανῶν,
1039 2853 1188 2934 ίερωμένος
1214 2857 1232 2926 ἢ
1261 2855 1370 2933 λαϊκός,
1399 2853 1538 2912 ὁποιασοῦν

247 2974 352 3051 τάξεως
374 2975 420 3036 καί
445 2978 551 3062 βαθμοῦ
572 2978 706 3052 τολμήσει
729 2977 885 3057 παραβῆναι
908 2978 1029 3036 ὁπωσοῦν
1051 2977 1085 3034 τά
1109 2976 1138 3034 ἐν
1159 2974 1197 3054 τῷ
1216 2977 1328 3055 παρέντι
1351 2974 1478 3050 νομίμως
1500 2972 1538 3032 καὶ

247 3105 397 3170 κανονικῶς
420 3100 607 3178 ἀποοανθέντα
629 3097 676 3158 καὶ
700 3099 849 3178 ἀνατρέψαι
868 3119 893 3157 τι
915 3103 969 3156 τῶν
992 3099 1118 3176 ἀνωτέρω
1141 3097 1428 3176 καταγεγραμμένων,
1453 3097 1467 3155 θ
1489 3116 1538 3154 τοι·

248 3227 325 3294 οὗτος
358 3222 543 3300 άηωριομένος
574 3219 614 3296 εἴη
648 3219 695 3280 καὶ
724 3223 915 3300 κατηραμένος
948 3217 995 3278 καὶ
1025 3218 1221 3298 ἀσυγριῖνρητος
1250 3217 1297 3276 καί
1328 3218 1400 3292 μετὰ
1431 3221 1537 3278 θάνατον

249 3344 347 3416 ἀλυτος
373 3343 420 3402 καὶ
446 3345 547 3414 πάσαις
573 3345 632 3413 ταῖς
659 3345 801 3421 πατρικαῖς
828 3340 874 3401 καὶ
902 3341 1052 3411 συναδικαῑς
1080 3341 1159 3420 ἀραῖς
1180 3340 1325 3411 ὑπεύθυνος
1347 3338 1397 3398 καί
1419 3339 1538 3406 ὑπόδικος

248 3462 296 3523 καὶ
326 3464 422 3540 ἔνοχος
452 3461 491 3541 τῷ
523 3461 622 3542 αἰωνίῳ
651 3463 712 3543 πυρὶ
742 3470 791 3540 τῆς
813 3464 937 3541 γεέννης.
973 3463 1035 3522 ὅθεν
1066 3459 1105 3531 είς
1137 3458 1249 3532 ἔνδειξιν
1279 3458 1326 3518 καὶ
1354 3460 1469 3535 διηνεκῆ
1498 3461 1538 3531 τὴν

250 3583 403 3664 ἀσφάλειαν
431 3584 541 3663 ἐγένετο
568 3583 615 3643 καὶ
640 3587 671 3643 τ“ο
699 3587 784 3665 παρὀν
807 3585 941 3664 ἡμέτερον
968 3585 1172 3664 πατριαρχικίν,
1201 3581 1341 3641 συνοθικον
1370 3579 1539 3661 σιγιλλιῶθες

251 3705 280 3764 έν
311 3701 483 3785 μεμβράναις
505 3709 630 3785 γράμμα,
661 3705 850 3786 καταοτρωθέν
878 3705 929 3764 κάν
956 3703 994 3783 τῷ
1021 3703 1086 3784 ἱερῷ
1112 3703 1209 3762 κώδικι
1236 3709 1286 3777 τῆς
1312 3704 1377 3762 καθ’
1401 3705 1474 3780 ἡμᾶς
1498 3703 1538 3758 τοί

249 3827 364 3906 Χριστοῦ
392 3826 521 3906 μεγάλης
548 3826 699 3902 ἐκκλησίας
726 3825 764 3904 τῷ
792 3826 834 3886 ἐπ’
859 3824 932 3904 αυτῷ
961 3827 1045 3904 τοθτῳ
1077 3825 1235 3904 διορισθέντι
1265 3823 1312 3883 καὶ
1343 3824 1426 3898 ἐδέθη
1454 3821 1491 3894 είς
1511 3823 1536 3878 το

250 3949 331 4027 ῥηθὲν
361 3951 547 4026 μοναστηριον.
584 3949 616 4008 ἐν
648 3950 714 4008 ἔτει
744 3947 895 4028 σωτηρίῳ
928 3945 1092 4026 χιλιοοτῷ
1127 3945 1378 4022 έπτακοσιοστῷ
1412 3946 1536 4016 ἐννενη-

249 4070 355 4148 κοστῷ
378 4069 526 4150 ἑβδόμῳ,
549 4071 634 4130 κατὰ
657 4076 744 4146 μῆνα
766 4069 960 4150 θκτώβριον,
985 4069 1218 4143 ἐπινεμήοεως
1240 4069 1384 4147 πρώτης.
1409 4069 1430 4147 †

352 4192 587 4270 †I'pn*sbpt0;,
621 4191 708 4271 ἐλέῳ
739 4193 813 4251 θεοῦ
846 4190 1111 4272 ἀρχιεπίσκοπος
1138 4190 1535 4260 Κωνσταντινουπίλεως,

249 4313 339 4384 Νέας
362 4313 503 4393 Ῥώμης,
527 4312 582 4372 καί
605 4311 840 4389 οἰκουμενικος
861 4316 1079 4391 πατριάρχης.
1104 4313 1125 4390 †

248 4434 327 4508 †·0
350 4433 485 4513 Ἐρέσου
507 4435 677 4510 Σαμουὴλ.
703 4437 723 4514 †
924 4427 1001 4512 †‘0
1032 4431 1266 4508 Νικομηδείας
1297 4427 1536 4502 Ἀθαναίαιοςὶ

250 4557 271 4634 †
296 4557 330 4614 Ὀ
356 4555 560 4635 Ἡρακλείας
584 4555 761 4626 Μελέτιος.
787 4557 807 4634 †
923 4555 943 4632 †
967 4555 1001 4612 ‘0
1025 4553 1250 4627 Χαλκηδόνος
1273 4554 1450 4632 Ἱερεμίας.
1474 4551 1494 4627 †

250 4679 271 4758 †
295 4677 329 4734 ‘0
354 4675 496 4747 Κυζίκου
520 4675 689 4750 Ἰωακείμ.
714 4677 734 4756 †
923 4679 943 4756 †
967 4677 1001 4732 ‘0
1026 4677 1158 4755 Δέρκῳν
1182 4676 1367 4754 Μακάριος.
1393 4676 1413 4750 †
