3228 5294
1337 323 1380 388 55

183 515 333 593 ήΛέων,
358 518 554 596 μάγιστρος,
577 517 693 597 κριτὴς
714 521 770 578 τοῦ
793 516 901 592 βήλου
923 515 979 577 καὶ
1002 519 1109 596 μέγας
1131 519 1379 597 χαρτουλάριος

87 644 137 698 τοῦ
157 657 254 718 σεκρε
241 639 315 698 ἑτοῦ
337 641 393 698 τοῦ
413 639 601 718 γενικοῦ,ό
624 635 844 713 Ἑξαμιλίτης
866 639 896 718 †.

181 759 332 836 ήιίέων,
362 761 560 840 μάγιστρος,
587 760 703 840 κριτὴς
728 765 784 822 τοῦ
811 761 919 836 βήλου
940 757 1380 842 καὶμέγαςχαρτουλάριος

84 884 134 940 τοῦ
154 883 287 957 γενικοῦ
308 880 509 962 λογοθέτου,
532 882 547 942 ό
571 881 805 962 Καράμαλλος
827 883 857 961 ή.

181 999 406 1082 Κατεστρώθη
430 1003 528 1082 ἐντῷ
552 1004 698 1084 σεκρέτῳ
729 1009 787 1063 τοῦ
813 1007 1050 1083 στρατιωτικοῦ
1079 1004 1264 1084 λογοθέτου
1294 990 1386 1064 κατόιΙ

84 1126 131 1183 τόν
153 1126 249 1200 μάίὀν
273 1129 361 1200 μῆνα
383 1129 441 1200 τῆς
462 1125 633 1204 παρούσης
656 1121 700 1184 ια’
725 1123 948 1197 ἰνόικτιῶνσς.

179 1245 200 1324 †
223 1246 260 1304 Ὀ
283 1247 469 1326 μάγιστρος
491 1245 641 1320 Νικήσας
663 1242 719 1306 καὶ
741 1247 979 1326 στρατιωτικός
1001 1246 1189 1324 λογοθέτης
1211 1247 1242 1325 †.

178 1367 198 1444 †
221 1365 409 1446 Νικόλαος,
433 1366 753 1448 πρωτοβεστάρχης,
781 1368 890 1445 μέγας
912 1367 1163 1448 χαρτουλάριος
1184 1365 1240 1428 καὶ
1262 1369 1377 1448 κριτὴς

84 1487 131 1548 ἐπὶ
152 1493 206 1550 τοῦ
229 1488 452 1570 ἱπποδρόμου,
475 1489 491 1546 ό
512 1489 670 1569 Ζωναράς
693 1489 722 1566 †.

102 1592 105 1599 ¹
178 1611 453 1688 ήἈναστάσιος,
479 1609 717 1689 πρωτοβέστης
746 1607 802 1670 καὶ
827 1609 1077 1694 χαρτουλάριος
1102 1615 1157 1672 τοῦ
1184 1631 1374 1692 στρατιωτι-

84 1736 136 1792 κοῦ
156 1731 355 1812 λογοθὲτου,
378 1733 393 1790 ό
417 1731 619 1806 Ματζσῦκης
641 1733 671 1810 †.

178 1854 198 1931 †
221 1853 406 1932 Νικόλαος,
429 1854 678 1934 χαρτουλάριος
697 1857 753 1913 τοῦ
769 1857 1007 1932 στρατιωτικοῦ
1030 1853 1228 1936 λογοθέτου,
1251 1855 1374 1914 όΧαλ-

84 1975 214 2050 κοῦτζης
235 1975 266 2052 †.

178 2103 330 2174 Εαενιηιίαν
351 2104 428 2158 Hor.
448 2121 499 2158 τινα
524 2105 574 2158 60.
598 2095 640 2170 ς’.

305 2389 414 2455 XVII.
439 2387 666 2473 6596-1088,
690 2410 801 2454 mense
823 2397 970 2473 augusto,
993 2387 1058 2453 ind.
1075 2387 1134 2454 XI.

86 2555 206 2610 Nicotaus
225 2556 350 2626 Rama,
366 2571 459 2608 οιαιον
477 2554 623 2624 Cycladum
639 2553 801 2624 ιἰιιιιίαιυιη,
819 2555 895 2608 ιάιιυ
915 2553 1087 2624 imperatoris
1105 2553 1223 2608 όνιιαίσαι
1246 2553 1373 2606 Ραιιιιιωιι

517 2659 603 2712 tradit
626 2657 726 2712 Sancto
750 2658 927 2712 ίῦνόιίσάυίσ.

182 2809 226 2868 Τό
249 2807 320 2868 ἴσον
342 2812 397 2869 τοῦ
418 2813 602 2888 πρακτικοῦ
624 2814 682 2885 τῆς
704 2808 921 2888 παραδόσεως
944 2813 1001 2884 τῆς
1023 2811 1121 2884 νήσου
1144 2808 1288 2884 Πάτμου.

176 2948 314 3038 ήΚατόι
346 2949 401 3008 τόν
436 2947 563 3008 ἱοῦλιον
597 2953 685 3022 μῆνα
717 2952 777 3023 της
811 2947 1039 3024 ἐνισταμένης
1072 2944 1257 3022 ἑνδεκάτης
1287 2945 1371 3008 ίνδι-

85 3075 210 3142 κτιιῦνος
232 3073 288 3130 τοῦ
312 3067 443 3152 ,ςφίηςά
468 3070 561 3140 ἔτους
585 3069 710 3144 όνταλμα
734 3067 902 3148 ἐνεχειρίσθη
926 3065 987 3143 ἐμοὶ
1011 3067 1149 3149 Γεωργίιρ,
1178 3068 1295 3146 διακόνῳ
1323 3073 1372 3144 τῆς

85 3194 123 3249 τοῦ
143 3192 202 3252 θεοῦ
225 3192 356 3270 μεγάλης
380 3189 531 3266 ἐκκλησίας
553 3189 600 3250 καί
622 3188 875 3272 πρωτοσυγκέλλῳ,
898 3187 936 3269 τῷ
963 3189 1102 3270 Γρανσίτῳ,
1129 3189 1204 3269 παρὰ
1230 3187 1372 3250 Νικολάου

85 3309 227 3392 μαγίστρου,
250 3316 342 3392 κριτοῦ
365 3311 412 3372 καὶ
435 3313 617 3392 ἀντιγραφέως
640 3317 692 3372 τῶν
719 3311 875 3374 Κυκλάδων
903 3313 1003 3391 νήσων,
1031 3316 1077 3372 τοῦ
1102 3312 1220 3391 Τζάνζη,
1243 3313 1371 3394 περιέχον

85 3433 140 3512 ,πρὸς
159 3436 216 3506 τοῖς
240 3433 340 3506 ἄλλοις
363 3431 411 3494 καὶ
433 3435 482 3508 τὴν
504 3435 672 3514 πεμφθεῖσαν
701 3433 773 3513 αὐτῷ
800 3433 874 3494 θείαν
902 3430 948 3492 καὶ
977 3434 1207 3513 αῦτοκρατορικὴν
1235 3434 1371 3514 ἔγγραφον
1421 3427 1427 3436 ’

83 3553 212 3632 πρόσταξιν
227 3554 291 3635 περὶ
306 3561 356 3631 τῆς
372 3555 587 3636 άναμετρήσεως
608 3561 657 3631 τῆς
680 3557 762 3630 νήσου
778 3555 890 3630 Πάτμου
913 3552 959 3614 καὶ
982 3561 1031 3630 τῆς
1053 3555 1121 3634 πρός
1142 3556 1188 3614 τόν
1210 3557 1371 3631 τιμιόνιατον

84 3679 190 3755 μοναχόν
221 3679 302 3757 κυρόν
332 3677 534 3756 Χριστόδουλον
564 3676 611 3736 καὶ
641 3677 797 3754 ήσυχαστὴν
828 3674 875 3736 καὶ
905 3677 935 3734 τό
969 3677 1053 3755 μέρος
1085 3677 1164 3736 αῦτοῦ
1193 3674 1371 3760 παραδόσεως

87 3798 162 3878 αἰτής,
186 3797 246 3859 ἐπεὶ
268 3799 344 3858 θείαν
368 3798 414 3858 καὶ
438 3799 584 3874 βασιλικὴν
606 3793 751 3878 πρόσταξιν
776 3793 925 3874 ἐδεξάμην,
949 3796 1182 3872 διακελευομένην
1205 3799 1294 3868 αὐτοῖς
1317 3797 1370 3878 ρή-

85 3937 150 3992 μαοιν
171 3893 270 3993 όῦτως·

171 4045 192 4124 †
218 4043 274 4102 «Ἡ
295 4041 424 4116 βασιλεία
445 4063 496 4118 μου
518 4039 699 4118 αἰτησαμένου
719 4044 764 4100 τοῦ
787 4035 987 4112 εῦλαβεστάτου
1007 4041 1131 4118 μοναχοῦ
1150 4036 1197 4098 καὶ
1216 4041 1370 4118 ήσυχαστοῦ

85 4169 150 4244 κνρσῦ
174 4164 378 4244 Χριστοδοῦλου
408 4168 454 4224 τοῦ
482 4164 636 4244 Λατρηνοῦ,
665 4163 735 4222 ὥστε
762 4157 795 4221 τόι
818 4160 868 4236 μὲν
893 4161 922 4222 ἐν
945 4166 978 4240 ιῇ
1001 4165 1076 4240 νήσῳ
1100 4159 1152 4240 Κῷ
1176 4160 1249 4240 αθτῷ
1271 4161 1368 4242 διαφέ-

87 4304 159 4366 ροντα,
177 4289 227 4346 όσα
250 4287 285 4362 δη
301 4307 348 4346 και
371 4277 415 4346 οἷα
438 4285 603 4361 δθενδήποτε
627 4280 730 4363 αῦτῷ
721 4284 953 4363 προσαρμόζουσα
955 4281 1047 4382 ,ἀφόρ
1051 4281 1213 4362 ισθῆναιτῳ
1233 4282 1368 4391 δημοσίῳ

89 4404 223 4487 δωρηθῆναι
247 4407 279 4468 δὲ
303 4405 376 4487 αθτῷ
399 4427 447 4482 την
471 4407 541 4482 όλην
564 4412 646 4484 νῆσον
670 4405 783 4481 Πάτμον
809 4403 881 4464 κατὰ
903 4377 1079 4484 ἀναφαίρετον
1103 4403 1228 4464 δεσποτε’
1203 4425 1272 4485 ειαν,
1297 4405 1368 4480 ἐπή-

88 4547 149 4588 κουσε
177 4537 225 4606 της
256 4528 391 4606 αἰτήσεως
422 4531 501 4590 άατοῦ
528 4526 575 4588 καὶ
604 4527 763 4608 ἐδωρήσατο
787 4525 825 4606 τῷ
847 4526 958 4604 τοιούτῳ
981 4525 1027 4584 διὰ
1048 4525 1254 4606 χρυσοβοῦλλαν
1277 4526 1365 4605 λόγου

89 4647 125 4722 τήν
153 4652 323 4727 δηλωθεῖσαν
358 4655 451 4728 νῆσον,
485 4650 558 4711 καθὰ
592 4650 626 4724 δὴ
660 4646 707 4710 καὶ
739 4648 869 4730 ᾐτήσατο.
904 4648 965 4708 ὅθεν
997 4645 1043 4707 καὶ
1074 4645 1218 4728 διορίζεταί
1247 4669 1289 4709 σοι
1317 4647 1367 4723 τὴν
