3160 5292
264 355 327 421 206

264 557 350 627 μονῆς
371 555 421 626 τῆς
442 551 513 611 κατὰ
533 551 582 626 τἠν
604 557 686 626 νῆσον
708 553 820 628 Πάτμον
840 551 1014 630 διακειμένης
1036 553 1083 612 καὶ
1106 555 1149 616 ἐπ’
1173 556 1286 632 όνόματι
1307 561 1354 616 τοῦ
1375 555 1549 636 ἠγαπημένοι

263 675 384 751 μαθητοῦ
408 673 455 734 καὶ
480 675 615 754 παρθένου
641 679 687 736 τοῦ
710 673 853 753 θεολόγον
880 675 927 736 καὶ
957 677 1153 756 εὐαγγελιστοῦ
1180 679 1308 739 Ἰωάννου
1337 679 1385 739 καὶ
1412 679 1549 759 ἱδρυμένης

262 793 309 855 καὶ
335 797 507 875 τιμωμένης,
535 797 574 869 ὡς
600 798 650 858 οῦκ
675 797 753 858 ἐᾶται
774 798 848 878 παρὰ
870 803 918 858 σοῦ
939 801 1067 878 κατέχειν
1089 799 1130 872 εἰς
1153 802 1279 879 μετόχιον
1301 801 1350 876 τἠν
1373 800 1419 862 ἐπὶ
1440 821 1548 881 σταυρο-

261 916 352 997 τηγίῳ
386 922 436 994 της
469 922 521 994 σῆς
553 918 702 994 ἐπισκοπῆς
725 919 917 999 ἀνεγερθεῦσαν
947 923 1042 1002 μονην,
1074 921 1117 980 ἐπ’
1147 922 1258 996 όνόματι
1288 921 1320 982 δὲ
1351 927 1398 982 τοῦ
1427 923 1549 1004 Σωτῆρος

260 1040 417 1116 τιμωμένην
432 1039 557 1120 Χριστοῦ,
573 1039 621 1116 τὴν
640 1038 687 1100 καί
709 1042 761 1121 πρὸ
784 1040 879 1120 όλίγου
900 1042 1101 1124 παραδοθεῖσαν
1123 1042 1196 1122 αθτῷ
1218 1044 1292 1124 παρὰ
1314 1048 1360 1104 τοῦ
1383 1042 1484 1105 οἰκείου
1504 1051 1549 1120 της

214 1186 218 1199 ·
261 1161 456 1238 εὐοεβεστάτης
479 1161 638 1242 αῦγοόστης,
664 1165 711 1222 τοῦ
733 1163 885 1244 Μαγκαρᾶ,
913 1162 981 1225 ἀλλ’
1004 1165 1037 1224 ἐκ
1058 1165 1157 1240 ταύτης
1179 1165 1363 1226 ἀποδιῶκεται
1388 1169 1546 1247 προφασιζο-

261 1285 347 1359 μένης
372 1289 423 1359 της
449 1289 499 1362 τῆς
525 1283 680 1363 θεοφιλίας,
707 1285 746 1356 ῶς
773 1286 822 1346 οῦκ
849 1282 936 1358 ἔξεστι
966 1292 1000 1368 τῇ
1026 1293 1209 1370 πατριαρχικῇ
1240 1293 1310 1369 μονῇ
1335 1292 1383 1349 τοῦ
1410 1286 1547 1366 Θεολόγου

262 1405 403 1484 ἔχειντὴν
424 1402 469 1465 ἐπὶ
488 1405 677 1485 σταυροτημῳ
698 1411 748 1482 τῆς
770 1405 921 1486 ἐπισκοπῆς
943 1407 1135 1489 ἀνεγερθεῖοαν
1158 1411 1254 1490 μανόν,
1277 1409 1323 1469 διά
1344 1411 1374 1470 τδ
1397 1405 1467 1470 εἶναι
1485 1411 1546 1468 ταί-

259 1547 307 1604 την
333 1527 382 1588 καὶ
407 1529 441 1588 τὰ
468 1528 512 1588 ὑπ’
536 1528 618 1604 αὐτὴν
647 1531 774 1604 κτημαια
805 1527 853 1590 καὶ
882 1532 998 1609 μετόχια
1029 1529 1215 1592 ὠτοδέσποτά
1239 1551 1271 1592 τε
1299 1530 1347 1592 καί
1372 1532 1436 1592 καθ’
1460 1534 1546 1608 έαποὶ,

259 1651 298 1726 μὴ
324 1654 398 1730 παρά
420 1671 492 1724 τινος
517 1657 571 1710 τῶν
598 1651 740 1730 ἐγχωρίων
767 1652 920 1712 ἐπισκόπων
946 1659 1136 1728 πνευματικῶς
1163 1653 1379 1729 έπισκεπτόμενα
1407 1652 1455 1714 καί
1481 1655 1546 1714 ἀνα-

257 1773 405 1852 κρινόμινα
438 1773 505 1833 ἀλλ’
528 1775 546 1847 ἢ
568 1772 644 1854 παρὰ
665 1773 748 1848 μόνου
770 1776 816 1832 τοῦ
837 1775 1044 1853 καθηγουμένου
1065 1781 1114 1852 τῆς
1135 1779 1182 1836 τοῦ
1203 1772 1349 1854 θεολόγου
1371 1781 1466 1852 μονῆς.
1490 1777 1547 1834 ὅθεν

258 1893 305 1954 καὶ
332 1893 477 1977 διορίζεταί
498 1915 540 1954 σοι
565 1896 584 1972 ἠ
614 1896 756 1975 μετριότης
778 1897 857 1970 ημῶν
885 1896 1013 1973 ἐκστῆναι
1035 1902 1084 1973 τῆς
1106 1898 1231 1973 τοιαῦτης
1254 1899 1433 1976 προφάσεως·
1456 1897 1547 1957 πολλὰ

259 2017 313 2096 γάρ
335 2023 388 2076 τῶν
413 2023 617 2099 παιριαρχικῶν
644 2016 829 2098 μοναστηρίων
850 2019 996 2095 κέκτηνται
1018 2017 1057 2091 εἰς
1080 2021 1197 2098 μετόχια
1223 2023 1392 2102 μοναστηρια
1418 2019 1466 2080 καὶ
1489 2021 1546 2080 έπι-

259 2139 366 2198 οκόπων
388 2137 435 2199 καὶ
458 2139 674 2221 μητροπολιτῶν,
698 2139 752 2199 ἔστι
775 2138 800 2199 δ’
823 2141 869 2199 ότε
891 2137 938 2199 καί
960 2141 995 2200 τά
1016 2147 1070 2201 τῶν
1093 2141 1301 2222 μητροπολιτῶν
1328 2142 1375 2202 καί
1398 2143 1547 2203 ἐπισκόπων

258 2261 442 2342 πατριαρχικά
453 2259 610 2332 δεσπόζουσι
626 2263 804 2342 μοναστηρια,
820 2260 888 2321 ἀλλ’
904 2263 934 2322 οῦ
948 2262 1023 2344 παρά
1037 2267 1115 2324 τοῦτο
1130 2264 1290 2339 καινοτομία
1303 2284 1342 2336 τις
1357 2265 1471 2344 γίνεται.
1491 2263 1547 2324 ἐπεὶ

258 2381 358 2442 δὲκαὶ
380 2383 395 2440 ό
414 2383 620 2460 καθηγοίιμενος
642 2388 692 2459 τῆς
714 2383 866 2459 οεβασμίας
887 2375 1086 2466 πατριαρχικῆς
1109 2391 1196 2462 μονῆς
1218 2385 1263 2445 διὰ
1289 2386 1337 2461 τὴν
1365 2385 1546 2463 ἐπισυμβάοαν

258 2509 290 2586 τῇ
314 2511 383 2587 μονῇ
407 2505 542 2585 συμφορὰν
565 2504 617 2564 ἀπό
639 2511 744 2564 τετῶν
771 2506 842 2564 κατὰ
868 2505 1007 2566 θάλατταν
1028 2513 1173 2588 πειρατῶν,
1197 2508 1251 2568 ἀπό
1273 2528 1303 2568 τε
1325 2514 1379 2568 τῶν
1406 2509 1476 2568 κατὰ
1497 2513 1546 2585 γῆν

257 2626 394 2702 ἠθέλησεν
427 2627 537 2708 έπαρεῑν
568 2625 607 2699 είς
636 2625 738 2688 οίκείαν
764 2627 912 2688 ἀνάπαυσιν
946 2629 993 2688 καὶ
1022 2628 1146 2708 ρυλακὴν
1177 2634 1230 2689 τιῦν
1259 2631 1491 2710 προσκαθημένων
1520 2631 1545 2688 ἐν

257 2749 339 2830 ταῦτ-η
374 2753 504 2827 μοναχῶν
538 2749 586 2825 την
618 2748 668 2808 ὑπό
699 2749 730 2808 οὲ
765 2750 958 2830 εὑρισκομένην
991 2746 1195 2827 ἑξειλημμένην
1228 2751 1314 2827 μονὴν
1346 2755 1393 2811 τοῦ
1424 2752 1546 2832 Σωτῆρος

258 2871 373 2951 Χριστοῦ
395 2869 441 2931 καὶ
464 2871 677 2948 ἀνοικοδομῆσαι
698 2869 746 2930 καὶ
765 2871 805 2944 είς
828 2875 1006 2952 μοναοτηριον
1029 2872 1168 2953 ἀνεγεῖραι
1191 2871 1236 2932 διὰ
1258 2875 1288 2932 τό
1312 2868 1380 2934 εἶναι
1404 2875 1486 2948 αι’πὴν
1509 2872 1544 2942 εἰς

256 2995 337 3053 τόπον
360 2993 458 3075 όχυρόν
479 3013 510 3053 τε
532 2991 579 3053 καὶ
603 2993 763 3072 ἐπιτήδειον,
786 2995 805 3068 η
828 2996 970 3074 μετριότης
992 2995 1072 3070 ἡμῶν
1094 2993 1141 3054 καί
1162 2999 1212 3070 τῆς
1233 2999 1288 3054 τῶν
1308 3000 1438 3073 μοναχῶν
1459 3015 1543 3068 σωτη-

256 3116 314 3194 ρίας
329 3115 481 3197 κηδομένη,
502 3116 696 3194 ἀποδεχομένη
720 3115 750 3175 δὲ
773 3114 820 3175 καί
842 3117 890 3192 τὴν
913 3122 962 3193 τῆς
984 3121 1035 3192 σῆς
1058 3116 1198 3196 θεοριλίας
1219 3117 1299 3194 τιμὴν
1321 3115 1369 3176 καὶ
1391 3117 1542 3194 ἀνάπαυσιν,

256 3237 399 3318 διορίζεται
427 3239 502 3317 ἔχειν
528 3239 580 3313 μὲν
605 3238 655 3312 τὴν
680 3239 878 3318 πατριαρχικὴν
904 3243 954 3315 τῆς
978 3239 1091 3314 Πάτμου
1114 3239 1200 3314 μονὴν
1223 3236 1262 3312 εἰς
1285 3241 1413 3317 μετόχιον
1434 3240 1482 3314 τὴν
1504 3235 1543 3296 ἐπὶ

256 3358 445 3439 σταυροπηγίῳ
471 3365 520 3435 τῆς
542 3365 592 3434 σῆς
615 3360 764 3436 ἐπισκοπῆς
786 3359 978 3440 ἀνεγερθεῖσαν
1001 3355 1098 3446 [μονὴν
1120 3364 1166 3421 τοῦ
1186 3361 1315 3442 Σωτῆρος
1330 3357 1456 3446 Χριστοῦ]
1478 3360 1542 3436 μετὰ

255 3483 363 3540 πάντων
382 3486 436 3540 τῶν
455 3483 609 3562 προσόντων
630 3481 696 3562 αὐτῇ
715 3486 832 3557 κινητῶν
846 3501 877 3540 τε
899 3479 945 3541 καὶ
965 3481 1099 3558 ἀκινήτων
1114 3485 1294 3564 πραγμάτων,
1316 3482 1403 3562 ἤγουν
1422 3481 1539 3559 βιβλίων,

255 3601 461 3682 χαλκωμάτων,
477 3599 554 3673 ζώων
574 3601 621 3662 καὶ
642 3601 767 3663 ἀλλοίων
790 3601 868 3662 εἰδῶν
890 3609 1007 3680 κινητῶν
1028 3608 1082 3664 τῶν
1105 3606 1224 3684 σήμερον
1246 3599 1299 3689 [έν]
1322 3609 1356 3687 τη
1379 3611 1451 3686 μονῇ
1473 3603 1539 3684 εῦρι-

256 3725 397 3798 οκομένων
422 3727 441 3798 ἢ
467 3721 514 3784 καὶ
545 3721 681 3784 εἰσέπειτοι
711 3724 946 3805 εὑρεθησομένων,
977 3721 1054 3787 ἀλλά
1084 3725 1118 3802 δὴ
1148 3725 1196 3786 καὶ
1224 3727 1331 3786 ἅπαντα
1359 3727 1394 3786 τά
1424 3726 1537 3800 ἀκίνητα,

255 3844 340 3922 ἤγουν
366 3845 547 3925 ἀμπελῶνας,
576 3845 727 3928 έλαιῶνας,
755 3852 807 3925 γῆν
833 3845 967 3927 χερσαίαν
994 3845 1040 3906 καί
1066 3849 1155 3907 πάντα
1176 3846 1211 3906 τὰ
1233 3847 1317 3931 έντῇ
1345 3855 1417 3931 μονῇ
1439 3855 1471 3930 τῇ
1491 3849 1538 3921 οη·

257 3985 339 4045 μερον
362 3967 553 4047 εὑρισκόμενα,
581 3967 656 4045 ἔχειν
684 3965 714 4027 δέ
741 3967 772 4028 σὲ
799 3969 846 4044 την
874 3964 1010 4050 ἀναροράν
1036 3965 1082 4028 καὶ
1111 3969 1206 4048 μόνην,
1233 3969 1327 4042 καθὼς
1350 3964 1427 4048 εἶχες
1449 3969 1537 4044 ταύτην

255 4087 302 4147 καὶ
327 4088 472 4169 πρότερον·
495 4089 563 4149 οῦτω
585 4089 639 4170 γάρ
663 4090 741 4161 οάιτδς
763 4089 814 4165 μὲν
838 4089 1007 4170 ἐγχωρήσεις
1029 4087 1067 4168 τῷ
1090 4091 1291 4171 καθηγουμένῳ
1312 4091 1361 4168 τὴν
1383 4097 1433 4170 της
1460 4095 1537 4166 μονῆς

257 4208 424 4291 δεσποτείαν,
448 4213 463 4270 ό
485 4211 515 4272 δέ
538 4215 657 4284 τοιοῦτος
679 4212 826 4294 ἀταράχως
848 4211 959 4286 καθέξει
983 4214 1089 4290 ταῦτην.
1113 4215 1227 4289 ποίησον
1250 4219 1325 4294 γοῦν,
1348 4215 1442 4286 καθὼς
1463 4234 1502 4273 σοι
1521 4212 1536 4284 ἡ

256 4335 396 4415 μετριότης
418 4335 496 4412 ἡμῶν
525 4336 694 4418 ἐντέλλεται,
721 4336 897 4414 ἀντιστρέψας
923 4337 953 4396 τό
980 4337 1066 4416 παρόν
1093 4338 1232 4396 πιττάκιον
1258 4342 1309 4411 τῆς
1330 4337 1411 4412 ἡμῶν
1434 4335 1535 4414 μετριό-

255 4477 335 4534 τητος
356 4457 395 4536 τῷ
417 4459 616 4539 καθηγουμένῳ
639 4458 674 4517 δι’
698 4457 858 4538 ἀσφάλειαν.
882 4459 902 4539 †

358 4587 538 4657 Εασιαρίαιῦα
554 4590 582 4641 2.
599 4587 685 4642 chart.
703 4587 777 4642 Hor.
796 4587 837 4640 II.
857 4603 907 4640 ατο
924 4589 973 4656 31,
993 4589 1042 4642 32.
1071 4587 1178 4642 Ταόειίο
1211 4589 1320 4644 videtur
1353 4605 1410 4642 εσσε
1436 4585 1536 4641 Δτοοιιῶ

255 4692 407 4746 Ammiani.
