3228 5294
263 335 303 398 12

259 529 290 590 τὸ
302 525 500 604 Ἐξῶλαμπον·
517 530 577 609 ἔχει
589 530 661 602 δόσις
673 533 796 611 σιικάρια
809 529 843 612 δ’,
856 534 930 612 σὺργ.
945 529 977 614 τ’,
994 532 1116 608 ἀνατολὴ
1130 535 1204 614 οίιργ.
1215 532 1249 613 ζ’,
1266 535 1366 616 βορρᾶς
1381 538 1505 617 σωκάρια
1520 535 1554 615 ζ’,

260 650 336 722 νότος
348 653 470 732 σῶκάρια
481 649 504 722 ζ’
518 652 592 731 οίιργ.
602 649 636 728 θ’,
652 653 720 728 όμσῦ
730 654 835 725 πλάτος
851 656 972 734 σιυκάρια
990 653 1027 730 β’,
1044 654 1118 734 οὺργ.
1128 654 1171 736 ς’,
1187 661 1276 731 μῆκος
1292 659 1413 738 σωκάρια
1429 655 1462 738 ζ’,
1475 659 1552 738 ουργ.

261 771 284 830 δ’
304 773 396 852 ἥμισυ,
417 772 518 847 μοδίων
538 771 573 852 θ’,
593 773 692 852 λιτρῶν
708 772 763 850 κβ’.
797 777 935 855 χωράριον
955 781 1003 852 τὴς
1018 776 1220 856 Δαγκασμένης
1241 777 1362 854 ἀνατολὴ
1382 782 1504 858 σωκάρια
1520 777 1555 860 ζ’,

262 891 335 964 δόσις
350 895 473 974 σωκάρια
486 889 518 974 ζ’,
535 899 624 971 μῆκος
639 895 709 954 κατὰ
721 897 808 972 μέσης
822 898 944 977 σιυκάρια
957 895 999 978 ιε’,
1016 897 1084 972 όμιοῦ
1097 898 1202 970 πλάτος
1214 901 1336 980 οωκάρια
1347 897 1381 980 ζ’,
1397 905 1486 976 μῆκος
1498 921 1556 960 σω-

260 1015 342 1094 κάρια
355 1013 397 1094 ιε’,
415 1013 516 1088 μοόίιυν
527 1011 568 1089 νβ’
577 1017 667 1090 ἥμισυ.
688 1019 825 1097 χωράριον
836 1022 883 1078 τοῦ
892 1015 978 1098 Ἁγίου
990 1018 1145 1080 Νικολάου·
1159 1020 1281 1096 ἀνατολὴ
1295 1024 1416 1102 σωκάρια
1428 1020 1465 1102 γ’,
1483 1023 1557 1093 δόσις

260 1137 383 1218 σωκάρια
403 1134 438 1218 δ’,
462 1141 551 1212 μῆκος
565 1137 636 1198 κατὰ
651 1139 739 1216 μέσης
753 1142 875 1220 σωκάρια
890 1139 933 1215 ς’.
964 1142 1030 1216 όμοῦ
1044 1142 1150 1215 πλάτος
1166 1144 1287 1222 σῶκάρια
1308 1139 1334 1221 γ’
1350 1145 1443 1222 ἥμισυ,
1464 1151 1558 1220 μὴκος

260 1259 383 1338 σῶκάρια
396 1255 439 1335 ς’,
464 1257 565 1333 μοάίιυν
581 1257 598 1318 ι’
613 1261 704 1335 ἥμισυ.
735 1263 873 1341 χιυράριον
889 1267 937 1338 τῆς
950 1260 1116 1344 Ἔχεντρας·
1137 1265 1215 1336 νότος
1230 1265 1350 1342 σωκάρια
1369 1263 1408 1344 γ’,
1426 1267 1500 1345 οίιργ.
1518 1263 1556 1346 δ’,

261 1379 361 1458 βορρᾶς
383 1375 516 1458 σιιικάριον
539 1379 566 1440 α’
582 1380 657 1460 σὐργ.
673 1379 716 1462 ς’,
737 1388 826 1459 μῆκος
846 1387 968 1465 σοικάρια
988 1383 1023 1464 ιγ
1039 1386 1114 1465 οἰιργ.
1132 1383 1166 1466 δ’,
1186 1385 1254 1461 όμοῦ
1268 1386 1373 1458 πλάτος
1389 1389 1512 1468 σιοκάρια
1529 1387 1556 1462 β’

260 1503 352 1581 ὴμισυ,
369 1507 460 1577 μῆκος
471 1503 594 1582 σωκάρια
610 1501 656 1582 ιγ’,
668 1504 742 1582 οίιργ.
756 1503 792 1585 δ’,
808 1505 910 1580 μοδίιυν
926 1501 974 1578 ις’.
997 1507 1135 1586 χωράριον
1147 1507 1177 1565 τὶν
1189 1507 1345 1587 Σκοινάριν·
1361 1507 1467 1578 πλάτος
1482 1508 1557 1568 ἀνιο-
1603 1477 1604 1482 ¹

260 1625 336 1684 κάτω
352 1626 475 1703 συκάρια
488 1622 527 1703 γ’,
544 1629 635 1699 μὴκος
653 1627 776 1706 σιυκάρια
790 1624 832 1705 ς’,
853 1626 956 1700 μοδίινν
971 1624 1012 1701 ς’.
1036 1630 1174 1708 χωράριον
1189 1631 1236 1688 τοῦ
1251 1623 1410 1704 Καλαμνώ·
1431 1629 1557 1704 ἀνατολὴ

260 1747 382 1826 σωκάριοι
405 1744 444 1825 β’,
466 1746 542 1826 οὺργ.
560 1745 595 1826 δ’,
620 1747 692 1818 δύσις
714 1750 836 1828 σωκάρια
858 1746 895 1828 β’,
919 1749 993 1829 ουργ.
1018 1748 1051 1826 δ’,
1075 1754 1163 1824 μῆκος
1186 1747 1307 1830 οωκάρια
1330 1748 1364 1830 ε’,
1388 1749 1490 1826 μοάίων
1512 1750 1557 1826 ς’.

260 1869 397 1947 χωράριον
419 1869 449 1928 τ“ο
473 1867 703 1948 Παραροινάόιον·
733 1871 811 1941 νότος
837 1872 971 1949 οωκάριον
999 1869 1036 1943 α’,
1060 1871 1134 1951 οὒργ.
1159 1870 1201 1949 α’,
1233 1869 1333 1951 βορρᾶς
1363 1873 1487 1951 σοικάρια
1517 1871 1558 1952 β’,

261 1991 336 2070 οίιργ.
351 1988 386 2069 ε’,
402 1995 491 2065 μῆκος
507 1993 630 2069 σωκάρια
644 1989 686 2070 ς’,
703 1993 777 2072 οἰνργ.
791 1989 826 2070 α’,
848 1989 950 2066 μοδίιυν
967 1990 1000 2070 ε’,
1020 1991 1120 2070 λιτρῶν
1138 1991 1183 2068 ιη’,
1214 1996 1351 2072 χωρᾶριον
1366 1995 1412 2052 τοῦ
1428 1994 1558 2066 Φονὲως.

261 2112 338 2184 νότος
360 2114 482 2192 σωκάρια
503 2111 541 2191 η’,
569 2114 643 2191 ουργ.
670 2111 707 2191 β’,
739 2111 839 2194 βορρᾶς
866 2116 987 2194 οωνάρια
1013 2113 1046 2194 ε’,
1079 2115 1153 2194 σὐργ.
1180 2113 1213 2195 ε’,
1245 2121 1335 2192 μῆκος
1362 2117 1484 2194 σωκάρια
1508 2113 1556 2194 ιε’,

262 2234 335 2314 οὒργ.
353 2231 396 2311 ς’,
419 2235 487 2309 όμοῦ
506 2235 614 2304 πλάτος
633 2236 755 2314 σωκάρια
769 2233 811 2313 ς’,
828 2235 902 2314 οὺργ.
918 2233 956 2313 η’,
981 2240 1070 2310 μῆκος
1092 2238 1212 2315 σωκάρια
1236 2233 1279 2315 ιε’,
1294 2237 1369 2315 οὺργ.
1385 2234 1427 2314 ς’,
1451 2235 1559 2312 μοδίων

261 2354 314 2434 νβ’,
337 2356 435 2435 λιτρῶν
458 2353 516 2428 λβ’.
549 2357 687 2434 χωράριον
709 2357 872 2435 ὴΚαθαρά·
897 2356 970 2428 δόσις
993 2358 1115 2436 σοικάρια
1136 2356 1175 2436 η’,
1197 2357 1272 2436 ουργ.
1289 2354 1323 2437 θ’,
1348 2353 1470 2432 ἀνατολὴ
1494 2379 1557 2418 σω-

189 2507 193 2514 ·
261 2480 344 2558 κάρια
357 2474 396 2552 η’,
417 2477 491 2558 σὐργ.
509 2476 542 2557 ε’,
566 2483 655 2552 μῆκος
675 2480 796 2556 σωκάρια
814 2475 866 2556 κζ’,
890 2480 966 2558 οὒργ.
982 2498 1015 2557 ς,
1039 2478 1141 2554 μοδίων
1157 2476 1218 2559 ριθ’,
1241 2478 1340 2560 λιτρῶν
1363 2478 1421 2538 λά.
1454 2481 1559 2560 χοιρά-

261 2619 318 2678 ριον
341 2600 359 2674 ὴ
380 2596 533 2678 Ὀροόάρνη
560 2598 605 2658 οίιν
631 2602 678 2658 τοῦ
700 2600 792 2680 ἑτέρου
813 2599 951 2680 χωραρίου
977 2605 1031 2658 τῶν
1058 2599 1084 2658 κ’
1109 2598 1211 2674 μοδίιιν
1237 2605 1287 2676 τῆς
1313 2600 1395 2675 αὐτῆς
1423 2602 1558 2681 στάσεως,

262 2725 307 2781 τοῦ
329 2720 376 2781 καὶ
402 2721 624 2801 ἀναγραφομένου
652 2721 681 2780 ἐν
708 2721 746 2799 τῷ
773 2719 928 2802 πρακτικῷ,
958 2722 1042 2800 ἤγουν
1071 2717 1192 2797 ἀνατολὴ
1220 2723 1342 2802 σωκάρια
1371 2721 1398 2802 ι’,
1421 2723 1496 2800 οὺργ.
1516 2721 1559 2800 η’,

263 2843 335 2914 δόσις
349 2845 470 2922 σωκάρια
492 2840 526 2916 θ’,
543 2842 618 2922 οίιργ.
635 2840 672 2922 β’,
696 2848 785 2918 μῆκος
807 2845 929 2922 σωκάρια
950 2841 1003 2922 κε’,
1020 2845 1094 2924 οῐιργ.
1112 2842 1147 2924 δ’,
1171 2843 1239 2918 όμοῶ
1260 2845 1366 2913 πλάτος
1388 2845 1512 2924 σῶκάρια
1529 2842 1559 2924 ι’,

263 2971 351 3041 μῆκος
374 2965 495 3043 σωκάρια
517 2963 570 3042 κε’,
590 2967 664 3044 ουργ.
682 2962 717 3045 δ’,
741 2963 843 3040 μοόίιον
867 2964 933 3045 ρκζ’.
968 2963 1106 3046 χῶράριον
1128 2965 1158 3024 τ“ο
1181 2965 1336 3044 λεγόμενον
1357 2972 1411 3024 τῶν
1434 2966 1559 3045 Ἀγραυ-

262 3087 340 3166 λίιυν,
363 3085 447 3164 ἤγουν
469 3087 499 3145 τὸ
522 3087 621 3165 Μέγα·
650 3087 750 3166 βορρᾶς
773 3089 895 3164 σωκάρια
918 3084 961 3166 ιε’,
984 3086 1031 3146 καὶ
1053 3089 1145 3164 ἕτερον
1167 3091 1216 3161 τῆς
1238 3083 1437 3164 καθαρπάσεως
1460 3090 1561 3146 σωκά-

263 3229 307 3289 ρια
328 3206 367 3288 γ’,
388 3209 462 3289 οἰιργ.
484 3207 518 3290 ζ’,
542 3209 609 3284 ὁμοῦ
626 3210 747 3288 σωκάρια
764 3205 809 3288 ιη’,
830 3210 905 3288 οὒργ.
927 3206 961 3288 ζ’,
983 3209 1060 3279 νότος
1083 3211 1202 3288 σῶκάρια
1226 3206 1261 3280 ιβ’
1284 3213 1334 3284 τῆς
1355 3211 1562 3288 καθαρπάοεως

263 3332 387 3409 σωκάρια
400 3328 439 3408 γ’,
456 3330 530 3409 ουργ.
545 3328 578 3399 ζ’.
602 3331 671 3406 ὁμοῦ
686 3332 808 3410 σιοκάρια
824 3330 867 3410 ιε’,
883 3331 957 3411 οάργ.
975 3329 1009 3410 ζ’,
1029 3331 1097 3403 όμοῡ
1111 3330 1216 3402 πλάτος
1232 3333 1353 3410 σωκάρια
1369 3327 1409 3406 ιζ’,
1427 3331 1502 3409 σὐργ.
1521 3330 1562 3411 β’,

264 3458 353 3529 μῆκος
372 3454 495 3531 σωκάρια
516 3451 572 3532 κα’,
590 3453 663 3532 οὺργ.
681 3452 718 3532 β’,
742 3453 845 3528 μοόίιυν
862 3452 924 3532 ρπά
940 3451 1070 3528 ἡμίσεως.
1109 3455 1201 3531 ἕτερον
1222 3453 1361 3532 χωράριον
1376 3453 1422 3510 τοῦ
1438 3451 1562 3532 Ἀγραυ-

262 3574 342 3654 λίιυν,
369 3575 399 3634 τό
423 3571 647 3653 ἀναγραφόμενον
671 3574 759 3654 ἐντῷ
788 3574 929 3655 πρακτικῷ
958 3578 1004 3633 τοῦ
1034 3576 1175 3654 σεκρέτου·
1206 3572 1328 3648 ἀνατολὴ
1359 3575 1481 3653 σωκάρια
1514 3573 1561 3651 ιε’,

265 3690 366 3782 μοᾶίων
395 3691 449 3772 μίί,
477 3696 578 3776 λιτρῶν
601 3693 635 3756 ε’.
674 3697 740 3772 ὁμοῦ
763 3698 778 3755 ό
801 3695 934 3772 μοάισμός
960 3701 1013 3754 τῶν
1042 3695 1188 3774 χωραρίιυν
1218 3701 1272 3754 τῶν
1300 3695 1479 3774 Ἀγραυλίων,
1512 3697 1563 3756 σὺν

265 3823 318 3877 τῶν
340 3818 571 3898 καθαρπαγέντιον
593 3815 640 3876 καὶ
668 3814 766 3898 ἀρτίως
794 3819 1006 3897 ἀναρυσθέντιυν,
1037 3817 1126 3890 μόδιοι
1156 3815 1211 3876 σλ’.
1256 3818 1287 3876 τ“ο
1318 3816 1350 3875 δὲ
1378 3817 1482 3876 πάκτον
1513 3823 1565 3877 τοῦ

265 3940 384 4000 τοιούτου
406 3940 576 4019 προαστείου,
599 3940 633 3998 τὰ
655 3938 713 4019 ρλζ’
734 3941 815 4015 ἥμισυ
837 3937 1001 4021 νομίσματα,
1024 3939 1211 4018 ἀναγράψαντα
1235 3935 1274 4008 εἰς
1293 3939 1323 3996 τὴ
1339 3935 1564 4016 οἰκοπροάστειον

263 4065 314 4136 τὴς
336 4063 458 4142 Βάρειος,
481 4061 573 4132 καθὼς
595 4063 625 4121 τό
647 4061 793 4142 πρακτικὸν
815 4065 861 4121 τοῦ
884 4061 1012 4140 σεκρέτου
1034 4061 1165 4140 περιέχει.

370 4183 572 4262 Πρσάστειον
593 4185 611 4258 ὴ
635 4183 872 4262 Μανδράκλου.
918 4180 1072 4254 Ἐκκλησία
1088 4181 1117 4240 ἐν
1134 4180 1206 4259 αἰιτῷ
1225 4181 1275 4240 οἰνκ
1294 4182 1373 4262 ἔστιν,
1397 4180 1457 4241 οὔτε
1478 4181 1565 4258 οἰκή-

265 4325 338 4380 ματα
370 4305 524 4366 δεσποτικά.
568 4306 715 4384 ὑπάρχουσι
746 4305 778 4364 δὲ
808 4305 837 4364 ἐν
867 4303 939 4382 αὐτῷ
967 4306 1104 4383 πάροικοι·
1136 4303 1290 4382 Νικηρόρος
1319 4307 1365 4362 τοῦ
1387 4303 1565 4386 Σαρακηνοῦ,

267 4425 340 4503 ἔχων
362 4429 477 4504 γυναῖκα
500 4429 659 4505 Κισσιανὴν,
688 4428 823 4504 θυγατέρα
846 4425 965 4504 Μαρίαν,
988 4425 1114 4502 γαμβρόν
1133 4426 1248 4502 Λέοντα,
1272 4425 1413 4504 ζευγάριον
1437 4423 1474 4504 α’,
1499 4426 1566 4486 όνον

267 4546 302 4610 α’.
342 4549 397 4608 ἔστι
420 4547 451 4607 δὲ
473 4551 487 4607 ό
510 4549 682 4628 περιορισμος
703 4551 749 4606 τοῦ
772 4549 851 4606 αίιτοϋ
872 4545 1033 4626 προαστείου
1053 4539 1131 4617 οὗτος
1149 4552 1199 4620 τὴς
1214 4547 1331 4626 ὑπέργου
1351 4551 1419 4624 γῆς·
1445 4547 1567 4627 ἄρχεται
1603 4545 1604 4550 '

267 4671 319 4730 ἀπὸ
342 4675 387 4730 τοῦ
410 4671 535 4749 μεγάλου
558 4673 681 4745 ποταμοῦ
704 4673 749 4729 τοῦ
772 4667 941 4747 Μαιάνδρου,
967 4663 1114 4747 ἀπέρχεται
1136 4668 1203 4746 πρός
1226 4666 1364 4736 ἀνατολὰς
1386 4673 1496 4747 κρατῶν
1516 4672 1567 4728 τἀν
