3186 5286
1296 361 1356 426 381

68 547 171 628 τίτχρὲν
193 553 259 630 γάρ,
290 549 318 608 εί
337 571 371 627 γε
402 551 592 628 ἁπανταχόθεν
623 553 675 624 μὲν
705 550 752 610 καί
778 553 918 630 πόρρωθεν
947 555 1006 612 ἐκεῖ
1032 555 1093 612 κατ’
1117 555 1205 632 ἔρωτα
1232 553 1359 626 παιδείας

67 675 178 730 τοσοῦτοι
205 671 245 748 τῷ
271 671 371 744 πλήθει
398 672 579 750 προσπλέουσι
605 674 790 745 κομιζόμενοι,
819 671 892 731 αὐτοὶ
919 673 951 732 δέ
978 675 1012 732 ἐκ
1048 677 1177 752 γειτόνων
1203 683 1237 755 τῇ
1267 677 1359 756 σχολῇ

67 791 242 872 ῥᾳθυμοῦντες
270 793 442 871 διατρίβουσι,
476 792 523 852 καί
554 795 621 851 ὅπου
652 795 684 850 δν
714 793 938 874 ὰποδημήσωσιν,
970 796 999 854 οῦ
1028 797 1110 870 μόνον
1138 795 1211 855 αὐτοὶ
1239 795 1284 856 διὰ
1310 795 1358 871 τἠν

67 913 178 986 ἀμαθίαν
201 915 407 994 ἐλιγωροῦνται,
431 914 509 972 ἀλλα
525 914 559 990 δη
581 911 629 972 καί
651 913 730 973 αίτιοι
755 914 904 992 δυσφημίας
926 923 1019 991 κοινῆς
1042 924 1094 976 τῶν
1118 939 1358 996 συμμοναστηρια-

66 1041 113 1092 κῶν
135 1037 322 1095 καθίστανται.
347 1037 376 1094 ου
400 1037 454 1110 μὴν
478 1033 624 1094 ἀλλὰκαὶ
646 1033 689 1094 ἐπί
712 1041 745 1116 τῇ
769 1035 923 1114 καταρτίσει
946 1043 999 1094 τῶν
1022 1037 1095 1112 ἠθῶν
1119 1037 1165 1097 καί
1187 1045 1220 1120 τῇ
1245 1040 1273 1098 ἐν
1298 1061 1357 1114 μα-

66 1159 174 1232 θήμασιν
203 1157 324 1217 ἐπιδόσει
353 1166 407 1215 τῶν
435 1159 575 1236 νεωτέρων
604 1163 838 1234 μσναστηριακῶν,
869 1159 960 1237 ὥσπερ
991 1159 1157 1236 ἀθλοθέτης,
1188 1163 1358 1239 προίστέσθω

65 1279 137 1338 έάεί
159 1281 353 1358 ἡγουμενεῦων
379 1281 537 1358 προτρέπων
563 1277 611 1336 καί
638 1286 776 1356 παραινῶν
801 1279 894 1348 αὐτοὺς
918 1281 956 1354 μὴ
980 1279 1130 1340 διαλείπειν
1157 1279 1197 1353 είς
1220 1280 1357 1342 διδασκέ-

65 1400 108 1460 λου
135 1407 283 1478 φοιτῶντας
310 1399 356 1460 καὶ
379 1406 432 1458 τῶν
456 1401 624 1474 μαθημάτων
647 1400 879 1474 ἐπιμελουμένους
907 1402 944 1472 ὡς
973 1393 1030 1461 οἷόν
1052 1423 1092 1480 τε,
1122 1405 1197 1474 όπως
1221 1403 1357 1464 ἐπιδεδω-

64 1523 141 1594 κότας
168 1523 281 1592 ἑαυτοὺς
308 1521 489 1592 ἐπιδείξωσιν·
518 1521 565 1580 ἐὰν
588 1523 641 1600 γὰρ
668 1528 770 1599 φανῶσι
796 1531 850 1580 τῶν
876 1526 1017 1600 νεωτέρων
1039 1523 1110 1595 τινὲς
1140 1525 1209 1599 μετὰ
1232 1527 1357 1600 τὴντῶν

65 1643 145 1720 ἔργων
169 1645 257 1702 αὐτῶν
281 1643 432 1702 ἐπιτέλεσιν
456 1645 494 1718 μὴ
517 1649 660 1718 φοιτῶντες
683 1643 721 1714 είς
744 1643 910 1704 διδασκάλου
936 1649 954 1719 ἢ
975 1653 1118 1722 φοιτῶντες
1141 1649 1202 1726 μέν,
1225 1647 1274 1706 οῦκ
1296 1649 1358 1708 ἐπι-

64 1763 225 1838 μελοίμενοι
254 1765 286 1823 δὲ
312 1771 366 1823 τῶν
393 1765 571 1844 μαθημάτων,
600 1766 660 1822 τότε
688 1763 713 1822 οί
740 1765 791 1838 μὲν
819 1767 888 1824 σῦτω
917 1763 1032 1846 βφίθυμοι
1059 1773 1113 1826 τῶν
1140 1770 1280 1846 νεωτέρων
1309 1769 1357 1828 ἐκ·

64 1885 244 1962 βληθησονται
266 1891 312 1945 τοῦ
335 1885 524 1964 μοναστηρίου,
554 1887 569 1944 ό
597 1885 622 1946 δ’
645 1887 797 1962 ἡγούμενος
824 1887 911 1945 αῦτῶν
938 1887 1023 1964 λόγον
1050 1886 1097 1946 καί
1124 1890 1235 1960 εῦθῦνας
1266 1887 1357 1968 ὑφέξει

63 2009 125 2086 πρός
146 2009 195 2082 τὴν
218 2009 281 2066 καθ’
297 2009 372 2082 ἡμᾶς
394 2011 440 2066 τοῦ
463 2008 577 2086 Χριστοῦ
600 2007 728 2085 μεγίλην
752 2007 912 2084 ἐκκλησίαν,
936 2010 974 2079 ὡς
998 2009 1111 2084 ἀμελῶν
1134 2016 1183 2084 τῆς
1205 2007 1259 2068 τῶν
1281 2031 1355 2071 νεω-

62 2129 144 2208 τέρων
174 2129 361 2208 καταρτίσεώς
383 2149 413 2186 τε
443 2126 489 2186 καί
517 2127 674 2198 ἐπιδόσεως.
705 2125 801 2205 τρίτον.
834 2129 862 2186 ἐν
890 2127 921 2187 δέ
947 2131 1006 2200 ταῖς
1037 2131 1180 2205 διανομαῖς
1208 2137 1263 2190 τῶν
1292 2135 1356 2213 παρ’

64 2251 148 2321 αὐτοῖς
185 2250 349 2328 λεγομένων
384 2249 527 2308 διακονιῶν
564 2247 662 2322 μηδείς
695 2247 896 2308 πλεονεκτείτω
928 2251 1104 2330 παραβαίνων
1141 2253 1190 2326 τὴν
1224 2253 1357 2314 ἀνέκαθεν

63 2377 281 2450 μοναστηριακὴν
311 2371 463 2450 συνήθειαν,
497 2369 566 2428 ἀλλ’
591 2371 629 2440 ὡς
660 2371 746 2430 παλαι
777 2371 846 2430 οῦτω
876 2369 922 2430 καὶ
952 2376 998 2432 τοῦ
1027 2373 1126 2434 λοιποῦ
1154 2373 1208 2434 ἀπό
1238 2379 1284 2434 τοῦ
1313 2381 1358 2434 νῦν

62 2492 280 2568 λαμβανέτωσαν
308 2491 462 2572 διακονίας,
485 2491 504 2572 Ιό
531 2489 582 2566 μὲν
609 2493 762 2570 ἡγούμενος
790 2491 846 2572 δὺο,
877 2491 902 2552 οἱ
930 2493 962 2552 δὲ
988 2495 1189 2574 προηγούμενοι
1215 2496 1266 2554 αἰνὰ
1294 2495 1358 2571 μίαν

63 2615 105 2674 καί
119 2617 258 2694 ἡμισείαν,
283 2614 330 2675 καί
353 2615 377 2676 σί
393 2610 487 2696 πρώην
503 2614 534 2673 δὲ
559 2613 761 2695 ἐκκλησιόρχαι
783 2614 830 2674 καί
852 2613 989 2690 οἰκονόμοι
1012 2614 1059 2674 καὶ
1083 2616 1230 2695 ἐλλόγιμοι
1253 2617 1355 2692 ὁμοίως

64 2739 285 2818 προτιμασθωσαν
318 2744 373 2796 τῶν
402 2733 510 2814 σίλλων,
543 2735 568 2795 σί
598 2736 629 2795 δέ
665 2737 704 2811 μὴ
739 2735 967 2808 ἐκδουλεῦσαντες
1003 2735 1097 2812 ἐπίσης
1127 2737 1357 2818 λαμβανέτωσαν,

64 2859 104 2918 ίνα
123 2859 264 2936 μηδεμίαν
285 2860 318 2918 ἐκ
331 2865 381 2934 τῆς
400 2855 565 2929 πλεονεξίας
584 2857 718 2938 συμβαίνῃ
739 2859 843 2934 μέμψις
865 2856 912 2926 καί
934 2857 1042 2936 ταραχὴ
1064 2858 1151 2936 ἐντῷ
1173 2859 1356 2940 μσνασιηρίῳ.

63 2983 185 3062 τέταρτον
214 2982 255 3060 δέ,
284 2983 341 3040 ὅσοι
369 2986 423 3040 τῶν
452 2980 605 3062 ἐφημερίων
631 2985 677 3040 τοῦ
700 2979 849 3040 καθολικοῦ
877 2981 906 3039 ἐν
929 2983 988 3050 ταῖς
1010 2979 1097 3060 ίεραῑς
1119 2981 1294 3053 ἀκολουθίαις
1317 2984 1356 3058 μὴ

64 3101 228 3183 εἰσέρχονται
259 3101 299 3172 είς
329 3103 359 3161 τό
388 3103 525 3184 νυριακόν,
556 3103 626 3161 ὥστε
656 3103 813 3180 ἀναγνῶναι
835 3105 853 3176 ἡ
877 3101 964 3180 ψᾶλαι
986 3105 1004 3175 η
1029 3100 1102 3160 ἀλλο
1131 3101 1357 3177 ἐκκλησιαστικὸν

62 3224 207 3286 ἐκτελέσαι
236 3224 408 3304 ῦποῦργημα,
442 3217 514 3282 οὗτοι
544 3223 575 3282 δὲ
605 3219 822 3302 ἀπαστερτίσθων
852 3228 902 3298 τῆς
932 3222 1079 3294 διακονίας.
1109 3223 1241 3298 πέμπτον.
1273 3223 1297 3284 οί
1326 3223 1357 3283 δὲ

61 3349 151 3424 πρώην
173 3347 323 3424 ἡγοθμενοι
349 3345 396 3404 καὶ
422 3347 515 3420 πρῶην
540 3343 741 3424 ἐκκλησιάρχαι
767 3343 815 3403 καί
837 3342 976 3418 οἰκονόμοι
998 3349 1051 3402 τῶν
1074 3344 1211 3422 μετοχίων
1232 3344 1280 3404 καὶ
1303 3345 1356 3405 ἐλ-

61 3467 170 3546 λόγιμοι
198 3467 246 3527 καὶ
272 3468 413 3548 ἐφημέριοι
435 3471 481 3526 τοῦ
507 3467 657 3526 καθολικοῦ
684 3469 723 3538 ῶς
745 3466 880 3526 ἀνέκαθεν
902 3465 949 3526 καὶ
973 3463 1004 3538 ἐξ
1026 3466 1126 3548 ἀρχῆς,
1150 3467 1219 3527 οθτω
1241 3465 1356 3528 καὶτοῦ

61 3591 156 3650 λοιποῦ
179 3589 320 3668 ἐχέτωσαν
342 3587 377 3647 τὰ
397 3589 531 3667 προνόμια
554 3588 641 3647 αῦτῶν
665 3588 693 3647 ἐν
716 3607 747 3646 τε
769 3593 802 3668 τῇ
826 3589 918 3647 στάσει
941 3585 988 3647 καὶ
1009 3587 1132 3670 καθέδρᾳ
1153 3587 1200 3648 καί
1222 3595 1288 3672 τιμῇ
1309 3588 1357 3650 καί

63 3704 141 3796 [ταῖς]
166 3709 330 3782 διακονίαις·
353 3708 378 3768 οἱ
402 3709 432 3768 δὲ
456 3709 494 3784 μὴ
519 3709 748 3781 ἐκδσυλεθσαντες
770 3711 840 3784 μήτε
864 3709 893 3768 ἐν
915 3715 948 3790 τῇ
972 3709 1107 3792 ἐκκλησίᾳ
1129 3714 1175 3770 τοῦ
1196 3711 1355 3791 καθολικοῦ,

62 3835 130 3907 μήτε
163 3833 191 3892 ἐν
224 3831 364 3909 μετοχίοις
397 3829 444 3890 καί
474 3831 670 3906 διακονήματα
704 3830 800 3906 ἐπίσης
834 3831 1054 3906 λαμβανέτωσαν
1088 3831 1135 3891 καί
1168 3833 1217 3907 την
1254 3835 1355 3913 στάσιν,

60 3953 195 4034 καθέδραν
217 3952 264 4013 καί
286 3953 366 4028 τιμὴν
389 3950 436 4010 καί
459 3951 608 4034 διακονίαν,
632 3951 657 4012 οί
679 3951 730 4027 μὲν
753 3953 792 4024 ῶς
814 3951 1000 4031 ίερομόναχοι,
1024 3951 1050 4012 οί
1069 3952 1100 4012 δέ
1120 3954 1157 4024 ῶς
1177 3952 1355 4032 ίεραδιιίκονοι

61 4077 150 4154 μόνον,
181 4073 207 4135 οἱ
237 4075 268 4134 δέ
299 4076 338 4146 ῶς
368 4073 486 4151 μοναχοί
514 4074 586 4132 κατόι
615 4075 664 4148 τἠν
695 4072 925 4148 έκκλησιαστικὴν
954 4071 1029 4146 τάξιν
1059 4071 1105 4133 καί
1136 4076 1355 4154 μοναοτηριακὴν

59 4198 210 4278 συνήθειαν,
243 4197 282 4267 ῶς
311 4195 454 4276 ἀνέκαθεν,
486 4195 605 4270 μηδενός
636 4196 841 4268 ἐναντιουμένου
869 4197 900 4254 τό
929 4197 1057 4275 παράπαν
1085 4193 1125 4266 είς
1150 4197 1237 4256 τοῦτο.
1265 4197 1353 4258 ἕκτον.

60 4318 165 4394 μηδένα
191 4319 207 4376 ό
229 4318 383 4396 ἡγούμενος
412 4318 475 4376 ἄνευ
497 4317 625 4394 γέροντος
652 4313 698 4374 καί
726 4315 900 4392 ὑποσχέσεως
927 4315 1065 4393 ὑποταγῆς
1090 4318 1242 4396 κουρευέτω
1265 4336 1354 4391 μονα-

58 4443 121 4518 χόν,
147 4442 204 4500 όσοι
232 4439 257 4498 δ’
281 4441 389 4497 ἐντῶν
412 4437 537 4496 τοιούτων
565 4435 760 4514 καταληφθῶσι
788 4435 853 4513 δίχα
876 4435 1017 4516 γέροντος,
1050 4436 1251 4496 ὑποκείσθωσαν
1277 4435 1355 4508 εθθὶις

60 4559 141 4638 ἁλλῳ
162 4557 304 4638 σεβασμίῳ
326 4559 374 4619 καί
396 4561 515 4638 ἐναρέτῳ
535 4561 650 4637 γέροντι.
674 4557 721 4616 καὶ
744 4556 769 4616 οί
791 4562 914 4636 τοιοῦτοι,
939 4558 987 4616 ἐαίν
1010 4578 1076 4618 ποτε
1099 4555 1353 4638 ἀθυροστομήσωσιν

57 4681 217 4760 ἣίνβρίοωσί
232 4703 292 4742 τινα
307 4685 324 4756 ἢ
342 4683 438 4750 ὰλλως
460 4681 629 4756 ἀτακιησωοι
652 4677 699 4738 καί
721 4681 792 4754 μετὰ
815 4679 942 4758 δευτέραν
965 4679 1103 4738 νουθεσίαν
1125 4680 1208 4738 πόλιν
1229 4679 1354 4754 μείνωσιν
