3184 5288
248 297 311 362 120

245 493 294 566 πἠν
317 490 421 568 αἴτησιν
448 491 548 551 τούτων
570 487 765 570 προσδέξαιτοη
791 487 871 549 «ἀντὶ
893 490 948 570 γὰρ
974 495 1027 550 τῶν
1050 493 1175 571 πατέρων
1199 491 1384 568 ἐγεννήθησαν
1408 490 1433 550 οἱ
1454 491 1500 552 υἱοί
1508 519 1526 552 ν.

247 613 288 692 ἐφ’
313 607 336 692 ᾧ
362 612 419 692 καί,
450 613 516 692 ὅπερ
544 613 559 670 ό
586 610 711 688 ἀοίδιμος
742 610 847 683 ἐκεῖνος
877 611 1017 687 βασιλεύς,
1048 614 1087 685 ῶς
1117 611 1282 694 διείληπται,
1309 610 1356 672 καὶ
1381 615 1528 694 πρόπαππος

246 739 297 810 τῆς
330 733 473 807 βασιλείας
501 754 553 808 μου
584 727 688 812 ἀφῆκεν
718 732 876 812 ἀτέλεστον,
906 733 923 806 ἡ
955 731 1084 808 βασιλεία
1111 755 1163 810 μου
1194 736 1261 814 πρός
1290 735 1378 814 πέρας
1407 735 1469 814 ἄγει
1491 733 1528 791 καὶ

245 857 365 917 τελεισῖ·
396 855 538 936 διορίζεται
566 854 620 934 γὰρ
651 854 696 914 διὰ
726 857 772 914 τσῦ
802 857 936 935 παρόντος
964 856 1173 936 χρυσοβούλλου
1202 856 1300 936 λόγου,
1332 857 1407 934 ἔχειν
1434 857 1478 932 μὲν
1502 855 1528 913 τὰ

247 978 383 1058 προσόντα
403 975 598 1057 χρυσόβουλλα
624 983 657 1058 τῇ
681 975 859 1058 διαληφθείοη
886 983 967 1059 μονῇ,
995 979 1034 1049 ὡς
1059 977 1224 1052 δεδήλωται,
1252 980 1283 1038 τ“ο
1310 977 1527 1058 ἀπαρεγχείρητον

245 1097 346 1160 τεκαὶ
376 1099 606 1180 ἀπαράθραυοτον,
633 1096 742 1172 καὶμὴ
769 1097 876 1173 τολμᾶν
902 1098 962 1158 τινὰ
988 1104 1041 1158 τῶν
1069 1099 1239 1177 δημοσιακάς
1267 1099 1446 1180 ἐνεργούντων
1473 1097 1526 1156 δου-

245 1221 325 1294 λείας
351 1225 370 1296 ἢ
397 1221 483 1280 αῦτῶν
512 1225 566 1280 τῶν
588 1220 660 1280 κατὰ
685 1219 795 1298 καιρούς
821 1221 1068 1298 παραθαλασσιτῶν
1094 1222 1238 1301 πειρᾶσθαι
1266 1227 1387 1301 μερικῶς
1413 1219 1526 1295 ὴκαθό-

245 1345 297 1405 λου
328 1343 532 1424 ἐπηρεαστικῶς
562 1341 667 1402 ἀθετεῖν
694 1363 719 1401 τι
745 1345 763 1416 ἢ
794 1341 953 1422 ἀνατρέπειν
982 1347 1036 1402 τῶν
1069 1341 1345 1422 ἐμπεριειλημμὲνων
1375 1343 1473 1422 αθτοῑς,
1497 1343 1528 1412 ῶς

246 1465 408 1545 όφειλόντων
431 1463 599 1544 λογίζεσθαι,
629 1466 668 1536 ὡς
691 1463 766 1544 εἴπερ
789 1468 834 1524 νῦν
857 1464 931 1543 παρὰ
957 1470 1007 1540 τῆς
1034 1463 1178 1540 βασιλείας
1201 1485 1253 1540 μου
1281 1464 1467 1544 ἐγεγόνεισαν,
1489 1459 1528 1534 ἐξ·

242 1587 433 1648 κουσσεύεοθαι
460 1585 491 1645 δὲ
507 1584 564 1674 Ισύν
589 1586 690 1657 τούτοις
719 1583 766 1646 καὶ
787 1585 859 1646 κατὰ
880 1587 911 1644 τό
933 1591 982 1661 τῆς
1006 1584 1150 1658 δεκατείας
1172 1587 1244 1647 ἅπαν
1271 1586 1423 1666 κεφάλαιον
1447 1585 1488 1644 ἐπί
1506 1605 1529 1644 τε

242 1716 296 1771 τῶν
316 1707 441 1790 οἰναρίων
460 1706 507 1768 καὶ
521 1708 622 1778 παντός
638 1707 729 1786 ἑτέρου
750 1705 839 1780 εἴδους
858 1704 906 1766 καί
919 1709 1081 1788 πράγματος
1101 1707 1134 1766 τά
1155 1705 1316 1784 δηλωθέντα
1337 1707 1477 1787 πλοιάρια,
1492 1703 1530 1765 καὶ

244 1834 273 1893 ἑν
295 1837 329 1914 τῇ
357 1832 499 1910 θεσσῶστῳ
522 1828 807 1889 Κωνσταντινουπόλει
835 1825 908 1902 ἅπαξ
930 1832 976 1889 τοῦ
998 1829 1120 1890 ἐνιαυτοῦ
1141 1829 1314 1910 καταίροντα,
1338 1831 1379 1902 ὡς
1401 1828 1530 1909 θφείλοντα

244 1953 375 2032 δέχεσθαι
396 1951 443 2012 καὶ
471 1951 504 2011 τὰ
530 1949 569 2031 τῷ
595 1951 706 2030 τοιούτῳ
728 1949 872 2031 κεφαλαίῳ
897 1956 947 2026 τῆς
970 1949 1114 2023 δεκατείας
1136 1951 1282 2030 ἀνήκοντα,
1315 1949 1363 2010 καὶ
1390 1953 1447 2022 τοῖς
1471 1951 1531 2010 κατὰ

242 2074 353 2154 καιρούς
384 2073 523 2154 ἐνεργοῦσι
554 2073 602 2147 τὴν
635 2077 685 2148 τῆς
717 2071 859 2148 θαλάσσης
893 2069 1031 2152 δουλείαν,
1064 2077 1097 2154 ιη’
1129 2071 1262 2154 ἐμφανείᾳ
1291 2077 1346 2132 τῶν
1378 2071 1530 2148 μελλουσῶν

242 2193 398 2277 προβαίνειν
431 2193 645 2268 πεπιττωμένων
682 2189 850 2266 ἀποδείξεων
880 2191 933 2252 ἀπθ
959 2193 1006 2253 τοῦ
1036 2193 1136 2274 μέρους
1165 2197 1216 2268 τῆς
1244 2191 1402 2271 πολλαχῶς
1433 2192 1529 2252 διαλει-

242 2316 355 2396 ρθείοης
377 2313 529 2392 σεβασμίας
556 2319 652 2394 μονῆς,
684 2312 734 2374 είτι
761 2311 806 2372 ἐπὶ
827 2315 930 2374 πάκτον
952 2318 970 2389 ἢ
992 2312 1039 2374 καὶ
1067 2311 1105 2386 είς
1131 2315 1162 2374 τδ
1192 2315 1283 2374 πιστδν
1313 2314 1475 2395 ἐνεργοῦσιν.
1497 2312 1530 2372 εἶ-

244 2438 320 2498 δέναι
349 2438 441 2512 μέντοι
471 2435 577 2516 δρείλει
606 2437 621 2496 ό
648 2433 794 2510 βουληθεὶς
825 2435 971 2515 ἀνατρέψαι
1001 2438 1019 2509 ἡ
1051 2435 1180 2512 άθετῆσαί
1206 2457 1231 2495 τι
1258 2435 1312 2494 σίπδ
1341 2441 1396 2496 τῶν
1428 2436 1531 2516 ἐμπερι-

245 2559 420 2636 ειλημμένων
447 2556 487 2637 τῷ
516 2559 629 2638 παρόντι
657 2557 856 2636 χρυσοβσῦλλῳ
885 2557 965 2638 λόγῳ
994 2562 1044 2634 τῆς
1075 2555 1220 2630 βασιλείας
1247 2578 1309 2637 μου,
1341 2563 1375 2640 τῇ
1407 2558 1459 2617 ἀπό
1487 2562 1531 2618 τῶν

243 2683 334 2757 νόμων
357 2687 436 2762 ποινῇ
460 2679 630 2739 ὑποκείσεται
651 2683 684 2761 τῇ
707 2678 863 2760 κολαζούση
886 2677 947 2750 τοῦς
968 2679 1174 2760 καταφρονητάς
1201 2683 1254 2738 τῶν
1283 2679 1435 2755 βασιλικῶν
1456 2700 1532 2758 προσ-

243 2806 408 2883 ταγμάτων·
433 2801 464 2863 οῦ
493 2804 564 2862 κατά
591 2823 615 2860 τι
646 2801 678 2861 δέ
708 2801 870 2875 λυμανεῖται
899 2799 934 2860 τά
963 2804 1072 2860 τοιαῦτα
1101 2801 1188 2861 πλοῖα
1212 2804 1231 2876 ἢ
1258 2802 1289 2861 τό
1318 2801 1418 2862 πλοῖον
1447 2802 1475 2862 τό
1500 2801 1532 2875 μὴ

245 2923 335 3006 ῥητῶς
362 2925 549 3004 άναταχθῆναι
575 2926 663 2984 πάντα
686 2922 745 2998 εἴδη
768 2944 798 2982 τε
824 2929 878 2984 τῶν
905 2923 1039 3002 έπηρειῶν
1066 2921 1113 2983 καὶ
1139 2921 1296 3003 κεφάλαια·
1326 2923 1462 3004 ὀφείλουσι
1486 2923 1532 3002 γάρ

244 3045 421 3121 ἐξακούεσθαι
455 3048 603 3128 κάνταῦθα,
638 3049 731 3127 ῶσπερ
763 3045 788 3106 εἰ
818 3046 908 3126 βητῶς
941 3045 1141 3124 ἀνεπάχθησαν,
1171 3049 1217 3106 τοῦ
1246 3047 1380 3125 παρόντος
1417 3045 1532 3118 εὐσεβοῦς

245 3169 452 3250 χρυσοβούλλου
478 3167 565 3248 λόγου
595 3173 645 3244 τῆς
673 3167 818 3243 βασιλείας
841 3188 892 3243 μου
923 3167 1035 3243 βεβαίου
1062 3164 1109 3226 καὶ
1136 3166 1272 3248 ἀρραγοῦς
1300 3167 1439 3243 διαμένειν
1466 3167 1531 3245 ἐρεί-

244 3289 342 3361 λοντος
365 3288 404 3361 εἰς
426 3291 472 3350 τὀν
499 3288 586 3350 αἰῶνα
612 3291 657 3349 τόν
681 3290 796 3369 ἅπαντα,
818 3289 1004 3366 γεγενημένου
1030 3287 1116 3347 κατὰ
1142 3289 1195 3346 τόν
1218 3285 1430 3368 ίαννουοίριον
1454 3293 1530 3363 μῆνα

244 3417 302 3488 τῆς
323 3413 486 3492 τετάρτης
509 3409 717 3482 ίνδικτιῶνος
739 3413 794 3471 τοῦ
818 3407 914 3491 ,ςχῑβ
937 3412 1094 3488 τετάρτου
1119 3409 1222 3490 ἔτους,
1246 3408 1275 3468 έν
1299 3403 1321 3488 ᾧ
1343 3407 1390 3470 καὶ
1413 3411 1443 3470 τό
1464 3409 1530 3486 ἠμέ-

243 3554 321 3614 τερον
344 3531 457 3607 εύσεβὲς
479 3532 527 3592 καὶ
548 3530 753 3612 θεοπρόβλητον
776 3531 967 3609 ὑπεσημήνατο
989 3533 1099 3612 κράτος.
1124 3533 1146 3610 †

349 3657 370 3734 †
392 3655 570 3735 Ἰσαάκιος,
594 3655 627 3713 έν
643 3652 773 3735 Χριστῷ
793 3653 836 3733 τῷ
852 3652 915 3732 θεῷ
930 3653 1045 3725 πιστδς
1068 3651 1227 3729 βασιλεῦς
1249 3651 1305 3712 καί
1329 3654 1531 3734 αύτοκροὶτωρ

245 3776 426 3856 Ῥωμαίων,
450 3777 464 3834 ό
488 3773 659 3855 Ἄγγελος.
684 3777 705 3856 †

349 3907 372 3960 Α
389 3911 480 3976 τωρωι
503 3897 524 3976 †
546 3897 769 3978 Κατεστρὼθη
790 3895 823 3956 ἐν
838 3895 880 3976 τῷ
895 3897 1042 3977 σεκρέτῳ
1061 3899 1117 3956 τοῦ
1132 3895 1283 3974 μεγάλου
1305 3896 1532 3978 λογαριαστοῦ,

244 4019 321 4098 μηνὶ
355 4018 555 4102 ίαννουαρίῳ
594 4017 802 4090 ίνδικτιῶνος
832 4016 872 4098 δ’,
906 4018 1118 4098 κατεστρώθη
1153 4017 1192 4077 δὲ
1223 4017 1277 4078 διὰ
1314 4018 1457 4097 Μιχαὴλ
1487 4019 1533 4076 τοῦ

244 4137 461 4220 Παναγιιύτου
493 4139 549 4201 καὶ
576 4139 630 4200 διὰ
655 4144 710 4200 τοῦ
732 4139 865 4216 Λιβαδά
886 4138 1085 4218 Δημητρίου.
1116 4139 1340 4218 Κατεστρῶθη
1368 4139 1402 4200 ἐν
1424 4138 1467 4218 τῷ
1488 4157 1532 4198 σε-

243 4266 348 4344 κρέτῳ
371 4267 425 4324 τοῦ
448 4267 594 4341 γενικσῦ,
619 4261 695 4338 μηνὶ
715 4260 925 4342 θαννουαρίῳ,
949 4258 1163 4333 ίνδικτιῶνος
1179 4259 1213 4340 δ’,
1238 4262 1331 4332 ἔτους
1347 4257 1466 4342 ,ςχΗδ
1489 4257 1534 4318 διὰ

243 4383 421 4466 θεσδώρου
442 4388 498 4444 τοῦ
520 4383 789 4464 ύ1ατζαρηνοῦ.ῒ

347 4509 367 4586 †
391 4505 614 4587 Κατεστρῶθη
639 4503 739 4584 ἐντῷ
762 4504 908 4584 σεκρέτῳ
935 4506 989 4562 τοῦ
1017 4501 1173 4581 μεγάλου
1204 4501 1444 4584 σακελλαρίου,
1467 4497 1534 4579 μηνὶ

243 4626 464 4708 ρεβρουαρίιρ,
489 4625 697 4700 ίνδικτιῶνος
720 4623 754 4704 δ’,
779 4625 834 4686 διὰ
855 4629 909 4686 τοῦ
932 4619 1228 4686 Κλαυδιοπολίτου
1252 4625 1416 4686 Ἰωάννου.
1441 4627 1461 4704 †
