3160 5292
1245 339 1309 407 225

43 533 138 608 τοιαύτην
171 531 370 613 πατριαρχικὴν
405 531 636 612 ἀποκατάστασιν,
670 535 740 592 ίίνστε
772 579 1136 598 ............
1166 535 1214 610 τὴν
1244 536 1306 596 καθ’

42 659 93 730 ὑμᾶς
115 654 195 730 μονήν
221 653 296 732 παρὰ
322 657 369 714 τού
396 656 493 732 μέρους
519 661 569 730 τῆς
595 657 641 714 τού
664 653 785 726 Ἀλσους
809 661 905 734 μονῆς,
929 651 997 714 ἀλλ’
1022 650 1091 716 είναι
1114 656 1308 716 οούτοδέσπστσν

40 777 73 836 ιεὶ
91 775 259 836 ίδιοσύσιατον
281 777 354 836 κατὰ
374 777 423 853 τὴν
444 779 643 859 πατριαρχικὴν
667 779 802 858 ἔγγραφον
825 777 1052 838 ἀποκατάστασιν).
1085 776 1128 838 έπὶ
1144 778 1239 862 τούήτῳ
1253 775 1308 860 γὸιρ

40 894 148 982 ἐγεγήάνει
175 905 209 980 τῇ
236 899 299 958 καθ’
322 899 393 974 ὑμᾶς
421 905 491 982 μονή
517 897 564 960 καὶ
591 900 722 978 ὁπαρίον
744 906 793 975 τῆς
816 899 959 974 βασιλείας
981 921 1033 974 μου
1057 900 1167 982 ὁρισμὸς
1190 901 1307 980 ὁφείλων

39 1023 148 1096 προτεῖναι
172 1023 238 1103 σαίιῄ
263 1020 302 1092 εἰς
326 1019 464 1080 δικαίωσιν
487 1019 534 1082 καί
558 1021 718 1100 ἀσφάλειαν.
741 1022 762 1100 †

118 1146 137 1220 †
159 1141 247 1219 Μηνὶ
270 1143 454 1222 αῐνγούστῳ,
479 1142 688 1214 ίνδικτιῶνος
713 1141 762 1205 ια’.
786 1143 808 1222 †

117 1271 294 1342 Archetypum
310 1271 396 1325 σύατί.
418 1270 489 1326 FIor.
507 1291 556 1325 nro
575 1273 614 1326 65
627 1273 651 1326 ὁ.
682 1271 789 1326 Tabula
809 1271 917 1326 videtur
931 1289 985 1325 εσσε
1006 1273 1073 1326 σοιτί
1089 1273 1172 1326 1268
1188 1271 1305 1340 (6776).

274 1627 395 1694 XCIII.
421 1627 496 1694 Sine
520 1651 614 1713 anno,
637 1649 747 1694 mense
771 1627 855 1713 iulio,
879 1627 943 1694 ind.
968 1627 1043 1694 XII.

32 1809 179 1879 Imperatr-1¹2
199 1812 348 1886 Ίίιεοάοπα,
371 1830 441 1866 κτον·
463 1813 608 1866 Μάαίισὲίιε
625 1813 794 1884 Ραίσοοίοφί,
819 1811 958 1880 coufirmat
980 1814 1157 1882 amptiones
1181 1818 1306 1882 quattuor

265 1917 458 1971 navicularum
481 1918 643 1972 monasterio
665 1935 803 1972 οοινσοεναε
827 1918 862 1972 ab
885 1919 1054 1987 imperatore.

115 2119 136 2198 †
160 2119 288 2198 Πράσεισι
319 2119 369 2194 μέν
403 2125 436 2202 πή
471 2120 678 2200 σεβασμιωτάτῃ
709 2125 780 2202 μονῇ
808 2123 853 2179 τού
882 2119 910 2178 έν
938 2119 1098 2191 ἀποστόλοις
1127 2120 1307 2196 ἠγαπημένον

27 2239 136 2300 Ἰωάννου
163 2246 211 2302 τοῦ
233 2239 377 2318 Θεολὸγου
404 2247 437 2322 τῇ
464 2242 535 2302 κατὰ
562 2242 609 2316 τήν
635 2243 745 2316 ίίάτμον
769 2241 928 2322 διακειμένη
950 2244 1146 2321 προστάγματα
1168 2248 1221 2302 τῶν
1244 2242 1306 2302 ἀοι-

28 2360 97 2434 Ξίμων
127 2363 266 2438 βασιλέων
295 2361 343 2422 καί
372 2371 422 2439 τῆς
450 2364 629 2442 περιποθήτου
659 2363 734 2436 θείας
764 2369 812 2440 τής
845 2363 986 2438 βασιλείας
1013 2384 1075 2444 μου,
1105 2369 1153 2440 τῆς
1184 2363 1307 2440 ἀοιδίμου

27 2481 163 2564 δεσποίνης,
188 2489 273 2562 κνράς
289 2483 407 2564 Είρήνης
429 2483 475 2544 καὶ
499 2485 527 2544 ἐν
551 2485 674 2566 μακαρίᾳ
696 2491 728 2566 τῇ
752 2482 833 2560 λήξει
848 2488 1001 2562 γενομένης
1016 2485 1147 2564 Εύγενίσις
1171 2492 1306 2566 μοναχής,

25 2603 87 2663 ἀλλὰ
109 2605 143 2680 δὴ
166 2605 215 2666 καὶ
236 2609 284 2666 τοῦ
305 2607 484 2686 περιποθήτου
507 2627 559 2682 μου
586 2607 799 2688 αὐτοκράτορος,
825 2601 1001 2687 ἐπικυρούντα
1023 2609 1070 2684 τήν
1093 2615 1146 2668 τῶν
1169 2608 1216 2668 δύο
1240 2629 1307 2669 σαν-

25 2725 113 2787 δσλίων
135 2735 187 2804 τῆς
209 2730 335 2804 τοιαύτης
358 2735 445 2805 μονῆς
467 2728 589 2804 παντελῆ
615 2725 797 2808 ἐξκσυσοείαν,
821 2729 1058 2809 ἀποχαριζομένου
1081 2731 1112 2790 δὲ
1131 2735 1177 2791 τοῦ
1196 2732 1307 2812 ὁρισμοῦ

22 2854 58 2907 τού
76 2851 220 2929 κρατίστου
241 2857 275 2932 τῇ
298 2849 427 2934 βασιλείᾳ
449 2870 499 2925 μου
523 2853 719 2930 αύτοκράτορος
746 2849 793 2910 καὶ
816 2852 916 2931 ἑτέρων
944 2850 991 2912 δύο
1014 2850 1169 2912 οανδαλίων
1192 2849 1307 2925 έξκουσ-

22 2969 83 3030 τείπν
112 2969 186 3032 κατὰ
216 2974 264 3048 τὴν
292 2973 551 3047 ἐπακολουθήσαοαν
578 2976 634 3045 τοῖς
663 2974 804 3052 προτέροις
835 2971 892 3032 δυσὶ
919 2971 1075 3046 σανδαλίοις
1105 2974 1135 3034 ἐν
1160 2979 1226 3034 πᾶσι
1251 2978 1307 3047 τοῖς

20 3093 79 3150 κατὰ
103 3097 155 3168 τἠν
180 3095 330 3169 Ἀνατολὴν
356 3095 560 3174 παραιγιαλίοις
588 3097 698 3174 μέρεσιν
727 3091 899 3166 έξκουτσείαν
922 3115 950 3154 τε
973 3093 1022 3155 καὶ
1043 3093 1222 3174 δεφένδενσιν.
1247 3095 1306 3156 ἐπεὶ

21 3213 45 3271 δὲ
66 3215 275 3296 παρεκλήτευσε
302 3219 351 3292 τήν
378 3215 521 3292 βασιλείαν
544 3237 595 3291 μου
622 3217 636 3274 ὁ
664 3223 713 3293 τῆς
740 3218 865 3292 τοιαύτης
893 3223 979 3294 μονῆς
1005 3218 1207 3298 ήγουμενεύων,
1231 3217 1305 3298 ίερο-

19 3339 131 3417 μὸναχος
158 3337 207 3398 καί
235 3341 381 3410 ὁσιώτατος
409 3340 437 3398 ἐν
465 3341 608 3418 μαναχοίς,
632 3343 706 3418 κύρις
730 3340 883 3420 Γερμανὸς,
913 3339 958 3398 ἵνα
983 3337 1031 3398 καὶ
1058 3339 1094 3399 δι’
1121 3339 1232 3420 ὁρισμοῦ
1257 3345 1307 3414 τῆς

20 3458 152 3532 βασιλείας
178 3481 230 3538 μου
252 3461 410 3534 ἀκολούθως
433 3461 471 3540 τῷ
493 3463 619 3540 γεγονὸτι
641 3459 744 3542 ὁρισμῷ
767 3465 812 3521 τοῦ
835 3462 1013 3542 περιποθήτου
1037 3481 1088 3536 μου
1111 3463 1308 3543 αύτονιράτορος

20 3581 164 3666 ἐπικυρωθῇ
189 3584 207 3657 ή
231 3587 284 3643 τῶν
306 3583 431 3644 τοιούτων
458 3585 596 3663 τεσσάρων
624 3583 778 3643 σανδαλίων
802 3581 970 3662 ἑξκσυσσεία,
994 3584 1011 3657 ἡ
1036 3583 1163 3658 βασιλεία
1186 3605 1237 3658 μου
1260 3585 1308 3660 τὴν

19 3705 186 3782 παράκλησιν
208 3706 287 3765 αύτοῡ
310 3706 348 3780 μὴ
372 3701 550 3778 άπαξιιύσατα
576 3707 621 3766 τδν
643 3706 764 3786 παρὸντα
791 3706 873 3782 αύτῆς
896 3705 1007 3786 ὁρισμὸν
1031 3707 1193 3786 ἑπιχορηγεί
1213 3707 1307 3787 τούτῳ,

19 3823 46 3883 δι’
58 3821 86 3886 ού
107 3827 157 3888 καὶ
180 3827 322 3908 διορίζεται
341 3829 372 3888 τ“ο
391 3829 504 3908 στέργον
523 3826 570 3887 καί
590 3828 700 3906 ἐνεργὸν
719 3825 766 3887 καὶ
782 3824 973 3908 ἀπερίτρεπτον
994 3828 1069 3906 ἔχειν
1084 3828 1144 3900 τούς
1159 3831 1308 3908 προσὸντας

17 3953 43 4026 τῇ
60 3951 190 4031 θειοτάτη
209 3951 292 4032 ταύτῃ
313 3956 382 4032 μονῇ
402 3951 528 4030 ὁρισμούς
546 3957 599 4010 τῶν
623 3947 753 4025 ἀοιδίμων
774 3948 910 4024 βασιλέων
931 3949 977 4009 καὶ
996 3955 1042 4010 τού
1062 3951 1240 4030 περιποθήτου
1256 3971 1307 4025 μου

18 4070 210 4150 α’ντοκράτορος
233 4070 280 4132 καί
303 4072 341 4146 μή
362 4067 605 4147 ἁναλαμβάνεσθαί
619 4091 679 4130 τινα
704 4069 734 4143 ἐξ
754 4071 840 4130 αὐτῶν
862 4077 916 4131 τῶν
939 4071 988 4144 τὰς
1010 4073 1116 4144 σκάλας
1140 4073 1307 4152 κρατούντων

17 4191 159 4264 βασιλικῶν
169 4215 199 4254 τε
215 4193 262 4252 καὶ
277 4199 326 4268 τῆς
339 4193 482 4268 βασιλείας
495 4214 546 4268 μου
557 4196 712 4272 κτημάτων,
728 4193 806 4251 ἀλλὰ
818 4192 850 4266 δὴ
863 4193 909 4252 καὶ
925 4191 978 4250 τιῖνν
991 4199 1170 4274 προσωπικῶν
1185 4195 1215 4254 τὸ
1227 4195 1307 4271 ευχὸν

17 4317 86 4394 χάριν
114 4317 295 4377 σκαλιατικού
322 4312 346 4401 h}
366 4314 535 4396 κσμμερκίου
561 4319 579 4390 ἢ
602 4315 908 4394 ναυλσκαταρτιατικού,
938 4314 1126 4395 ἑκβλητικίου,
1157 4315 1307 4396 έκβλητρι-

17 4435 76 4501 κίον.
98 4439 254 4519 πρατικίου,
276 4435 424 4516 κανισκίου,
448 4437 627 4518 μετρητικίον,
652 4433 874 4516 ἐκπροοωντικίου,
898 4437 1063 4512 διαβατικίον
1085 4441 1103 4512 ἡ
1127 4439 1220 4519 ἑτέρον
1237 4441 1309 4512 τινὀς

17 4559 169 4634 ζητήματος
194 4558 242 4619 καί
264 4559 417 4639 κεφαλαίου
443 4558 644 4634 ὁποιουδήτινος
670 4563 715 4618 νύν
736 4579 767 4619 τε
790 4560 867 4633 ὄντος
889 4557 935 4620 καί
958 4561 1105 4634 μετέπειτα
1127 4560 1307 4637 ἑπινοηθησο-

17 4682 99 4762 μένου,
127 4677 197 4768 [τοῦ]
219 4682 406 4757 τολμήσοντος
429 4728 762 4744 ...........
785 4688 895 4758 ποιῆσαι
912 4684 963 4740 τῶν
981 4679 1130 4762 εἰρημένων
1149 4683 1308 4762 κεφαλαίων

1051 4807 1082 4854 15
