3160 5292
1252 343 1313 408 221

126 537 145 616 †
169 537 209 596 ‘fl
237 537 273 597 δέ
298 537 390 617 τρίτη
417 537 564 617 γραφὴῆ
592 537 816 598 τελειωθεῖσα
838 537 892 597 διὰ
915 539 1022 612 πάσης
1049 543 1107 614 τῆς
1134 537 1316 616 λεχθείσης

46 659 214 734 ουμβουλῆς
244 658 324 719 τσίδε
355 659 473 736 δηλοῖ·
509 659 717 731 ἀνακαινίζιι
751 659 861 737 οῖλλην
895 659 972 736 μίαν
1007 659 1098 720 δόσιν
1132 654 1187 720 νιαὶ
1219 663 1315 740 χάριν

44 783 249 858 πεποιημένην
276 783 356 862 πρδς
382 782 457 854 τοὺς
483 782 673 861 λεχθέντας
700 782 916 864 καλσγήρους
945 780 997 842 ἐπὶ
1028 783 1190 863 οῖρχσντος
1216 785 1316 862 ιιυρσῦ

43 905 208 982 λορέντζου
228 903 395 965 Τιεπέλου
418 904 451 964 έν
475 905 543 965 έτιι
564 903 673 987 ,ασοζ’,
705 903 914 977 ἰνδινιτιῶνος
942 901 990 966 ιδ’.
1015 905 1032 979 ή
1061 904 1096 964 δὲ
1122 907 1221 985 χάρις
1247 925 1315 966 τοι·

43 1025 103 1102 ιίτη
120 1021 175 1102 ῆν·
200 1023 394 1102 «ἀκουσθείσης
413 1031 463 1101 τῆς
487 1026 636 1098 ἑπειευιοῖις
658 1026 781 1102 δεήσεως
803 1025 850 1086 παῖ
871 1026 1075 1105 παρακλήσεως
1097 1031 1146 1104 τῆς
1167 1024 1202 1087 δι’
1222 1025 1317 1098 αθτοὶις

41 1147 86 1218 τοῖς
108 1147 282 1227 νιοιλσγήρους
309 1149 462 1227 γενομένης
488 1146 549 1228 περὶ
576 1156 625 1224 τῆς
652 1149 759 1228 ἀγαθῆς
786 1147 833 1208 καὶ
860 1145 938 1222 ἀξίας
966 1148 1075 1208 ἐπαίνου
1101 1151 1194 1228 φήμης
1218 1147 1315 1228 αθτῶν,

40 1270 69 1327 ἔτι
85 1270 114 1327 νῖι
134 1268 262 1330 δύνανται
280 1270 315 1330 νθι
337 1269 500 1344 ένιβαλσυσιν
524 1271 577 1330 ἀπδ
599 1277 652 1331 τῶν
676 1271 788 1332 έσσδιῶν
803 1291 850 1344 τος
872 1269 919 1332 οιαὶ
940 1277 994 1331 τῶν
1016 1274 1108 1332 πέπων
1130 1291 1177 1343 τος
1200 1273 1316 1348 μουζοθ-

40 1412 72 1466 Ιοια
89 1393 165 1469 χίλια
191 1397 286 1472 σητέρι
310 1390 365 1466 ἔξω
386 1399 435 1469 τῆς
457 1397 538 1469 νήοου
561 1393 673 1476 Κρήτης
701 1393 745 1454 διὰ
770 1396 820 1470 τήν
846 1395 967 1472 [Ισίτμση
993 1395 1023 1454 τδ
1046 1395 1131 1470 νησήν
1153 1413 1208 1472 τος,
1233 1393 1314 1470 ἐδέθη

38 1514 109 1586 ι”ποῖς
136 1515 169 1574 πδ
195 1519 314 1575 τοιοῦτον
341 1517 450 1592 ζήτημα
477 1515 522 1576 διὰ
547 1523 596 1593 τῆς
623 1515 773 1595 λεχθείσης
800 1517 971 1592 συμβουλῆς,
1001 1515 1048 1576 οιαὶ
1074 1517 1091 1590 ῆ-
1119 1517 1209 1598 γραφὴ
1237 1518 1254 1591 ῆ
1284 1518 1315 1576 το

36 1641 135 1696 τοιοῦτον
166 1639 293 1716 ψήφισμα
318 1639 434 1718 φέρουσα
462 1637 584 1719 ἐπέμφθη
612 1639 672 1699 τότε
700 1637 738 1718 τῷ
767 1641 876 1718 ἄρχοντι
902 1637 975 1718 πυρῷ
999 1638 1183 1718 Μπαλλέγνῳ
1210 1637 1257 1698 καὶ
1283 1643 1315 1720 τῆ

37 1758 99 1817 ima
127 1759 280 1842 συμβουλῇ.
312 1761 329 1835 ῆ
359 1761 467 1838 τοιαύτη
498 1759 542 1821 οὖν
572 1763 655 1841 χάρις
685 1760 857 1834 ἀνεκαινίοθη
891 1759 938 1820 καὶ
969 1753 1155 1842 θνεοτερεώθη
1192 1759 1237 1820 διὰ
1270 1763 1316 1819 τοῦ

34 1880 168 1958 λεχθέντος
190 1881 289 1955 δουνὶος
311 1883 450 1964 Βενετίας,
473 1887 554 1964 πυροῦ
577 1885 682 1964 Πέτρου
710 1889 756 1945 τοῦ
780 1883 953 1964 Γραδσνίπου,
984 1883 1054 1958 μετὰ
1083 1887 1133 1958 τῆς
1160 1882 1316 1958 συμβουλῆς

35 2009 76 2060 τιῖνν
91 2003 247 2084 πριεγέδων
269 2003 384 2066 καὶτῶν
401 2001 440 2086 μ’,
463 2006 556 2079 ἔτους
579 2005 664 2088 ,ατζ’,
690 2005 897 2078 ίνδιιιτιῶνος
921 2003 954 2066 ε’.
978 2005 1113 2086 γραφεῖσα
1135 2003 1166 2064 δὲ
1190 2005 1313 2084 ἐπέμφθη

33 2125 62 2200 τῷ
83 2127 200 2208 ἄρχοντι,
224 2126 298 2209 ιιυρῷ
320 2129 483 2209 Μπελλέτιμ
506 2128 544 2207 τῷ
568 2127 756 2210 Ἰουστινιανῷ,
781 2126 857 2188 δουπὶ
878 2129 938 2188 τότε
963 2127 1085 2209 Κρήτης,
1111 2123 1157 2187 καὶ
1179 2132 1213 2210 τῆ
1237 2127 1316 2188 αθτσθ

34 2248 193 2332 οιμβουλῇ».
218 2251 239 2330 †

121 2373 205 2450 †¹H
237 2370 272 2431 δέ
303 2369 332 2433 δ’
361 2375 484 2453 γραφή,
519 2375 592 2448 ῆτις
632 2373 767 2452 ἐγένετο
799 2371 851 2432 ἐπὶ
884 2377 939 2432 τοῦ
973 2373 1160 2450 λεχθέντος
1195 2373 1316 2454 ἄρχον-

31 2511 74 2563 τος
103 2497 204 2575 νιυροῡ
227 2494 354 2575 Πέτρου
377 2493 579 2573 Γραδονίιιου
611 2495 664 2554 διδι
694 2504 751 2572 τῆς
782 2497 878 2556 αθτοθ
905 2493 1107 2576 συμβουλῆς,
1133 2495 1232 2572 δηλοῖ
1259 2497 1316 2571 τήν

29 2617 112 2696 χέριν
139 2617 198 2693 τὴν
225 2618 306 2699 πρδς
333 2618 408 2690 τοὺς
432 2617 592 2698 ῥηθέντας
614 2617 828 2699 καλογήρσυς
850 2617 925 2690 τοθς
949 2617 1115 2697 ἄρχοντας
1137 2617 1171 2678 τδ
1193 2619 1316 2699 χωρίον

30 2743 73 2796 τοῦ
89 2739 229 2820 Στθλου,
251 2740 322 2814 ῆτις
344 2739 479 2815 τοιαύτη
504 2739 605 2800 ἐστίν·
632 2741 695 2800 «δτι
717 2739 752 2798 νδ
775 2740 898 2800 δύνανται
921 2738 956 2798 νδι
978 2739 1121 2799 στέλλουσι
1141 2739 1186 2800 λθ’
1208 2741 1317 2820 χωριά-

29 2879 67 2931 τις
92 2863 146 2920 ἀπο
173 2867 223 2938 τῆς
250 2865 332 2938 νήσου
358 2881 412 2922 των
434 2867 480 2922 τοῦ
507 2863 586 2942 ἁγίου
610 2863 737 2924 Ἰωάννου
764 2861 811 2922 οιαὶ
834 2858 941 2934 σίλλους
963 2860 1012 2936 λη’
1036 2863 1241 2942 ἀγορασμένους
1264 2861 1317 2922 ἀπὸ

29 2988 71 3040 τῶν
96 2987 256 3066 παυροτέρων
287 2983 327 3057 είς
353 2985 398 3046 τδν
425 2985 528 3065 καιρόν,
557 2987 624 3046 ὅπου
645 2986 663 3060 ῆ
689 2984 830 3045 σιδθεντεία
853 2985 991 3062 ἐμάχετον
1019 2983 1089 3059 μετὰ
1110 2987 1156 3044 τοῦ
1179 2984 1317 3060 βασιλέως

27 3113 70 3162 ’.ὠν
91 3108 226 3187 Γραικῶν,
248 3103 292 3168 διὰ
313 3108 348 3167 νδι
369 3108 550 3169 πατοιιιίοουσι
572 3110 618 3168 τὀν
640 3110 721 3168 πέπον
743 3128 800 3188 τος,
828 3107 912 3188 ήγουν
935 3109 965 3168 τ“ο
988 3107 1088 3186 χωρίον
1103 3106 1216 3186 Στθλσυ,
1239 3105 1316 3182 πλη-

27 3229 145 3302 Ιτένοντος
174 3229 220 3290 διὰ
245 3231 307 3302 τσθς
334 3229 487 3308 λεχθέντας
510 3228 550 3302 οῖ’
572 3233 710 3311 χωριοίτας
735 3227 773 3301 εἰς
795 3231 826 3290 τδ
848 3229 1002 3306 πομσοθνην
1026 3232 1079 3288 πᾶν
1105 3229 1205 3307 χρόνον
1232 3228 1316 3308 ὑπέρ-

26 3369 97 3430 τερον
126 3355 166 3432 ἕν,
195 3353 286 3434 ὥσπερ
313 3351 360 3412 οιαὶ
387 3355 440 3425 έως
466 3353 534 3433 τέρα
559 3355 717 3427 νοίμνουσιν.
747 3352 870 3431 ἐπέμφθη
899 3349 930 3411 δέ
952 3352 969 3426 ῆ
993 3349 1126 3429 λεχθεῖσα
1147 3351 1238 3431 γραφὴ
1260 3351 1317 3422 τοῖς

24 3479 128 3552 παροῦσι
152 3474 200 3535 καὶ
225 3474 365 3551 ἐσομένοις
388 3471 462 3548 δσυξί
486 3475 578 3544 έτους
602 3473 686 3556 ,ατζ’,
710 3471 919 3546 ίνδιιιτιῶνος
940 3473 973 3554 ε’,
997 3474 1100 3549 μηνδς
1123 3470 1246 3533 ίουνίου
1270 3469 1316 3554 ιβ’,

25 3603 165 3657 τωιοτῶαα
193 3594 317 3675 ἐσχάτως
343 3597 388 3658 τίν
410 3617 441 3657 τε
468 3597 526 3674 βίον
553 3595 600 3656 οιαὶ
625 3597 674 3672 τῆν
702 3598 794 3676 φήμην
822 3597 908 3656 σῖπῶν
937 3599 992 3655 τῶν
1014 3594 1183 3676 ναλσγήρων
1204 3591 1252 3654 ναί
1273 3593 1318 3654 ίνσι

25 3718 57 3791 μή
81 3719 181 3779 πλεῖον
209 3719 294 3800 βίρσς
323 3721 421 3797 έχωσιν
450 3716 524 3780 αθτσὶ
553 3717 600 3778 ιιαὶ
623 3717 647 3777 σί
670 3717 732 3778 ἴδιοι
755 3719 890 3798 χωριοίται
911 3721 930 3792 θ,
953 3719 983 3778 τδ
1005 3717 1077 3778 κατὰ
1099 3717 1225 3799 περίοδον
1246 3717 1317 3798 χρό-

25 3860 63 3898 νον
84 3844 220 3922 παρέχειν
242 3841 281 3920 τῷ
304 3841 398 3922 κοινῷ,
422 3843 546 3921 καθάπερ
570 3840 684 3922 εἴρηται,
708 3841 858 3922 θπέρπυρσν
882 3838 985 3920 α’».,ῆ

120 3966 206 4044 †‘H
235 3963 271 4025 δὲ
297 3963 317 4024 ε’
348 3959 479 4049 [γραφὴ]
508 3965 526 4038 ῆ
553 3965 741 4042 πεμφθεῖσα
773 3962 817 4041 τῷ
852 3959 988 4044 ἄρχοντι
1023 3961 1112 4044 πυρῷ
1135 3962 1256 4022 Βιδοίλι
1283 3963 1317 4022 τδ

25 4085 156 4168 λίιαιέλ,
184 4085 280 4147 δουνιὶ
303 4087 450 4167 Κρήτης,
473 4085 554 4146 τοῖδε
573 4084 686 4164 φησίν·
714 4085 773 4146 «ὅτι
795 4086 856 4157 τοὺς
878 4085 1055 4165 καλογήρους
1076 4087 1122 4145 τοῦ
1138 4084 1241 4144 Στθλου
1265 4084 1317 4144 ἀτδ

22 4213 62 4266 ’.εὖ
83 4215 131 4268 νῦν
155 4209 201 4268 καὶ
226 4209 377 4290 ἔμπροσθεν
401 4207 435 4266 νδι
458 4207 545 4284 μηδὲν
567 4209 628 4279 τσὺς
653 4209 754 4289 βαρθνη
777 4207 864 4266 πλέον
886 4207 960 4278 τινὰς
982 4209 1000 4281 ή
1023 4207 1189 4286 ιιαβαλοὶρης
1210 4209 1228 4281 ή
1252 4227 1316 4286 φευ-

24 4327 111 4408 δίδος,
140 4333 179 4392 ὅτι
201 4331 236 4390 νδ
259 4331 358 4392 δίδσυσι
380 4331 467 4391 πλέον
489 4329 597 4402 τίποτες
619 4329 756 4390 κανίσκιον
778 4331 796 4404 ῆ
820 4329 888 4399 ζῶθν
908 4347 964 4406 τος,
988 4328 1061 4386 ὡσδιν
1085 4330 1226 4402 ουνήθιζσν
1247 4330 1316 4407 πρέ-

23 4471 95 4530 τερον
117 4453 194 4514 αῖιτοὶ
216 4452 240 4514 σί
263 4452 452 4534 παβαλλοῖροι,
476 4453 509 4512 νὰ
531 4453 593 4524 τους
609 4451 789 4532 ατενέβσυσιν,
812 4451 845 4510 νδ
869 4449 959 4511 δίδουν
982 4453 1035 4510 πσῖν
1058 4453 1157 4531 χρόνον
1179 4450 1317 4512 κανίοκιον

21 4575 64 4634 παῖ
87 4577 213 4650 εῖιτιὸλως
235 4575 282 4637 οιαὶ
306 4573 422 4651 ἑτοίμως
445 4575 479 4635 νδ
501 4577 664 4654 ποιήσουσιν,
690 4575 730 4634 ὅτι
752 4575 786 4634 νδι
808 4574 870 4646 τοὺς
893 4572 1086 4653 ἀποδώσουσιν,
1110 4575 1178 4654 ἅπερ
1202 4574 1318 4654 ἐπήρασι

22 4695 107 4770 βέδια.
141 4697 189 4758 καὶ
211 4701 249 4759 ὅτι
273 4698 325 4758 έπδ
349 4703 395 4758 τοῦ
417 4703 460 4759 νῦν
488 4697 535 4758 νιαί
560 4697 709 4778 ἔμπροσθεν
731 4696 766 4754 νὰ
789 4696 938 4756 δισῖνιεινται
961 4693 1000 4768 εἰς
1023 4695 1117 4768 αθτσθς
1143 4696 1204 4766 τοὺς
1226 4695 1317 4755 καλο·
