3162 5278
1247 345 1311 408 285

32 537 101 608 μονὴν
130 541 179 612 τῆς
203 536 327 613 Πάτμου,
357 534 553 596 αύτοδέσποτάν
579 555 610 595 τε
640 533 687 594 καὶ
713 535 776 594 καθ’
801 536 907 610 έαυτην,
935 537 981 596 τδν
1009 536 1040 596 δέ
1062 557 1097 613 γε
1123 544 1312 612 πνευματικῶς

31 665 71 716 των
95 659 122 716 ἐν
149 658 217 738 αύτῇ
246 657 453 732 ἐναακουμένων
480 653 611 735 μσνοιχῶν
637 657 833 736 προϊστάμενον
861 655 957 732 μηδενί
983 653 1120 738 προσώπῳ
1146 657 1310 737 κοσμικῷὴ

32 777 234 856 ἑκκληοιαστικῷ
263 778 441 854 ὑποκείμενον
470 775 591 858 πώποτε,
621 779 670 854 τἠν
697 779 895 860 πατριαρχικὴν
928 779 959 839 δέ
992 781 1076 856 μάνην
1108 779 1312 859 μεγαλειύτητα

29 902 136 978 κεφαλὴν
161 901 349 980 ἐπιγινώσκειν
371 905 585 976 πνευματικήν»,
617 903 685 982 προς
708 901 739 961 δὲ
762 907 795 984 τῇ
817 907 866 976 τῆς
890 906 976 978 μονῆς
997 905 1142 984 κυριύτητι,
1166 903 1245 962 αύτδν
1267 905 1312 962 τδν

29 1031 66 1096 της
90 1029 176 1098 μονῆς
203 1023 410 1100 καθηγούμενον
436 1023 640 1102 παρεκελεύετο
667 1021 857 1098 πνευματικῶς
885 1020 1021 1102 διεξάγειν
1047 1023 1111 1096 τούς
1138 1024 1167 1083 ἐν
1190 1026 1312 1108 αύτῆτῇ

28 1149 88 1223 νήσῳ
111 1145 217 1224 Πάτμῳ
244 1142 384 1215 οίκούντας
410 1147 513 1215 πάντας
540 1144 586 1206 καὶ
607 1147 712 1216 πάντας
733 1143 795 1216 τούς
817 1145 846 1203 ἐν
868 1149 924 1216 τοῖς
946 1151 995 1223 τῆς
1018 1153 1105 1222 μονῆς
1126 1150 1245 1222 κττημοισι
1267 1145 1315 1206 καί

28 1267 153 1344 μετοχίοις
176 1267 419 1348 προοκαθημένσυς
442 1265 488 1326 καί
511 1268 611 1327 τούτων
635 1268 709 1345 ἔχειν
731 1268 780 1340 τἠν
802 1267 987 1342 πνευματικὴν
1010 1268 1148 1348 ἀνάκρισιν
1175 1268 1222 1328 καί
1246 1267 1314 1328 διοί-

27 1410 93 1462 κησιν
126 1387 175 1448 καὶ
205 1388 358 1464 ποιμαίνειν
387 1390 496 1460 τούτους
524 1397 713 1464 πνευματικῶς
747 1389 819 1448 κατά
847 1389 896 1464 τὴν
927 1389 1038 1450 ἐνοῦσαν
1069 1389 1141 1470 αύτῷ
1172 1390 1313 1470 διάκρισιν,

28 1513 145 1585 σέμνωμα
174 1513 252 1570 τούτο
280 1505 349 1570 εἶναι
377 1513 477 1590 φάσκον
504 1517 537 1593 τῇ
561 1515 632 1592 μονῇ
653 1512 845 1590 τροσαρμάσαν
868 1511 1001 1571 ἀνέκαθεν
1026 1511 1059 1571 ἐκ
1080 1517 1130 1587 τῆς
1151 1533 1314 1592 πατριαρχι-

26 1639 68 1704 κῆς
93 1631 313 1710 μεγαλειότητος
344 1632 390 1692 διά
416 1633 446 1691 τδ
473 1633 520 1691 τὀν
547 1633 699 1706 ἐπιστηθιον
727 1633 852 1709 μαθητήν
873 1653 904 1692 τε
933 1632 980 1692 καί
1008 1632 1160 1694 ἀπόστολον
1184 1635 1315 1710 Ἰωάννην

25 1757 62 1810 :bv
90 1753 236 1832 θεολύγον
268 1754 297 1812 ἐν
328 1755 410 1834 ταύτῃ
443 1760 475 1835 τῇ
504 1756 579 1833 νήσῳ
605 1757 635 1812 τδ
663 1755 735 1814 θεῖον
763 1755 969 1834 συγγράψαοθαι
1002 1755 1176 1834 εύαγγέλιον.
1213 1755 1252 1815 ἔτι
1283 1755 1315 1815 δὲ

25 1875 177 1950 ἐπεραίνετο
208 1873 339 1950 «μηδένα
364 1880 418 1934 τῶν
446 1875 597 1954 ἀρχιερέων
625 1875 793 1954 παρείσδυσιν
816 1896 874 1934 τινα
903 1877 1050 1951 κεκτῆσθαι
1077 1878 1107 1935 τύ
1134 1879 1262 1956 παράπαν
1286 1878 1315 1936 έν

25 2017 65 2054 τινι
89 2003 144 2056 τῶν
172 1996 223 2056 ύπδ
252 1997 301 2070 τὴν
329 1997 413 2070 μονήν
439 1997 591 2056 τελούντων
617 1999 774 2077 κτημάτων,
798 1997 861 2056 ούδέ
887 2018 912 2056 τι
940 1997 1129 2078 ἀρχιερατικδν
1157 1999 1200 2058 ἐπ’
1226 1999 1315 2071 αὐτοῖς

24 2118 189 2197 διενεργηοοιι
211 2119 436 2198 λειτούργημα».
464 2119 532 2198 προς
554 2119 662 2190 τούτους
685 2118 716 2178 δὲ
740 2117 876 2198 διωρίζετο
904 2119 949 2178 ἵνα
975 2118 1074 2198 «εἴπερ
1102 2119 1187 2200 δεηθῇ
1217 2120 1316 2199 ἀρχιε-

23 2241 87 2316 ρέως
114 2241 128 2298 ύ
156 2241 228 2300 κατά
259 2241 370 2319 καιρούς
396 2241 619 2320 καθηγούμενους
652 2239 697 2300 ἐπὶ
734 2241 888 2322 χειροτονίᾳ
922 2244 940 2314 ἢ
972 2241 1048 2322 ἀλλῃ
1079 2240 1130 2300 τινὶ
1159 2239 1318 2324 ἱεροπραξίρ

24 2363 220 2440 μετοικαλῆτοιι,
243 2363 333 2422 ὅντινα
356 2361 515 2442 αἱρετίοεται
542 2367 595 2420 τῶν
619 2361 803 2442 ἀρχιερέων.»
829 2360 877 2421 καὶ
900 2363 966 2438 αύτη
991 2362 1040 2437 μὲν
1063 2363 1081 2437 ἡ
1104 2361 1249 2442 περίληψις
1271 2368 1318 2424 τοῦ

23 2481 231 2563 ἐικληρθέντους
262 2484 399 2562 οιγιλλίου
427 2487 473 2542 τού
503 2483 593 2562 κυρίου
621 2484 744 2559 Συμεών.
778 2486 809 2544 το
840 2483 871 2544 δὲ
901 2489 947 2544 τοῦ
976 2482 1067 2564 κυρίου
1095 2483 1257 2564 Παχωμίου,
1287 2485 1318 2544 τδ

22 2609 133 2686 γεγονὸς
152 2606 225 2666 κατά
239 2606 270 2665 τδ
287 2605 347 2687 ,ζιγ’
369 2605 441 2684 ἔτος,
463 2604 510 2664 καί
532 2609 608 2664 τοῦτο
634 2605 701 2680 «τἠν
724 2603 843 2684 ἀρχαίαν
867 2604 1025 2686 ἐλευθερίαν
1048 2603 1094 2665 καὶ
1115 2609 1146 2666 τ“ο
1170 2607 1317 2666 ἀκαταπά-

21 2749 96 2802 τητον
123 2734 179 2786 τῶν
209 2727 414 2802 ἐνασκουμένων
443 2732 573 2804 μοναχῶν
601 2727 630 2786 ἐν
657 2727 724 2807 αύτῇ
751 2732 784 2808 τῇ
807 2725 945 2808 σεβασμίᾳ
972 2732 1042 2806 μονῇ
1064 2733 1113 2802 τῆς
1137 2728 1250 2802 Πάτμου
1272 2726 1320 2788 καί

21 2849 47 2906 τε
70 2849 274 2928 ἀνεπηρέαστον
302 2851 348 2908 τού
369 2849 523 2928 ἡγουμένου
552 2847 691 2928 διωρίζετο
720 2845 767 2908 καὶ
793 2847 855 2918 τούς
878 2849 907 2907 ἐν
930 2849 996 2929 αύτῇ
1020 2846 1159 2918 οἰκούντας
1182 2848 1320 2926 μοναχούς

21 2971 62 3029 τὶν
88 2971 164 3031 κατὰ
192 2972 254 3030 θεον
282 2971 432 3046 ἀμέμπτως
454 2970 643 3030 πολιτεύεσθαι
667 2967 725 3044 βίον
748 2967 795 3029 καί
818 2971 867 3045 ζῆν
890 2969 920 3028 ἐν
943 2970 1009 3050 αύτῇ
1032 2970 1251 3048 ἀνεπηρεάστους
1272 2969 1320 3030 καί

22 3092 253 3164 ἀτκανδοιλίστους
274 3091 349 3172 παρὰ
375 3097 427 3150 τῶν
451 3091 524 3151 κατὰ
545 3093 656 3172 καιρούς
681 3093 741 3163 ταῖς
768 3088 934 3170 φιλοδοξίαις
963 3090 1179 3166 ἐπιμαινομένων
1203 3089 1249 3151 καὶ
1271 3092 1320 3163 τὰς

21 3213 148 3295 ἀκαίρους
174 3212 359 3292 ἡγουμενεύκς
385 3215 545 3292 ὑφαρπάζειν
575 3213 816 3293 ἐπιχειρούντων»,
853 3213 891 3272 ἐτι
919 3213 950 3272 δὲ
983 3211 1181 3292 προσεβεβαίου
1214 3211 1261 3272 καὶ
1290 3213 1321 3272 τ“ο

20 3335 224 3414 προδιαληφθὲν
253 3335 447 3416 πατριορχικδν
477 3337 595 3415 γράμμα
626 3340 672 3395 τού
702 3335 793 3414 κυρίου
819 3334 945 3410 Συμεών,
977 3334 1191 3413 ἀποφαινόμενον
1221 3334 1321 3412 «ἔχειν

21 3459 81 3516 αἰιο
111 3460 142 3518 τ“ο
171 3457 375 3533 ἀμεταπσίητον
401 3454 448 3517 καί
471 3457 674 3536 ἀμετάτρεπτον
700 3455 747 3516 καὶ
771 3455 879 3534 ἑδραῖον
906 3455 952 3514 σύν
974 3458 1031 3527 τοῖς
1054 3456 1158 3535 ἑτέροις
1179 3455 1322 3533 παλαιγε-

19 3583 72 3640 νέοι
100 3582 249 3660 γράμμασι
279 3577 327 3640 καὶ
360 3579 453 3651 καθὼς
487 3579 620 3638 ἀνέκαθεν
655 3577 841 3658 ἐπεκράτησεν
868 3578 901 3636 ἐκ
926 3581 973 3637 τού
1000 3579 1062 3658 ὅρου
1089 3582 1135 3638 τοῦ
1161 3578 1209 3652 τὴν
1238 3579 1323 3654 μονὴν

20 3704 200 3782 δειμαμένου,
222 3702 285 3762 κατ’
309 3702 431 3780 ἐκλογὴν
459 3703 492 3762 ἐκ
518 3703 603 3776 μέσου
630 3703 717 3762 αὑτῶν
744 3703 829 3762 ποιεῖν
852 3701 1014 3782 ἡγούμενον,
1045 3701 1074 3758 δν
1099 3703 1131 3759 ἀν
1159 3700 1322 3780 ἐθελήσωσι,

18 3825 62 3883 καὶ
89 3827 183 3885 πάντα
210 3825 245 3884 τά
269 3825 453 3900 νενομισμένα
481 3826 570 3894 αύτοϊς
598 3817 667 3884 εἶναι
698 3823 798 3898 βέβαιοι
827 3821 873 3882 καὶ
904 3821 944 3894 εἰς
970 3823 1000 3882 τ“ο
1024 3821 1149 3898 διηνεκὲς
1176 3822 1323 3900 άποιρασά-

19 3944 119 4028 λεντα,
155 3945 218 4017 τούς
249 3945 280 4004 δὲ
309 3944 371 4006 καθ’
400 3945 554 4020 οἱσνδήτινα
582 3946 680 4026 τρόπον
710 3945 903 4022 τολμήσαντας
932 3944 1065 4004 σαλεύοαί
1090 3965 1115 4003 τι
1144 3943 1244 4003 τούτων
1276 3941 1325 4002 καὶ

20 4074 204 4145 μετακινῆσαι
224 4066 365 4148 ἀφοριομῷ
388 4067 480 4147 ἀλύτῳ
502 4067 732 4142 καθυπεβάλλετο
754 4066 807 4125 ἀπδ
830 4067 892 4125 θεοῦ
915 4067 1165 4146 παντοκράτοροςν·
1188 4063 1235 4124 καὶ
1256 4065 1325 4145 πρὸς

18 4193 123 4263 τούτοις
159 4188 237 4262 αύθις
267 4188 440 4268 ἀπεφαίνετο,
475 4189 514 4260 ὡς
547 4187 575 4248 εἴ
598 4209 624 4248 τι
652 4188 727 4268 παρὰ
760 4191 844 4247 ταῦτα
877 4188 958 4264 τυχδν
987 4189 1104 4266 γέγονεν
1133 4189 1152 4260 ἢ
1180 4188 1325 4264 γενήσεται

19 4312 232 4386 ἐναντιούμενον
258 4317 292 4392 τῇ
321 4316 391 4392 μονῇ
419 4308 466 4370 καὶ
493 4312 549 4382 τοῖς
578 4309 607 4368 ἐν
631 4311 698 4390 αύτῇ
727 4311 858 4386 μοναχοῑς
881 4306 928 4368 καί
950 4310 1018 4386 προς
1040 4307 1195 4368 σκάνδαλον
1218 4308 1326 4387 ἀφορῶν

17 4437 33 4506 ἡ
57 4434 187 4494 καθόλου
212 4435 232 4506 ἢ
256 4431 285 4491 ἐν
313 4433 401 4512 μέρει,
431 4433 461 4490 τδ
488 4435 605 4492 τοιοῦτον
633 4425 776 4510 ἀνίοχυρον
804 4425 874 4490 είναι
903 4427 950 4490 καί
978 4424 1116 4509 ἄπρακτον
1145 4427 1193 4488 καί
1221 4430 1259 4499 ὡς
1282 4428 1326 4510 μὴ

18 4551 86 4616 εἶναι
113 4554 192 4632 μηδὲ
214 4555 331 4632 γεγονὸς
357 4553 526 4635 λογίζεσθαι,
554 4553 632 4612 ἀλλὰ
658 4551 838 4631 φυλάττεσθαι
865 4551 913 4628 τὴν
941 4550 1058 4631 ἀρχαίαν
1085 4545 1160 4622 τάξιν
1190 4549 1326 4625 ἀμετακί-

17 4699 96 4752 νητον
130 4673 181 4736 καὶ
215 4675 375 4736 ὑποκεῖσθαι
407 4680 440 4756 τῇ
475 4672 613 4753 καθολικῇ
649 4673 762 4754 μεγάλῃ
797 4671 935 4754 ἐκκλησίᾳ
968 4671 1016 4735 καὶ
1044 4671 1083 4750 τῷ
1112 4669 1183 4732 κοτά
1216 4671 1328 4754 καιρούς
