3228 5294
1315 351 1355 416 61

163 543 198 604 δ’.
225 545 261 604 ‘O
283 544 370 604 τοίνυν
397 551 451 604 τῶν
478 545 565 622 ἀγίων
594 544 706 604 ἐκείνων
738 547 808 626 έρως
834 543 882 604 καὶ
907 547 938 604 τδ
965 549 1052 619 νεῦμα
1078 543 1118 616 εἰς
1143 548 1219 604 τοῦτο
1242 546 1272 603 τό
1295 545 1358 625 όρος

63 666 236 744 περιαγαγὼν
265 668 341 742 ἡμᾶς
371 667 470 742 ἔστησε
500 664 547 728 καὶ
575 668 622 727 τόν
653 669 753 728 σκοπόν
782 668 862 744 ἡμῶν
889 666 918 726 ἐν
950 663 1022 745 αύτῷ
1053 663 1101 725 καί
1127 665 1222 744 ἀγῶνα
1247 666 1359 742 θέμενοι

64 791 131 865 τίχα
147 786 269 848 σύστασίν
284 809 344 848 τινα
357 791 552 868 πνευματικήν,
573 790 644 850 κατσί
658 810 694 867 γε
713 789 798 869 κρίσιν
818 789 867 863 τὴν
887 786 1065 868 ἀνθρωπίνην,
1086 787 1115 848 έν
1136 787 1208 868 αύτῷ
1224 787 1357 863 ἐποιήσα-

65 931 119 982 μεν.
142 909 190 970 καί
211 912 371 990 προήγαγεν
391 912 409 984 ἡ
429 914 476 970 τοῦ
497 911 559 971 θεοῦ
574 909 638 990 χεὶρ
653 912 671 984 ἡ
688 910 733 969 σύν
756 912 821 986 ἡμῖν
843 911 893 986 τὴν
916 911 944 970 έν
967 909 1005 990 τῷ
1028 910 1085 990 όρει
1108 911 1193 990 τούτῳ
1215 909 1357 990 διαγωγὴν

66 1029 100 1102 εἷς
127 1032 234 1110 ἀγαθήν
261 1052 321 1092 τινα
348 1029 536 1112 περιφάνειαν·
567 1032 639 1092 κατὰ
666 1033 811 1108 συσκηνίας
837 1033 893 1112 γάφ
919 1029 991 1108 ἦμεν
1019 1033 1047 1093 έν
1073 1033 1159 1112 τούτῳ
1185 1031 1357 1111 ἀσκούμενοι,

65 1151 105 1210 καὶ
126 1161 164 1230 πῆ
193 1153 245 1228 μὲν
272 1153 336 1214 «δύο
363 1152 410 1213 καί
433 1157 506 1234 τρεῖς
529 1154 559 1214 έν
580 1153 619 1232 τῷ
646 1154 758 1230 ἀνόματι
787 1153 916 1234 κυρίου»,
946 1154 1017 1214 κατὰ
1047 1155 1077 1213 τό
1108 1153 1180 1235 ἱερδν
1210 1151 1257 1215 καὶ
1286 1155 1358 1214 θεῖον

66 1273 133 1352 ἔπος,
157 1274 309 1354 ἐτύγχανον
331 1275 561 1356 προσκαθήμενοι,
583 1282 621 1352 πη
646 1276 677 1336 δὲ
698 1275 746 1336 καί
767 1277 896 1348 πλείονες
920 1275 965 1336 ἐπὶ
980 1277 1010 1336 τό
1033 1277 1096 1336 αῦιδ
1118 1277 1164 1336 τδν
1185 1275 1357 1351 κοινοβιακδν

66 1390 118 1466 βίον
141 1395 259 1476 εἴλοντο,
282 1395 329 1458 καὶ
352 1396 484 1475 ἀλλαχοῦ
506 1397 537 1456 δὲ
560 1397 746 1478 πολυάριθμον
769 1401 858 1478 στῖφος
882 1398 1044 1482 διῃρημένον
1068 1399 1127 1474 ἀμα
1146 1396 1193 1457 καί
1215 1399 1357 1474 ἡνωμένον

66 1516 192 1597 ἐφαίνετο,
223 1519 272 1596 ὡς,
301 1520 366 1600 φέρε
396 1516 491 1599 εἰπεῖν,
521 1517 625 1598 λαύραν
655 1521 806 1591 ἀποσώζειν
834 1521 952 1600 τούτους,
981 1521 1052 1580 κατὰ
1082 1521 1130 1594 τἠν
1157 1524 1211 1579 τῶν
1233 1521 1357 1598 πατέρων

66 1637 176 1716 ἀρχαίαν
199 1639 351 1719 παράδοσιν
374 1641 437 1700 καθ’
461 1641 577 1718 έκσίσιην
600 1641 731 1722 κυριακὴν
755 1641 915 1716 ένσυμένους
942 1640 989 1701 καί
1012 1642 1060 1716 τὴν
1083 1638 1189 1714 σύναξιν
1213 1641 1271 1717 ἀμα
1294 1641 1356 1701 ἐπι-

65 1759 205 1833 τελοῦντας
238 1760 286 1820 καί
316 1761 428 1836 ὁμιλίας
466 1763 646 1842 ψυχωφελοῦς
680 1764 820 1839 ἀλλήλοις
853 1763 1064 1842 μεταδιδόντας,
1098 1761 1146 1822 καί
1180 1761 1255 1834 σάθις
1289 1762 1357 1822 οίκοι

66 1882 268 1955 ύπονοστσῦντας
298 1882 344 1942 καὶ
380 1886 443 1944 καθ’
470 1885 586 1964 ἡσυχίαν
616 1886 645 1945 ἐν
675 1884 851 1964 ψαλμιρδίαις
879 1883 927 1945 καί
958 1884 1126 1965 ἐργοχείροις
1159 1885 1208 1960 τὴν
1240 1885 1358 1960 ἑκοίσιης

67 2003 215 2079 ἑβδομάδος
243 2004 399 2077 διανέοντος
427 2003 595 2087 ἑξαήμερσν·
624 2005 671 2066 καί
696 2009 785 2067 πάντα
807 2004 878 2085 ἦμεν
900 2006 1051 2086 ἀλλήλοις,
1075 2008 1168 2086 ἕτερος
1195 2005 1236 2084 ὑφ’
1264 2007 1357 2086 έτέρσυ

66 2127 126 2204 πρός
147 2129 176 2186 τδ
199 2133 250 2202 τῆς
272 2127 372 2206 ἀρετῆς
395 2127 538 2188 ἀνόθευτον
562 2129 642 2208 ἔργον
664 2130 889 2208 παραθηγόμενοι
895 2175 904 2208 ,
927 2127 973 2189 καί
996 2128 1031 2188 τύ
1053 2133 1102 2203 τῆς
1125 2127 1302 2206 κοινοβιακῆς
1325 2127 1356 2188 δὲ

67 2247 199 2326 ἀκριβείας
225 2249 295 2324 μετὰ
317 2249 426 2310 πολλοῦ
441 2253 487 2309 τοῦ
502 2253 642 2330 περιόντος
663 2253 719 2322 τοῖς
735 2248 777 2322 εἰς
799 2255 875 2310 τοῦτο
897 2251 1075 2328 τεταγμένοις
1098 2248 1267 2310 ἀνεδείκνυτο
1289 2271 1356 2310 κατ-

68 2370 225 2450 ορθούμενα,
257 2371 296 2447 μὴ
326 2373 398 2430 κατοί
424 2393 449 2431 τι
480 2371 668 2447 ἀλλοιούμενα
698 2371 764 2448 μηδ’
795 2372 916 2432 ὁπωσοῦν
945 2373 1226 2452 παραχαραττόμενα.
1254 2375 1357 2442 ῶπῶς

67 2489 187 2570 ἀδακρυτὶ
221 2492 270 2566 τὴν
304 2493 405 2552 τούτων
441 2492 547 2571 ἐνέγκω
582 2494 706 2569 μνημηνί
739 2495 790 2553 ούκ
815 2493 930 2568 ἠκούετο
960 2493 1034 2574 παρὰ
1071 2495 1128 2564 τοῖς
1155 2493 1202 2553 σύν
1228 2495 1293 2568 ἡμῖν
1328 2493 1378 2560 ἐν,

67 2609 219 2692 τῷῶοῖτρῳ
241 2615 481 2692 προσκαθημένσις
505 2615 623 2690 ἄσεμνός
644 2635 711 2676 ποτε
733 2615 840 2694 ὁμιλία,
864 2617 915 2693 ούχ
931 2616 1036 2696 έωράτο
1051 2617 1115 2695 παρ’
1134 2615 1247 2687 ἐκείνοις
1267 2611 1356 2695 ἀπρε-

67 2736 114 2806 πίς
133 2755 199 2794 ποτε
223 2735 367 2814 συναυλία,
391 2739 441 2796 οῦκ
462 2733 496 2812 ἡν
518 2738 582 2817 παρ’
608 2737 721 2809 ἐκείνοις
744 2736 833 2816 ἔριδος
855 2739 873 2812 ἢ
898 2736 991 2812 μίσους
1013 2739 1031 2810 ἢ
1060 2737 1210 2812 βασκανίας
1226 2734 1356 2818 ἔνδειξις,

69 2855 110 2912 ούκ
129 2853 162 2932 ἦν
183 2859 258 2936 παρσί
279 2878 328 2916 τινι
355 2863 409 2917 τῶν
433 2859 461 2917 ἐν
484 2857 629 2932 κοινοβίοις
653 2859 744 2918 ἐκεῖσε
767 2857 953 2934 διαιτωμένων
977 2857 1113 2928 ίδισίζουσα
1137 2859 1211 2930 ύλως
1232 2857 1280 2918 καὶ
1302 2879 1356 2935 με·

70 2977 122 3051 ρικὴ
143 2975 188 3036 καί
210 2976 331 3058 λαθραία
353 2973 449 3056 γηίνσυ
468 2980 541 3052 τινός
562 2977 689 3060 ύπαρξις,
712 2979 780 3040 ἀλλ’
803 2976 837 3057 ἦν
859 2985 933 3039 πᾶσα
958 2979 1017 3040 ἐκεῖ
1037 2978 1084 3039 καί
1108 2979 1136 3038 έν
1158 2985 1237 3040 πᾶσιν
1260 2982 1357 3052 ἀπλῶς

69 3096 256 3174 πολιτευομένη
280 3101 479 3182 εὐσχημοσύνη,
503 3101 714 3183 ἀπραγμοσύνη,
738 3101 926 3182 ἀκτημοσύνη,
950 3101 1128 3183 ἀγαθωσύνη,
1151 3101 1286 3180 ἀγιωούνη
1309 3101 1356 3162 καί

71 3217 187 3280 ἐπίπᾱτι
210 3220 314 3294 τούτοις
339 3224 397 3293 τοῖς
418 3219 611 3304 κατορθώμασι
632 3229 687 3283 τῶν
709 3223 814 3305 ἀρετῶν
836 3225 853 3298 ἠ
876 3223 1000 3304 κορωνίς,
1023 3227 1040 3299 ἡ
1063 3225 1299 3304 ταπεινοφροοιίνη.

161 3341 194 3403 ε’.
219 3343 301 3402 Ἀλλ’
325 3347 348 3402 ῶ
370 3349 424 3402 τῶν
448 3343 521 3420 ἐμῶν
544 3350 648 3405 κακῶνί
673 3345 757 3405 ἔπεια
780 3341 827 3404 καὶ
847 3344 918 3405 κατά
939 3351 993 3405 τῶν
1016 3351 1107 3425 μερῶν
1129 3351 1179 3421 τῆς
1201 3345 1294 3417 Ἀσίας
1308 3344 1354 3405 καί

70 3464 148 3539 πόσης
173 3469 224 3542 τῆς
246 3461 355 3536 Ἰωνίας
376 3465 406 3524 τδ
430 3469 575 3542 τηνικαῦτα
601 3467 641 3540 «ἡ
666 3467 791 3546 μάχαιρα
812 3469 859 3526 τοῦ
880 3465 971 3545 κυρίου
994 3468 1129 3527 κόπτουσα
1150 3466 1197 3527 καί
1219 3469 1272 3546 οὺχ
1293 3469 1355 3542 ἡσυ-

72 3585 188 3666 χίζουσα,
212 3583 269 3646 οῦδ
298 3585 501 3665 ἀναπαυομένη,
529 3585 585 3647 τύδ’
610 3585 650 3660 είς
671 3589 718 3686 τδγ
743 3586 860 3648 κουλεδν
884 3588 967 3664 αύιῆς
989 3587 1226 3665 ἀποκαταστῆναι»
1252 3588 1355 3668 ἀνεχο-

74 3707 138 3782 μένη.
168 3707 311 3787 έπαφίεται
341 3707 388 3768 καί
417 3709 488 3768 κατὰ
517 3715 572 3768 τῶν
600 3711 727 3770 τοιούτων
756 3712 855 3789 χώρων
882 3709 922 3784 «ἡ
950 3709 1142 3786 ἐστιλβωμένη
1170 3709 1298 3790 ῥομφαία,
1326 3713 1356 3771 τδ

76 3825 236 3904 ἐντεταμένον
259 3827 338 3902 τόξον
362 3829 391 3888 ἐν
412 3833 468 3902 τοῖς
491 3831 599 3891 σκεύεσι
625 3835 671 3891 τοῦ
698 3828 824 3910 θανάτου,
852 3829 886 3891 τά
909 3830 980 3908 βέλη
1004 3833 1084 3892 αῦτοῦ
1105 3832 1139 3892 τὰ
1162 3833 1356 3908 μεμεθυσμένα

76 3945 107 4024 ἀφ’
127 3951 241 4027 αἵματος
263 3957 435 4032 τραυματιῶν
457 3950 504 4012 καὶ
528 3950 752 4030 αἰχμαλωσίας».
780 3952 926 4013 ἀνάπτεται
953 3953 1067 4014 κάκεῖσε
1088 3955 1119 4013 τδ
1151 3957 1229 4034 «πῦρ,
1252 3955 1267 4013 δ
1290 3951 1355 4026 ἑξε-

75 4071 144 4146 ῑυίθη
167 4072 199 4134 ἐκ
220 4077 268 4133 τοῦ
291 4075 375 4150 θυμοῦ
396 4078 444 4135 τοῦ
465 4075 565 4155 κυρίου,
584 4072 632 4134 καί
654 4076 792 4154 κατέφαγε
807 4074 856 4150 ’τήν
881 4074 1026 4152 Ῥωμαίων
1047 4081 1110 4154 γῆν,
1132 4073 1180 4135 καὶ
1201 4075 1355 4156 κατέφλεξε

75 4191 100 4248 τί
123 4194 238 4270 θεμέλια
266 4201 320 4255 τῶν
348 4195 467 4277 ἀρέων»,
494 4201 577 4256 ταῦτα
600 4195 634 4272 δὴ
656 4196 690 4256 τὰ
717 4199 878 4277 προφητικσί,
902 4199 951 4256 ὅσα
975 4195 1020 4256 διὰ
1043 4196 1176 4278 Ἱερεμίου
1198 4195 1246 4258 καὶ
1267 4197 1354 4272 Δαβίδ

76 4311 111 4371 καί
134 4315 273 4390 Μωῦσέως
303 4313 374 4378 κατὰ
400 4322 446 4378 τοῦ
473 4318 588 4399 Ἰσραὴλ
613 4317 828 4398 παραβαίνοντος
855 4317 870 4376 ό
892 4319 984 4398 κύριος
1006 4317 1195 4397 ἀποφαίνεται.
1229 4317 1254 4378 τί
1276 4318 1355 4399 λέγω

78 4435 197 4517 μάχαιραν
231 4437 279 4498 καὶ
316 4439 450 4518 ῥομφαίαν
483 4437 531 4500 καὶ
563 4437 643 4513 τόξον
677 4437 724 4500 καί
752 4439 824 4514 βέλη
858 4440 992 4515 μεθύοντα
1018 4438 1065 4500 καί
1092 4444 1142 4522 πῦρ
1169 4442 1353 4523 κεκαυμένον;

77 4553 115 4628 τήν
136 4559 263 4641 περσικίην
291 4557 383 4632 δεξιὰν
410 4559 456 4621 καὶ
482 4561 532 4638 τὴν
558 4567 612 4622 τῶν
638 4561 767 4642 Τούρκων
795 4561 937 4640 ὠμότητα,
966 4565 985 4638 ἣ
1012 4562 1061 4639 τἠν
1083 4555 1155 4640 ἑῴαν
1177 4567 1266 4622 πᾶσαν
1289 4559 1354 4640 ἐξη·

78 4677 153 4752 φόνιοι
176 4680 221 4742 καί
247 4682 385 4760 χαλεπῶς
413 4683 531 4764 ἐδῄωσε.
564 4682 595 4743 τό
625 4677 729 4759 ἄνομον
757 4683 833 4753 ἔθνος
855 4684 886 4744 τδ
909 4683 1038 4744 διολέσαν
1060 4684 1161 4754 πόλεις
1178 4682 1225 4744 καί
1248 4687 1353 4768 χώρας,
