3228 5294
253 335 295 400 66

253 527 284 586 τδ
307 532 340 608 τῇ
365 531 434 608 μονῇ
458 530 578 588 συνοῖσον
601 528 713 603 μοῖλλον
735 527 802 602 ἐμοῦ
824 529 841 601 ἡ
865 527 995 602 βασιλικὴ
1018 527 1117 607 καρδία
1139 528 1362 608 προεφοιβάζετο,
1397 526 1446 584 «ἐν
1473 525 1556 605 χερσὶ

250 651 359 720 πάντως
389 645 455 708 ούσα
477 651 540 709 θεοῦ
571 649 616 708 διὰ
642 647 795 728 περιουσίαν
823 647 992 728 εῦσεβείας,»
1023 648 1094 708 κατὰ
1120 650 1150 709 τό
1176 650 1282 728 λόγιον.
1311 648 1379 708 ἀλλ’
1401 647 1557 727 ἐπανιτέον,

250 771 312 830 ὅθεν
335 766 481 845 ἐξέβημεν.

314 891 315 895 ’
356 891 400 951 ια’.
425 891 536 972 Προέβη
556 891 591 950 τά
612 896 662 968 τῆς
686 891 714 951 έν
738 893 815 971 μέρει
839 891 1029 973 άνταλλαγὴς,
1051 893 1081 951 τδ
1100 891 1223 952 καθόλου
1243 890 1274 950 δὲ
1295 889 1380 952 εἰπεῖν
1404 891 1557 966 βασιλικῆς

251 1013 367 1094 δωρεάς,
409 1013 589 1090 συνετελέσθη
616 1011 650 1071 τὰ
676 1018 726 1088 τῆς
753 1011 961 1092 χρυσοβούλλου
988 1018 1109 1093 γραφῆς,
1144 1009 1334 1089 συνεταξάμην
1360 1010 1400 1091 τῷ
1428 1011 1556 1090 βασιλεῖ,

249 1134 443 1214 προεπέμφθην
463 1131 557 1207 δεξιοῖς
572 1132 776 1204 ἀπολελαυκὼς
797 1131 843 1194 καί
860 1133 1005 1210 βασιλικῆς
1019 1130 1058 1210 τῷ
1074 1133 1129 1193 όντι
1144 1134 1354 1214 φιλοφροσύνης,
1377 1131 1556 1193 κατέπλευσα

250 1257 317 1334 πρός
343 1256 391 1330 σἠν
419 1256 470 1314 Κῶ
499 1257 571 1334 έχων
601 1255 769 1335 ἐφεπόμενόν
792 1275 839 1330 μοι
868 1253 915 1314 καὶ
944 1255 1086 1336 ἄνθρωπον
1113 1259 1159 1316 τοῦ
1186 1256 1382 1335 θεοφρουρήτου
1413 1254 1555 1330 βασιλέως

251 1379 341 1457 ἡμῶν,
366 1372 388 1458 ᾧ
411 1375 458 1436 καί
484 1376 622 1458 παραδούς
646 1377 737 1454 έγωγε
766 1375 862 1455 δικαίῳ
884 1379 931 1436 τοῦ
954 1371 1085 1452 δημοσίου
1111 1376 1145 1434 τὰ
1168 1375 1196 1434 ἐν
1218 1381 1252 1458 τῇ
1275 1376 1428 1457 Στροβὴλῳ
1450 1373 1499 1436 καὶ
1522 1383 1556 1457 τῆ

250 1501 324 1578 νήσῳ
348 1499 399 1577 Κῷ
427 1499 602 1575 διενεγκόντα
626 1519 671 1572 μοι
700 1500 789 1558 πάντα
815 1496 931 1574 ἀκίνητα
957 1497 1118 1578 παρέλαβον
1145 1498 1226 1570 αῦτδς
1251 1499 1301 1573 τὴν
1328 1504 1410 1574 νῆσον
1440 1499 1555 1572 Πάτμον

252 1617 284 1692 ἐξ
309 1621 468 1698 ὁλοκλήρου
499 1618 545 1678 καὶ
575 1620 609 1678 τὰ
635 1620 730 1700 λοιπά,
758 1615 795 1680 ὧν
823 1621 839 1676 ό
865 1619 952 1698 λόγος
979 1618 1106 1698 ἀνωτέρω
1135 1619 1357 1695 διεμνημόνευσε.
1392 1617 1473 1698 κάγὼ
1502 1618 1555 1694 μὲν

250 1742 378 1821 ἐσκίρτων
406 1741 453 1801 καὶ
479 1740 659 1822 ήγαλλόμην,
686 1739 725 1819 τῷ
753 1739 876 1820 έρημικῷ
904 1747 953 1816 τῆς
979 1742 1061 1814 νήσου
1087 1739 1134 1800 καί
1161 1741 1266 1821 ήσυχίιρ
1293 1740 1552 1821 ἐτευφραίνομενος,

249 1861 296 1923 καὶ
318 1864 358 1922 ότι
386 1864 487 1938 ἄβατος
517 1863 670 1942 ἐτερπόμην
693 1859 739 1922 καὶ
767 1863 900 1942 θησαυρόν
928 1849 1051 1937 ἐνόμιζον
1074 1863 1280 1942 παρακλήσεως
1302 1863 1333 1922 τό
1356 1859 1553 1942 άπῳκισμένον

249 1985 347 2060 ταύτης
369 1983 416 2044 καί
440 1981 646 2064 ἀπαράκλητον.
682 1982 708 2042 οἱ
735 1981 766 2040 δέ
793 2001 839 2057 μοι
867 1986 1117 2062 ουνομαρτήσαντες
1144 1983 1270 2064 ἀδελφοί,
1299 1982 1324 2042 εί
1349 1983 1397 2043 ναὶ
1424 1983 1497 2044 πολὺ
1519 1984 1555 2042 τά

248 2112 344 2186 πρῶτα
364 2108 394 2165 τδ
410 2107 547 2185 πρόθυμον
568 2103 765 2184 ἐπεδείκνυντο,
793 2103 861 2162 ἀλλ’
877 2101 922 2162 οὖν
945 2124 978 2180 γε
1001 2105 1072 2184 τότε,
1099 2105 1223 2186 καθάπερ
1249 2105 1404 2186 «ὀστράκου
1428 2125 1554 2181 μεταπε-

250 2229 374 2308 σόντος»,
396 2226 525 2306 αἰφνηθδν
543 2227 581 2299 εἰς
603 2224 755 2301 τούμπαλιν
778 2224 995 2306 μετεβάλλοντο,
1023 2227 1168 2286 κάντεῦθεν
1192 2225 1363 2307 ἐδυσφόρουν,
1391 2226 1553 2304 ήοχαλλον,

248 2349 376 2428 ἡνιῦντο,
392 2355 445 2409 τῶν
460 2355 511 2424 τῆς
526 2349 576 2407 Κῶ
592 2347 712 2427 χαρίτων
729 2347 893 2426 ἐμέμνηντο,
910 2347 977 2426 πρδς
996 2348 1026 2406 τδ
1043 2347 1131 2425 βραχύ
1147 2355 1196 2424 τῆς
1212 2349 1326 2423 Πάτμου
1345 2347 1393 2408 καί
1411 2349 1565 2427 ἀγλευκές’

254 2471 455 2551 ἐδυσχέραινον,
476 2471 629 2548 ἐμέμφοντο
649 2469 679 2526 τδ
698 2468 831 2546 πραχθέν,
851 2469 899 2542 τὴν
920 2465 1075 2542 οἰκονομίαν
1097 2469 1216 2528 ἐπαινεῖν
1239 2471 1291 2548 οὺχ
1314 2465 1391 2547 εἶχον
1410 2471 1460 2544 πὴν
1480 2471 1557 2544 ἡμε-

252 2593 343 2672 τέραν,
367 2592 518 2670 ἀβέλτερον
539 2591 629 2679 αὺτοῖς
649 2591 740 2651 ἐδόκει
760 2591 790 2648 τδ
809 2593 934 2670 γεγονός,
952 2591 1112 2672 ἐπισφαλές,
1129 2592 1264 2674 ὀλέθριον,
1282 2591 1424 2668 ἐπιζήμιον
1439 2593 1557 2670 χάλκεα

252 2712 386 2792 χρυσείων
405 2714 481 2786 ἡμεῖς
497 2708 672 2783 ἀλλάξασθαι
692 2709 739 2770 καὶ
754 2711 903 2790 προδήλως
924 2707 1010 2791 ᾤοντο
1026 2711 1072 2772 καί
1092 2714 1183 2792 λάθρα
1203 2714 1425 2794 ύπετονθόρυίον·
1450 2715 1558 2774 ὤκνουν

253 2835 322 2912 πρός
336 2834 385 2908 τὴν
407 2832 563 2910 ἐγχείρησιν
579 2837 633 2891 τῶν
648 2835 812 2912 κτισμάτων,
835 2832 979 2893 ἀνεδύοντο
998 2835 1066 2914 πρδς
1084 2835 1133 2908 τὴν
1148 2836 1326 2913 πειθάρχηοιν
1342 2841 1396 2894 τῶν
1411 2836 1559 2918 ἡμετέρων

253 2955 455 3032 ἐπιταγμάτων,
473 2950 629 3032 ἐμερίζοντο
644 2953 706 3012 καθ’
721 2953 841 3034 ἑαυτούς,
856 2954 1064 3034 ἐπολιορκοῦντο
1084 2957 1141 3024 τοῖς
1156 2955 1312 3036 λογισμοῖς,
1327 2955 1407 3014 πάντ’
1422 2957 1558 3034 ἔπασχον,

252 3073 299 3136 καὶ
319 3075 421 3150 μεστὴν
442 3068 517 3152 εἶχον
537 3074 586 3148 τὴν
607 3073 728 3134 διάνοιαν
749 3080 883 3155 ταραχῆς.
918 3076 1000 3147 τέλος
1023 3074 1065 3147 εἰς
1086 3073 1219 3155 προῦπτον
1243 3076 1350 3155 ἡγαγον
1373 3078 1419 3137 τδν
1442 3079 1558 3155 σκοπόν,

253 3195 435 3275 διαιρεθέντες
462 3195 509 3253 ἐπ’
529 3193 667 3268 ἀλλήλων
690 3193 737 3255 καὶ
764 3193 804 3266 εἰς
832 3197 1131 3275 ἐναντιογνωμονούσας
1159 3197 1205 3257 δύο
1233 3197 1332 3279 μοίρας
1360 3198 1558 3278 διακριθέντες,

254 3313 291 3376 ὧν
315 3317 332 3390 ἡ
357 3314 476 3392 μίακαὶ
500 3314 600 3389 μείζων
623 3316 671 3391 τὴν
699 3313 746 3394 ἀφ’
765 3318 844 3392 ἡμῶν
872 3317 1009 3376 διάστασιν
1038 3318 1176 3399 ἐνενόησε,
1203 3318 1251 3378 καὶ
1277 3321 1370 3394 μέντοι
1395 3317 1443 3380 καὶ
1469 3343 1559 3380 κατε·
1609 3385 1610 3392 ,

253 3435 391 3518 πράξατο,
417 3437 547 3516 πρότερον
577 3442 626 3512 τῆς
656 3435 807 3516 ὀλιγωρίας
834 3436 920 3498 εῖτουν
948 3438 1130 3518 μικροψυχίας
1157 3442 1320 3518 συγγνώμην
1348 3439 1483 3517 αἰτήσασα
1511 3442 1559 3502 καὶ

252 3559 316 3636 παρ’
332 3560 412 3634 ήμῶν
436 3557 535 3617 αῦτίκα
555 3557 651 3633 ταύτην
675 3557 848 3652 άνειληφυῖα·
875 3561 893 3634 ἡ
917 3558 949 3618 δέ
973 3559 1053 3638 ἑτέρα
1077 3558 1201 3619 έλάοσων
1223 3560 1271 3620 καὶ
1294 3561 1396 3642 ἀγαθή,
1421 3564 1481 3622 ὅσοι
1503 3563 1560 3638 δη-

252 3681 326 3755 λαδὴ
350 3685 383 3761 τῆ
407 3679 461 3762 ἐμῇ
483 3679 644 3760 προειλοντο
669 3680 887 3758 συγκακοπαθεῖν
912 3677 960 3738 καὶ
983 3681 1221 3740 συναποθανεῖσθαι
1245 3678 1400 3759 άναξιότητι
1432 3684 1561 3759 ἑτοίμους

253 3801 365 3872 ἑαυτούς
387 3804 520 3882 παρεῖχον
544 3798 583 3872 εἰς
605 3800 654 3876 τὴν
676 3805 723 3861 τοῦ
744 3803 880 3882 ἡμετέρου
909 3799 968 3882 (σῦν
992 3799 1047 3882 θεῷ
1071 3801 1102 3860 δέ
1126 3805 1205 3880 φάναι
1228 3801 1426 3882 ψυχωφελοῦς)
1449 3805 1560 3880 βουλή-

253 3945 339 3999 ματος
366 3924 564 4004 ἐκπεράτωσιν·
592 3923 640 3983 καί
662 3943 698 3998 με
727 3923 880 3982 ἀνεκτῶντο
908 3923 1019 3999 μᾶλλον
1048 3922 1122 3982 αῦτοὶ
1148 3921 1195 3983 καὶ
1222 3925 1289 4004 τρδς
1314 3927 1345 3984 τδ
1373 3925 1561 4007 προκείμενον

251 4049 305 4104 τῶν
332 4042 561 4120 οἰκοδομημάτων
585 4044 665 4124 ἔργον
689 4043 837 4124 διήγειρον,
860 4045 1026 4123 παρέθηγον,
1054 4046 1269 4124 παρεθάρρυνον·
1299 4045 1359 4106 οἵδε
1381 4049 1475 4128 ἡμεῖς,
1502 4047 1560 4107 λε’-

253 4187 360 4246 γοντες,
381 4165 586 4244 ύπηρετὴσομέν
603 4187 643 4227 σοι
659 4167 703 4226 διὰ
718 4167 828 4244 παντός,
845 4166 900 4237 τοῖς
920 4165 1076 4244 θεαρέστοις
1090 4186 1137 4225 σου
1152 4165 1334 4242 κελεύσμασιν
1349 4169 1562 4250 ῦπουργήσομεν

252 4286 299 4348 καί
321 4289 381 4357 ταῖς
404 4289 464 4358 σαῖς
487 4287 628 4365 ἐπιταγαῖς
651 4287 906 4362 ἐπαποθανούμεθα.

359 4405 403 4482 ιβ’.
428 4409 573 4489 Τοιγάρτοι
595 4406 642 4468 καί
665 4407 857 4487 ἀναθαρσήσας
880 4407 969 4486 αθτός,
994 4407 1073 4486 ἐρωτί
1092 4429 1122 4467 τε
1141 4413 1192 4484 τῆς
1211 4409 1324 4485 Πάτμου
1344 4410 1390 4471 διὰ
1412 4412 1459 4472 τδν
1481 4413 1562 4491 ήγα-

252 4532 374 4606 πημένον
406 4526 444 4608 τῷ
479 4529 561 4609 κυρίῳ
592 4531 671 4604 ἡμῶν
702 4527 846 4606 (θεολόγον
881 4528 966 4598 άλοὶις
996 4529 1095 4604 ταύτην
1125 4533 1230 4606 συνάμα
1260 4533 1317 4602 τοῖς
1346 4533 1562 4614 περιλειφθεῖσιν

253 4651 383 4725 εῦλαβέσι
413 4673 457 4726 μοι
486 4651 616 4730 ἀδελφοῖς
644 4650 778 4724 άπόβασῖν
805 4670 835 4709 τε
862 4657 913 4725 τῆς
940 4655 1048 4728 μακροῖς
1074 4647 1154 4724 ἡμῶν
1180 4653 1290 4728 πλάνης
1319 4652 1365 4714 καὶ
1389 4658 1563 4717 κατάπαυσιν
