3162 5278
1275 363 1339 428 303

50 551 170 626 πρότερος
196 545 243 607 καί
270 550 463 630 κατηραμένος
490 549 535 610 καί
564 547 759 630 ἀοινγχῶρητσς
784 550 831 612 καὶ
854 553 953 622 ἀλυιος
976 553 1047 628 μετὰ
1069 555 1183 614 θάνατον
1210 555 1256 614 καί
1279 559 1338 628 ταῖς

49 671 179 746 πατρικαῖς
205 668 253 728 καὶ
281 669 435 742 συνοδικαῖς
463 671 542 750 ἀραῖς
569 670 694 743 ὑπόδικος
723 666 769 732 καί
792 673 878 752 λόγον
901 673 1039 735 ἀποδῶαοι
1061 674 1117 753 θεῷ
1140 675 1168 734 ἐν
1190 682 1224 758 τῇ
1246 679 1338 758 ἡμέρᾳ

49 797 89 864 τῆς
109 791 234 870 κρίσεως.
267 793 329 850 ὅθεν
358 790 398 863 είς
425 789 538 864 ἔνδειξιν
562 791 684 866 ἀπελῦθη
712 792 759 853 καί
784 795 814 853 τδ
836 796 923 875 παρὀν
953 797 1194 878 ἐπιβεβαιῶιηριον
1221 801 1338 878 γράμμα

50 911 72 968 ἐν
92 917 124 994 τῇ
146 918 331 994 παιριαρχικῇ
354 913 421 994 αὐτη
445 919 525 995 μονῇ.
551 912 666 995 'azo-1¹,
691 914 769 992 μηνὶ
792 917 888 996 μαίῳ,
911 914 1119 989 ίνδικτιῶνος
1143 917 1188 978 ια’.
1212 919 1233 998 †

142 1035 371 1116 †Atovimo;‚
406 1034 495 1114 ἐλέῳ
529 1037 605 1096 θεοῦ
640 1035 906 1117 ἀρχιεπίσκοπος
935 1039 1336 1122 Κιανοταντινουπόλεως,

47 1153 128 1225 Νέας
151 1155 296 1236 Ῥώμης,
319 1155 375 1216 καί
399 1154 638 1233 οίκουμενικδς
659 1163 881 1240 πατριάρχης.
904 1163 926 1242 †

45 1277 115 1348 †‘0
132 1278 335 1356 Ἡρακλείας
350 1279 658 1360 Βαρθολομαῖοςίρ
710 1283 789 1360 †‘0
823 1283 1055 1358 Νικομηδείας
1090 1283 1284 1364 Πορρῦριος.
1316 1286 1337 1364 †

45 1399 116 1474 †‘0
136 1399 550 1480 ΔρῦστραςΜεθόδιος.γ
710 1403 793 1482 †‘0
831 1404 1056 1479 Χαλκηδόνος
1095 1405 1271 1486 Ἱερεμίας.
1316 1408 1336 1486 †

49 1521 54 1540 ⁸
82 1523 88 1540 ‘
713 1525 1337 1608 ΙρὈίθιλιπιτιουπόλεῶςἈβέρκιοςγ

713 1647 733 1724 †
757 1646 792 1704 Ὀ
816 1648 947 1727 Σερρῶν
970 1648 1174 1728 Χρὺσανθος.
1198 1649 1219 1726 †

138 1771 283 1842 Archetyp.
307 1773 416 1827 membr.
441 1771 518 1828 Hor.
536 1773 577 1827 ΙΙ.
601 1790 651 1826 nro
676 1775 725 1827 52.

255 2056 441 2122 CXXXIV.
467 2057 692 2144 7181-1673,
716 2082 826 2125 mense
849 2063 943 2144 maio,
966 2061 1031 2126 ind.
1055 2061 1114 2126 XI.

42 2205 201 2258 Patn'arciaa
223 2206 374 2275 Dionysius
395 2207 454 2262 III.
479 2208 635 2261 Μιιεείίιινεα
662 2209 862 2278 archiepiscopo
888 2211 936 2262 Coi
963 2211 1056 2264 εσπιῦίέ
1084 2211 1116 2264 de
1145 2211 1268 2265 libertale
1297 2229 1335 2264 ec·

124 2309 222 2364 σίεείαε
246 2308 343 2363 Sancti
364 2311 477 2363 Antonii
498 2313 527 2364 in
552 2312 612 2384 Coo,
637 2329 705 2382 quae
727 2319 765 2365 τοι
787 2313 942 2366 ιιισίοοίιίιιιιι
966 2316 1125 2368 monasterii
1146 2315 1246 2370 Palmi.

138 2460 367 2540 †At0viotoq‚
403 2461 489 2541 ἐλέῳ
523 2462 599 2520 θεοῦ
633 2461 894 2542 ἀρχιεπιίσκοπος
929 2464 1335 2544 Κωνσταντινουπόλεως,

42 2579 124 2652 Νέας
148 2582 291 2660 Ῥώμης,
314 2579 369 2642 καὶ
393 2580 627 2658 οίκουμενικδς
649 2587 867 2663 πατριάρχης.
891 2587 912 2664 †

138 2739 159 2815 †
182 2736 385 2817 Θεσριλέστατε
413 2737 611 2818 ἀρχιεπίσκοπε
634 2740 726 2822 Κῶον,
758 2740 787 2799 ἐν
815 2741 885 2819 ἁγίῳ
914 2742 1046 2816 πνεύμασι
1076 2739 1201 2820 ἀγαπητέ
1232 2742 1336 2822 ἀδελφέ

40 2857 80 2917 καὶ
104 2859 310 2940 συλλειτουργέ,
333 2859 380 2920 καί
397 2861 498 2934 ἔντιμοι
517 2860 644 2942 κληρικοὶ
666 2860 713 2922 καὶ
736 2862 868 2942 ἄρχοντες
891 2865 1021 2942 γρησιμοι
1040 2861 1086 2922 καὶ
1105 2862 1197 2923 λοιποὶ
1213 2864 1335 2942 εάλογη-

41 2983 111 3052 μένοι
133 2982 292 3064 χριστιανοί,
320 2985 401 3062 χάρις
424 2981 466 3058 είη
490 2983 551 3058 ὑμῖν
575 2981 621 3043 καί
644 2981 737 3063 εἰρήνη
762 2983 814 3041 ἀπδ
837 2985 909 3046 θεοῦ.
940 2983 965 3042 οί
987 2985 1129 3044 δσιῶπατοι
1150 2986 1267 3064 πατέρες
1288 2989 1335 3044 τοῦ

41 3101 105 3180 ἱεροῦ
134 3108 332 3186 πατριαρχικοῦ
365 3102 414 3164 καί
444 3109 706 3184 σσοιυροπηγιακικοῦ
737 3105 914 3186 μονασνηρίου
944 3109 990 3164 τοῦ
1020 3103 1112 3185 ἀγίου,
1148 3103 1259 3178 ἐνδόξου
1288 3105 1334 3165 καί

40 3228 210 3306 πανευρημου
238 3227 391 3286 ἀποστόλου
419 3228 544 3286 Ἰωάννου
570 3231 616 3287 τοῦ
644 3225 789 3306 Θεολόγου
819 3230 865 3286 τοῦ
891 3227 920 3286 ἐν
947 3233 980 3310 τῇ
1007 3230 1080 3307 νήσῳ
1109 3228 1213 3306 Πάτμῳ
1241 3249 1332 3307 παρα-

41 3349 144 3420 στοίνπες
173 3345 217 3408 ἐπὶ
243 3349 356 3408 συνόδου
382 3349 512 3429 ἀνέφερον
534 3350 609 3427 ἡμῖν,
639 3349 677 3407 όπι
705 3349 783 3409 ἔνδον
810 3355 858 3424 τῆς
888 3345 984 3429 χώρας
1014 3347 1054 3421 είς
1083 3345 1116 3408 τά
1146 3349 1259 3424 δσπήτια
1288 3354 1334 3410 τοῦ

41 3467 216 3550 μονασπηρίου
238 3472 326 3530 αῦτῶν
350 3471 457 3549 ἔχουσιν
481 3471 631 3547 ἐκκλησίαν
655 3471 697 3530 ἐπ’
714 3471 825 3546 όνόματι
848 3475 894 3531 τοῦ
917 3471 994 3550 ἁγίου
1018 3471 1159 3532 Ἀντωνίου
1181 3473 1334 3532 παλαιόθεν

41 3589 80 3648 καὶ
105 3593 203 3670 διῆγον
232 3592 262 3651 ἐν
289 3595 355 3675 αθιῇ
384 3592 537 3672 ἐλευθέροις
563 3593 635 3651 κατὰ
661 3592 695 3650 τὰ
716 3579 850 3672 προνόμια
872 3597 921 3669 τῆς
945 3591 1103 3672 ἐλευθερίας
1125 3598 1171 3654 ποῦ
1195 3615 1334 3670 μονασοη-

41 3712 89 3788 ρίου
115 3715 215 3794 αἰετῶν,
238 3715 298 3789 ἥτις
321 3714 473 3794 ἐβραβεῦθη
497 3712 569 3792 αθτῷ
595 3713 643 3773 καί
667 3717 722 3786 τοῖς
745 3714 884 3790 μετοχίοις
907 3714 986 3774 αὐποῦ
1009 3709 1132 3795 ἀρχαίως
1155 3715 1200 3775 διὰ
1222 3717 1334 3791 βασιλι-

41 3841 89 3892 κῶν
109 3835 327 3916 χρυσοβοῦλλῶν
354 3835 401 3895 καί
423 3835 608 3915 σιγιλλιωδῶν
630 3841 832 3915 πατριαρχικῶν
854 3839 1034 3914 γραμμάτιον.
1063 3837 1117 3911 ἤδη
1141 3836 1172 3896 δὲ
1194 3839 1212 3911 ἠ
1237 3839 1333 3918 ἀρχιε-

42 3959 135 4033 ρινσῦνη
159 3977 209 4017 σου
232 3959 281 4017 οῦκ
308 3953 360 4017 οἶδ’
383 3959 458 4030 ὅπως
484 3959 629 4033 κινουμένη
658 3958 734 4033 ζητεῖ
760 3955 791 4030 ἐξ
820 3959 906 4017 αῦιῶν
930 3957 1113 4038 ἐμβαποίκιον,
1142 3959 1181 4030 ὡς
1207 3956 1254 4018 καί
1280 3965 1334 4018 πῶν

41 4077 136 4138 λοιπῶν
161 4079 317 4153 ἐκκλησιῶν
336 4085 385 4154 τῆς
403 4081 508 4159 χώρας,
533 4075 669 4154 μηδεμίαν
692 4078 821 4160 διαρορόιν
844 4081 958 4154 θέμενος
981 4077 1083 4154 μεταξὺ
1106 4079 1193 4138 αθτῶν
1215 4077 1334 4155 καὶτῆς

41 4207 274 4281 οπαιροπηγιακῆς
298 4201 456 4277 ἐκκλησίας.
486 4201 564 4260 ἀλλὰ
586 4203 662 4260 τοῦτο
684 4207 809 4280 φανερῶς
831 4201 974 4281 ἀνατρέπει
996 4203 1045 4276 τὴν
1069 4200 1227 4280 ἐλευθερίαν
1247 4203 1334 4260 αὐτῶν

40 4323 80 4382 καί
109 4323 150 4394 είς
181 4321 309 4383 δουλείαν
340 4324 438 4402 ὑπάγει
468 4323 517 4398 τὴν
547 4321 707 4402 ἐκκλησίαν,
742 4323 809 4402 δπερ
843 4323 892 4382 οῦκ
926 4319 1013 4394 ἔξεστι
1042 4323 1185 4398 γενέσθαι·
1217 4323 1250 4382 τὰ
1279 4324 1333 4402 γὰρ

40 4445 192 4524 ἀρχαιότητι
223 4446 383 4524 διαφέροντα
412 4447 442 4505 οδ
474 4444 613 4519 αἰδέσιμον
649 4445 741 4522 έχουσι
770 4445 841 4504 κατὰ
869 4443 943 4516 τοῦς
960 4441 1047 4513 όσίους
1076 4445 1197 4524 πατέρας
1229 4441 1277 4504 καί
1306 4443 1335 4504 αί

40 4566 175 4640 βασιλικαί
205 4566 253 4627 καί
285 4565 477 4646 παιριαρχικοιί
506 4565 656 4646 φιλοτιμίαι
686 4566 874 4642 ἀμετάνιλητοι
907 4564 954 4625 καὶ
984 4564 1177 4642 ἀμετακίνητοί
1208 4563 1258 4624 είσι
1287 4564 1334 4624 καί

41 4689 95 4750 δέον
122 4690 306 4770 φυλάττεσθαι
329 4689 378 4766 τὴν
406 4683 564 4770 ἐλευθερίαν
591 4694 644 4747 τῶν
667 4687 820 4767 ἐλευθέρων
843 4687 1029 4766 μονασνηρίῶν
1051 4684 1173 4746 καὶτῶν
1197 4681 1333 4766 μετοχίων
