3160 5292
1246 369 1308 435 257

34 566 77 618 τῶν
102 560 128 619 ἐν
153 561 220 643 αδπῇ
248 559 460 622 ἀποκαθιστάναι
489 563 519 622 τό
546 556 646 622 οίκεῖον
674 559 778 622 δίκαιον
806 563 875 636 μετὰ
900 569 954 623 τῶν
983 564 1082 624 ἄλλων
1108 569 1141 646 τῇ
1168 563 1309 642 ἀντιλήψει

32 679 69 740 καί
94 680 264 762 πολυχρονίῳ
295 683 371 764 χαρᾷ
400 686 446 743 τοῦ
475 687 604 762 κραταιοῦ
633 681 680 742 καί
710 683 788 761 ιίγίου
814 685 893 759 ἡμῶν
923 687 1050 745 αίιθέντου
1079 683 1126 745 καὶ
1157 684 1308 768 βασιλέως,

34 804 188 879 ἀποκατέστη
210 803 256 863 καί
280 806 297 878 ἡ
321 805 390 878 μονὴ
413 807 460 863 τοῦ
482 805 699 886 ἀρχιστρατήγου
720 811 773 864 τῶν
797 805 869 868 Ἄνω
889 808 1038 883 Δυνάμεων
1060 809 1077 883 ἡ
1102 805 1140 879 είς
1162 809 1193 867 τδ
1213 809 1309 888 Πτέριν

31 924 173 1000 διακειμένη
201 923 240 996 εἰς
266 925 300 985 τὰ
327 927 395 1005 άπερ
417 927 546 1003 κέκτηται
569 927 622 986 άπδ
643 926 829 1008 προσενέξεὼς
851 949 929 988 τινων
952 929 1142 1012 φιλοχρίστων,
1165 932 1242 988 ἅτινα
1262 927 1309 989 καί

31 1047 122 1123 ἔχουσιν
144 1047 245 1119 οίιτως·
275 1047 335 1126 ἔχει
356 1055 410 1126 γῆν
432 1047 650 1129 ίδισπεριόριστσν
672 1051 721 1124 τὴν
743 1050 900 1129 λεγομένην
927 1056 972 1110 τοῦ
996 1049 1100 1130 Ἄγγου
1123 1052 1240 1126 πλησίον
1263 1055 1309 1112 τοῦ

29 1170 164 1250 Παγκάρι,
187 1173 234 1230 τοῦ
255 1167 423 1247 Βαλελάδη,
452 1175 498 1230 τοῦ
520 1171 762 1250 Στδηρομαγοόλου
787 1170 834 1232 καί
861 1173 914 1244 ἕως
940 1179 990 1248 τῆς
1015 1173 1118 1243 θέσεως
1144 1178 1190 1233 τοῦ
1212 1174 1308 1254 μόλον,

28 1291 116 1362 μοδίων
132 1293 230 1351 ἑκατὸν
249 1293 428 1365 πεντήκοντα.
452 1294 543 1372 ἕτερον
565 1295 704 1372 χωροίριον
726 1291 766 1365 είς
788 1295 833 1353 τδν
857 1292 1020 1374 Νερόμυλον
1034 1294 1088 1388 ,σὺν
1109 1295 1140 1354 τδ
1164 1295 1308 1376 έσωθέριον

26 1413 50 1470 τό
74 1413 189 1488 πλησίον
219 1419 267 1488 τῆς
298 1421 393 1490 μονῆς.
430 1411 469 1486 είς
498 1413 531 1472 τό
560 1414 770 1490 Καταλόμματα
798 1415 913 1491 πλησίον
945 1420 991 1476 τοῦ
1014 1413 1177 1492 Βαλελάδη.
1212 1415 1253 1488 είς
1277 1418 1308 1476 τό

26 1535 150 1614 Φρογοίνιν
177 1535 295 1612 πλησίον
321 1541 370 1610 τῆς
392 1535 463 1598 όδοϋ.
495 1533 535 1608 εἰς
561 1540 607 1596 τοῦ
627 1535 743 1610 Βαβακᾶ
769 1535 886 1614 πλησίον
912 1542 959 1598 τοῦ
978 1539 1176 1601 Χιονόπουλσυ,
1200 1536 1239 1611 εἰς
1260 1543 1308 1600 τοῦ

24 1657 99 1732 Βσόζη
121 1655 239 1734 πλησίον
262 1661 309 1718 τοῦ
330 1659 408 1734 ἁγίου
430 1657 576 1737 Γεωργίου.
601 1657 640 1728 είς
662 1660 692 1718 τδ
715 1659 832 1739 Γράμμο
854 1659 970 1734 πλησίον
993 1663 1039 1720 τοῦ
1062 1661 1185 1737 Είιμάθη.
1213 1659 1252 1733 εἰς
1274 1661 1308 1721 τὰ

24 1778 194 1855 Μεσάμπελα
219 1779 336 1856 πλησίον
362 1783 408 1839 τοῦ
431 1778 599 1840 Χισναδίτσυ.
634 1777 674 1852 είς
699 1781 744 1840 τ’σν
769 1779 953 1860 Πετρόβσυνσν
980 1781 1097 1856 πλησίον
1119 1785 1165 1842 τοῦ
1188 1781 1306 1863 Χριστο-

22 1903 99 1980 ρορου.
127 1900 168 1974 είς
191 1903 220 1961 τ“ο
244 1902 459 1982 Χοιρσκέραλον.
483 1900 522 1974 είς
544 1905 589 1961 τοῦ
613 1902 774 1982 Χαχροόλη.
799 1901 839 1974 είς
860 1903 894 1961 τὰ
917 1903 986 1962 Λινόι
1009 1903 1038 1962 ἐν
1061 1902 1119 1962 δυσί
1142 1905 1235 1978 τόποις
1259 1901 1307 1964 καὶ

22 2025 45 2081 τό
64 2023 181 2100 πλησίον
205 2027 252 2083 τοῦ
274 2023 420 2102 ἀμπελίσυ,
447 2025 480 2083 τόι
507 2023 646 2104 ἀμφότερα
672 2019 798 2109 μ[οδίων]
822 2025 918 2086 έκατδν
942 2025 1011 2086 δέκα
1034 2027 1121 2086 ἐννέα.
1145 2024 1192 2086 καί
1213 2027 1305 2104 ἀμπέ-

21 2145 71 2204 λιον
101 2145 220 2220 πλησίον
250 2149 297 2204 τοῦ
326 2144 486 2205 Χισναδίτου
517 2145 618 2221 μοδίων
650 2145 704 2204 δόσ.
740 2145 821 2222 ἐδόθη
852 2152 885 2228 τῇ
916 2147 1028 2228 ῥηθείσῃ
1057 2149 1201 2226 πανσέπτῳ
1235 2156 1305 2232 μονῇ

20 2267 147 2341 ἀμπέλων
172 2267 341 2343 δημοσιακδν
369 2265 407 2339 εἰς
433 2269 463 2326 τό
492 2267 598 2348 Πτέριν,
633 2269 699 2348 όπερ
730 2268 838 2349 ἐκράτει
864 2270 882 2344 ἡ
911 2269 1090 2350 Μπράταινα,
1114 2267 1230 2344 πλησίον
1260 2275 1305 2331 τοῦ

19 2389 235 2468 Στροβοϊωάννσυ
258 2387 361 2464 μοδίων
385 2388 446 2448 δόσ·
472 2389 585 2464 μόλωνα
606 2391 762 2470 χειμερινόν
786 2388 825 2462 είς
847 2391 892 2448 τὀν
909 2390 1033 2469 Ὀρεινδν
1055 2390 1209 2468 λεγόμενον
1227 2392 1304 2468 πλη-

19 2510 65 2569 σίον
92 2517 143 2588 τῆς
170 2516 225 2587 γῆς
250 2514 297 2569 τοῦ
324 2510 512 2588 μοναστηρίου.
542 2510 623 2586 ἐδόθη
646 2517 678 2592 τῇ
701 2511 767 2592 αυιῄ
791 2517 861 2594 μονῇ
889 2511 942 2570 ἀπδ
968 2515 1017 2585 τῆς
1044 2507 1230 2596 [δεσ1πστικῆς
1251 2519 1306 2592 γῆς

18 2631 50 2702 είς
72 2633 106 2692 τὰ
130 2634 268 2714 Βουνάρια
292 2636 339 2692 τοῦ
362 2627 588 2718 Ἐξαδαίκτό]λου
614 2635 645 2691 τδ
673 2631 810 2692 ἀποκοπέν
841 2633 894 2692 ἀπὸ
921 2637 966 2694 τοῦ
989 2633 1192 2713 ζευγηλατείσυ.
1227 2635 1304 2711 πλη·
1338 2633 1340 2636 ’

18 2753 64 2812 τίον
84 2757 115 2814 το
140 2749 244 2840 δό[θὲν]
272 2756 329 2826 τοῖς
356 2757 539 2832 στρατιώταις.
568 2754 621 2814 ἀπο
648 2756 677 2814 εδ
704 2758 818 2834 κάστρσν
847 2757 930 2834 μέρος
952 2758 998 2815 τοῦ
1020 2753 1206 2834 ὑδραγωγείσυ
1230 2757 1303 2834 πλη-

17 2875 62 2934 σίον
83 2881 131 2937 τοῦ
155 2877 276 2936 παλαιοῦ
303 2875 423 2935 άλωνίσυ
449 2873 495 2934 καί
523 2877 576 2944 ἕως
603 2877 649 2935 τόν
671 2877 803 2955 ποταμόν,
827 2875 929 2950 μοδίων
951 2879 1129 2951 πεντήκοντα.
1155 2877 1213 2955 ἔχει
1236 2879 1303 2954 αὐτὴ

17 2996 48 3069 εἰς
71 3001 120 3074 τὴν
145 2998 290 3076 Κεράτζαν
317 2999 456 3078 χωράφισν
481 2996 597 3071 πλησίον
628 3001 674 3056 τοῦ
702 2996 868 3076 Μπεράρδου
897 2996 944 3056 καί
973 3001 1019 3058 τοῦ
1042 2999 1178 3073 Μανσυὴλ
1201 2998 1302 3072 μοδίων

16 3116 82 3179 δέκα.
116 3124 214 3201 ἕτερον
236 3122 374 3199 χωράφισν
397 3117 437 3192 είς
458 3117 492 3178 τὰ
514 3119 648 3198 Βουνάρια
674 3123 719 3178 τοῦ
742 3119 896 3198 Δράκοντος
922 3121 953 3180 τό
975 3122 1058 3196 ἥμισυ
1082 3121 1174 3180 τσότσυ
1201 3119 1302 3194 μσδίων
1411 3119 1412 3124 ’

16 3240 184 3304 εἰκοσιπέντε.
219 3243 299 3320 ἑτέρα
321 3247 358 3320 γῆ
382 3241 515 3320 ἐλευθέρα
537 3239 577 3311 είς
598 3241 633 3300 τὰ
654 3242 788 3322 Βουνάρια
811 3246 856 3301 τοῦ
880 3243 1015 3322 Ἀτράγου
1039 3242 1141 3318 μοδίων
1164 3289 1239 3316 ...,
1264 3245 1303 3315 ὡς

15 3369 55 3437 τῆς
77 3366 179 3446 ἑτέροις
206 3363 330 3440 δοθείσης
359 3363 426 3444 πρδς
455 3365 501 3424 τόν
523 3363 764 3444 Στραβσϊωάννην·
798 3361 879 3439 ἐδόθη
909 3371 942 3446 τῇ
974 3365 1039 3446 affl}
1068 3371 1137 3448 μονῇ
1166 3364 1302 3442 ἀμπέλων

15 3481 179 3558 δημοοιακδν
200 3489 247 3546 τοῦ
269 3486 304 3546 Λι
320 3535 327 3548 .
346 3531 353 3548 .
371 3533 404 3547 ..
432 3485 538 3546 ἐκείνου
568 3485 607 3558 είς
636 3487 684 3562 τὴν
717 3487 882 3567 Μεσσαρέαν
913 3487 1029 3562 πλησίον
1058 3491 1105 3548 τοῦ
1132 3487 1301 3567 Καρυδοντᾶ,

14 3607 105 3678 μοδίων
143 3611 296 3689 τεσσάρων.
333 3606 381 3668 καί
412 3607 517 3686 πτωχοί
551 3601 638 3668 οὗτοι·
671 3609 832 3690 Είιστράτισς
864 3610 880 3668 ό
915 3609 1059 3690 Παγάνος,
1094 3609 1154 3686 ἔχει
1186 3612 1302 3689 γυναῖκα

15 3724 112 3812 Ἄνναν,
141 3731 203 3790 υίδν
225 3731 355 3810 Μιχαήλ,
382 3730 487 3807 οἴκημα
513 3732 552 3811 έν,
579 3737 632 3810 γῆν
655 3729 756 3807 μοδίων
781 3777 863 3794 ....
887 3729 934 3791 καὶ
957 3730 1093 3806 ἀμπέλισν
1116 3729 1219 3806 μσδίων
1242 3732 1303 3804 ένδς

13 3850 50 3907 καὶ
70 3851 208 3931 ἡμίσεως,
232 3853 313 3924 τέλος
336 3856 455 3928 νόμισμα
477 3855 568 3928 ἣμισυ.
592 3853 806 3932 Κωνσταντῖνος,
829 3854 844 3912 ό
863 3853 990 3935 γαμβρός
1012 3857 1058 3912 τοῦ
1079 3853 1217 3931 Παγάνου,
1241 3854 1302 3931 ἔχει

12 3977 118 4049 γυναῖκα
139 3973 244 4054 Ξένην,
267 3973 337 4047 υίσός
359 3969 638 4059 Τριακσντάφίυλλσν]
660 3974 706 4034 καὶ
728 3972 867 4054 Ἰωάννην,
891 3973 1029 4049 οἰκήματα
1051 3973 1088 4056 β’,
1110 3973 1235 4054 πρόβατα
1255 3967 1300 4054 ιβ’,

12 4101 56 4170 γῆν
77 4097 184 4171 μσδίων
207 4093 257 4174 λγ’
283 4093 330 4156 καὶ
356 4096 491 4172 ἀμπέλων
519 4096 612 4172 μσδίου
642 4097 702 4168 ἑνδς
731 4095 779 4156 καί
804 4097 935 4176 ἡμίσεως,
963 4095 1043 4165 τέλος
1066 4095 1217 4171 νομίσματα
1241 4094 1299 4178 δό[σ

12 4263 17 4274 .
41 4265 47 4277 .
70 4267 75 4278 .
102 4267 109 4279 .
137 4267 145 4280 .
171 4265 178 4279 .
206 4267 212 4280 .
237 4213 421 4303 Ἀ]θανασίσυ,
449 4219 508 4296 ἔχει
530 4221 646 4296 γυναῖκα
773 4217 829 4276 σίδν
849 4219 988 4296 Ἰωάννην,
1011 4215 1114 4292 οἴκημα
1136 4217 1175 4296 ἓν,
1199 4218 1299 4296 ζευγά-

12 4357 57 4416 ριον
80 4342 121 4420 ἓν,
145 4335 286 4425 οτ[ρόβατα
309 4385 540 4404 ..........
547 4335 569 4424 ].
593 4335 730 4419 Γεώργιος
756 4339 772 4396 ό
794 4337 969 4417 Φιλόκαλσς,
993 4338 1055 4416 ἔχει
1074 4341 1190 4416 γυναῖκα
1214 4335 1298 4420 Εἰρή-

12 4479 59 4538 νην,
81 4461 227 4538 οἰκήματα
249 4461 286 4542 β’,
309 4457 445 4547 πίρόβατα
476 4507 581 4524 .....
609 4457 703 4546 τέλος]
732 4461 896 4538 νομίσματος
921 4459 1017 4541 τρίτον.
1049 4461 1179 4542 Μιχαήλ,
1209 4463 1223 4520 ό
1255 4459 1298 4520 ἐπί

12 4587 156 4662 τρογονίγν-
176 4584 303 4663 γαμβρός
335 4587 382 4643 τοῦ
410 4584 528 4663 Κογχητ
540 4627 742 4645 .........
777 4581 823 4643 καί
857 4584 910 4643 άπδ
942 4588 992 4660 τῆς
1024 4581 1185 4662 πενθερικῆς
1218 4584 1298 4642 αὺτοῦ

12 4707 120 4778 πίσεως
152 4711 208 4783 γῆν
238 4705 340 4779 μοδίων
363 4703 402 4782 λ’,
432 4725 468 4766 κα
480 4749 712 4768 ..........
742 4711 775 4787 τῇ
806 4705 873 4787 αὐιῄ
903 4711 972 4788 μονῇ
1002 4702 1049 4766 καί
1075 4705 1093 4779 ἡ
1115 4703 1233 4786 χερσαία
1259 4711 1297 4782 γῆ

1059 4827 1089 4878 17
