3160 5292
252 387 316 454 214

253 631 649 647 .............
650 580 661 669 ]
692 581 706 644 θ
733 585 827 663 παρίοι
853 590 903 658 τῆς
930 585 1072 660 βασιλείας
1099 605 1150 659 μου
1183 585 1293 664 θρισμθς
1324 582 1364 655 είς
1394 583 1558 662 ἀσφάλειαν

252 705 329 784 μηνί
354 705 578 787 σεπτεμβρίῳ,
602 705 811 777 ίνθικτιῶνος
836 705 867 768 ε’.
892 709 913 786 †

356 830 377 908 †
400 829 460 887 Διὰ
482 832 537 888 τού
558 823 885 912 πρω[τοστροίτορος]
911 829 1052 907 Μιχαὴλ
1074 833 1129 888 τού
1151 827 1367 906 Σεναχηρείν.
1392 829 1413 904 †

355 957 497 1027 Ανοίιείμρ.
522 956 607 1012 chart.
633 957 709 1010 θύον.
734 973 783 1009 τινα
808 956 857 1010 61.

448 1207 928 1312 ΙιΧΧΧίῙΠ.,[6771-1263],
952 1231 1061 1274 mense
1085 1211 1178 1292 maie,
1202 1207 1267 1273 ind.
1291 1209 1348 1273 VI.

252 1379 325 1430 Leon
348 1376 632 1446 Eeeammatiememaee,
662 1393 754 1429 censor
777 1377 869 1430 Rhodi
894 1383 918 1430 el
943 1377 1094 1430 ιἰισιιίανιιιιι
1120 1375 1276 1444 Cycladum,
1301 1381 1415 1428 recenset
1441 1377 1555 1426 nomine

295 1481 487 1550 inquilinorum
507 1481 664 1534 monasterii
682 1481 709 1534 ιἰι
725 1482 851 1550 praediis
871 1481 1017 1535 Parthenio
1037 1489 1061 1534 et
1085 1481 1207 1534 Τσιιιειιίο
1230 1487 1254 1534 εί
1277 1479 1305 1532 in
1328 1480 1418 1533 ιἰισιιία
1445 1482 1511 1534 (¹00.

354 1683 375 1762 †
406 1725 1555 1746 ....................................

253 1852 451 1868 .......
476 1803 1554 1885 κρατίστου....τήςαύτού...................

252 1923 449 2010 [π]ιατσυμένου
470 1929 516 1986 τού
538 1929 699 2004 πράγματος
721 1947 755 1986 τ.
771 1947 875 1988 ..οντα
903 1927 1048 2006 εύκληρίαν
1071 1933 1124 1985 τῶν
1149 1927 1177 1985 έν
1200 1925 1239 2004 τῷ
1261 1928 1373 2004 παρόντι
1396 1926 1555 2003 εύηρεστη-

252 2051 338 2108 κότων
360 2047 425 2127 θεῷ.
450 2047 494 2108 θιοί
509 2068 549 2108 τοι
571 2053 648 2108 τοῦτο
671 2047 716 2108 καί
740 2047 764 2106 οἱ
790 2047 833 2107 ἐπὶ
856 2053 909 2124 γῆς
937 2047 1058 2120 εὐσεβεῖς
1086 2049 1215 2128 ἄνακτες,
1239 2049 1277 2120 ὡς
1303 2047 1352 2121 τήν
1381 2049 1438 2106 ἅνω
1472 2047 1555 2121 βασι-

251 2171 330 2230 λείαν
360 2169 567 2243 ἐξεικονίζοντες
598 2170 630 2229 ἐκ
658 2175 712 2229 τῶν
741 2165 777 2229 ίον
806 2171 895 2242 αὐτοῖς
923 2169 1027 2229 ἐκεῖθεν
1061 2167 1106 2228 καί
1139 2169 1323 2249 εθεργέτηται,
1354 2169 1557 2248 ἑπιχορηγοῦσι

250 2293 352 2362 τούτοις
381 2290 578 2370 δαψιλεστέρας
605 2291 654 2363 τὰς
682 2291 788 2371 δωρεὰς
814 2291 983 2371 ἀφιεροῦντες
1011 2292 1099 2363 αύτοίς
1125 2289 1172 2350 καὶ
1199 2293 1255 2364 τοῖς
1281 2291 1345 2370 παρ’
1369 2291 1461 2350 αύτῶν
1491 2292 1556 2350 οὶνι-

252 2415 394 2493 θρυμένοις
416 2413 498 2486 θείοις
520 2416 596 2485 ναοῖς
618 2416 749 2493 γημύρων
772 2411 818 2472 καὶ
842 2413 1004 2493 θουλεντῶν,
1033 2415 1078 2485 οθς
1100 2413 1246 2492 παροίκους
1269 2411 1383 2486 οἴδαμεν
1411 2413 1556 2488 θνομοίζε-

252 2537 321 2616 σθαι,
354 2531 423 2620 [οὒκ]
454 2535 550 2614 θλίγην
579 2530 763 2620 οὶ[π]ὀμοιραν.
791 2537 806 2593 θ
834 2534 867 2609 δὴ
895 2533 941 2594 καί
973 2533 1015 2594 ἐπὶ
1044 2533 1082 2613 τῷ
1114 2535 1250 2616 μακαρίτῃ
1279 2535 1375 2612 ἐκείνῳ
1402 2533 1450 2594 καὶ
1478 2536 1557 2613 ἁγίῳ

251 2655 331 2739 πατρὶ
365 2704 566 2721 .......
599 2656 791 2736 Χριστοθούλῳ
825 2659 881 2728 τοῖς
912 2657 1000 2716 ποίλαι
1034 2655 1121 2734 ἁγίοις
1156 2655 1296 2730 βασιλεύοι
1329 2649 1376 2715 καί
1411 2656 1556 2730 εύσεβέσιν

252 2778 353 2859 οἷναξιν,
378 2779 455 2840 ἀλλὰ
478 2779 512 2854 δὴ
540 2777 586 2838 καὶ
616 2779 654 2858 τῷ
685 2778 807 2858 κραταιῷ
836 2777 882 2838 καί
912 2779 981 2857 ἁγίῳ
1010 2780 1089 2854 ἡμῶν
1125 2780 1301 2859 ούτσκριίτορι
1331 2778 1557 2852 τετελειωμένον

252 2905 320 2963 ἔστιν
348 2901 424 2981 ἰδεῖν,
457 2903 495 2974 ὡς
521 2902 555 2961 τὰ
582 2901 668 2962 σεπτὰ
694 2903 794 2962 τούτων
817 2901 984 2981 θιατρανούσι
1010 2900 1058 2960 καί
1083 2903 1254 2980 πραπκυνητὰ
1275 2901 1481 2981 χρυτύβουλλα,
1514 2895 1556 2973 τίς

252 3024 285 3100 δὴ
319 3023 366 3083 καί
395 3026 425 3083 τ“ο
454 3027 535 3102 κῦρος
569 3023 789 3103 έπεβραβεύσατο
820 3025 834 3082 ὁ
864 3027 1004 3104 κράτιστος
1037 3021 1083 3083 καὶ
1115 3025 1192 3102 ἅγιος
1226 3025 1304 3099 ἡμῶν
1339 3024 1469 3099 αύθέντης
1506 3023 1555 3082 καί

251 3147 424 3226 αὐτοκράτωρ
455 3145 499 3205 διὰ
528 3151 713 3224 προοκννητού
743 3145 950 3225 χροτοβτύλλον
980 3151 1029 3220 τῆς
1060 3145 1140 3223 αἰγίας
1172 3146 1251 3205 αύτού
1282 3143 1435 3218 βασιλείας,
1468 3147 1484 3202 '5
1520 3145 1553 3218 δὴ

250 3270 317 3348 προς
346 3269 395 3343 τήν
424 3268 499 3347 παρὰ
528 3271 573 3327 τοῦ
604 3267 799 3344 θιαληρθένττς
829 3267 961 3346 μακαρίου
993 3264 1090 3346 ἀνδρὸς
1121 3266 1321 3346 Χριστοθούλου
1357 3267 1554 3345 θνεγερθεῖσαω

252 3389 400 3466 σεβασμίαν
428 3389 513 3464 μονὴν
540 3391 589 3464 τὴν
614 3390 642 3447 ἐν
664 3395 696 3470 ιη
721 3392 794 3467 νήσῳ
819 3389 921 3467 Πάτμῳ
943 3389 1018 3468 παρὰ
1039 3393 1085 3448 τού
1108 3393 1224 3469 κροίτους
1246 3389 1368 3465 ἀπελύθη
1396 3395 1446 3464 τῆς
1470 3388 1554 3446 αἰτοῦ

251 3511 448 3590 γαληνύιητος.
475 3509 533 3570 ἐπεὶ
557 3509 601 3569 οὖν
627 3509 724 3583 ἐδέησε
752 3510 822 3584 μετὰ
844 3516 898 3568 τῶν
922 3510 1018 3569 ἄλλων
1042 3512 1177 3590 ἔγγραφον
1205 3509 1251 3570 καί
1274 3511 1338 3589 παρ’
1361 3512 1442 3585 ήμῶν
1464 3513 1552 3587 γενέ-

252 3635 313 3693 σθαι
336 3633 550 3692 ἀποκατάστασιν
577 3631 616 3709 τῷ
640 3633 716 3709 μέρει
738 3636 788 3705 τῆς
810 3632 933 3706 τοιαύτης
956 3631 1108 3706 σεβασμίας
1131 3639 1217 3707 μονῆς
1242 3631 1284 3691 ἐπὶ
1306 3634 1363 3702 τοῖς
1387 3633 1420 3690 ἐκ
1443 3632 1552 3690 παλαι-

251 3763 338 3835 γενῶν
361 3757 413 3815 τῶν
435 3757 541 3834 γρύνων
564 3755 775 3834 προσκυρωθεῖσι
798 3755 880 3835 ταύτῃ
908 3752 953 3813 διὰ
975 3761 1037 3834 τῶν,
1065 3757 1103 3826 ὼς
1128 3755 1240 3834 είρητοιι,
1264 3761 1455 3834 προσνονητῶν
1477 3775 1549 3833 χρυ-

252 3878 412 3953 σοβούλλων
441 3879 468 3937 ἕν
490 3899 521 3936 τε
547 3881 580 3956 τῇ
607 3877 680 3954 νήσῳ
704 3876 801 3953 Λέρνῳ
828 3867 875 3933 καί
905 3875 933 3933 ἐν
961 3881 994 3956 τῇ
1022 3877 1095 3954 νήοῳ
1119 3875 1178 3958 Κῷ,
1208 3877 1246 3947 ὡς
1274 3876 1462 3955 διωρισμένοις
1482 3877 1550 3950 ἡμῖν

251 3999 361 4058 τελείαν
394 3999 555 4072 ποιήσασθαι
585 3996 745 4075 ἀπογραφήν
775 3994 821 4055 καί
854 3995 1069 4056 ἀποκατάστασιν
1101 3997 1129 4056 έν
1156 4017 1186 4056 τε
1217 4005 1250 4078 τῇ
1280 4001 1355 4076 νήσῳ
1382 3997 1472 4076 Ῥόδῳ
1499 3997 1550 4055 καὶ

251 4119 390 4200 τοῖςπερὶ
413 4120 504 4196 αύτήν,
528 4115 606 4178 ἀλλὰ
629 4118 662 4194 δή
685 4117 731 4176 καὶ
756 4118 783 4176 έν
806 4121 905 4188 πάσαις
927 4119 986 4188 ταῖς
1010 4117 1134 4178 Κυκλοίσι
1156 4122 1264 4201 νήσοις,
1291 4121 1321 4179 τθ
1343 4121 1431 4200 παρθν
1455 4119 1548 4195 σιγιλ-

251 4241 353 4314 λιῶδες
381 4243 594 4302 ἀποκαταστικύν
621 4244 737 4321 γροίμμα
766 4241 899 4318 ἐγεγόνει,
930 4239 958 4298 ἐν
982 4235 1003 4319 ᾧ
1026 4241 1059 4298 τὰ
1081 4241 1278 4320 καθευρεθέντα
1307 4241 1335 4299 ἐν
1362 4243 1422 4312 ταῖς
1451 4241 1548 4316 δηλω-

164 4427 167 4434 ,
252 4364 354 4434 θείσαις
376 4366 467 4437 νήσοις
490 4367 535 4422 τού
558 4365 655 4442 μέρους
678 4368 727 4438 τής
749 4362 872 4434 τοιαύτης
896 4367 982 4436 μονῆς
1011 4359 1118 4437 ἔκδηλα
1139 4365 1339 4438 πεποιήκαμεν.
1364 4361 1412 4422 καὶ
1435 4361 1472 4433 εἶς
1493 4363 1548 4434 μέν
1574 4439 1575 4453 ,

253 4488 297 4545 τον
319 4487 490 4564 περιοριτμον
512 4483 558 4543 καί
580 4487 629 4558 τήν
651 4483 813 4562 περίμετρον
839 4487 893 4540 τῶν
917 4481 945 4541 ἐν
968 4483 1076 4554 ταύταις
1098 4483 1265 4562 προαστείων
1293 4485 1427 4562 ἀρκοῦντα
1450 4479 1548 4554 ἔδοξαν

252 4607 317 4681 ήμίν
343 4606 377 4664 τὰ
406 4607 538 4685 προσόντα
567 4606 649 4686 ταύτῃ
679 4604 834 4682 παλαιγενῆ
867 4604 1039 4684 ἀπογραρικὰ
1070 4603 1252 4686 δικαιώματα,
1285 4605 1343 4666 ἐπεὶ
1372 4607 1445 4683 μηδὲ
1471 4611 1548 4683 παραὶ

252 4747 298 4786 τον
326 4731 380 4785 τῶν
406 4727 595 4804 γειτονούντων
622 4729 640 4800 ἢ
667 4729 720 4784 τῶν
752 4725 806 4784 ἀπο
833 4729 878 4784 τού
907 4727 1005 4804 μέρους
1033 4729 1078 4786 τοῦ
1106 4725 1236 4802 δημοσίου
1259 4727 1458 4806 ήνοχλήθημεν
1482 4747 1547 4784 πεί
1573 4759 1574 4819 γ
