3228 5294
257 338 299 404 22

257 531 371 593 διανόειν
395 532 542 611 ἐπείγεται.
587 531 666 592 ἀλλὰ
687 532 718 592 τό
746 535 793 592 τοῦ
820 533 902 594 τόπου
932 533 1051 613 σκληρόν
1081 531 1128 592 καὶ
1158 528 1312 613 κατάξηρον
1340 529 1388 592 καὶ
1417 533 1448 593 τό
1479 534 1550 613 πρός

257 655 442 735 καρπογονίαν
458 653 613 734 δυσκίνητον
629 657 647 730 ῆ
663 653 789 731 ἀκίνητον
805 656 999 732 κατηνάγκασε
1013 658 1105 715 τοῦτον
1127 661 1176 732 τῆς
1199 653 1228 714 ἐν
1248 649 1309 739 [τῷ]
1329 654 1385 736 δρει
1408 655 1550 734 διατριβῆς

258 775 416 856 ἐπίπροσθεν
438 777 525 836 θεῖναι
546 777 595 853 τὴν
618 777 733 838 ἐνταῦθα
755 777 872 856 φοίτησιν
894 775 941 838 καὶ
964 776 1008 837 διὰ
1029 780 1106 838 τοῦτο
1124 783 1158 859 πῆ
1179 775 1308 860 βασιλείᾳ
1321 799 1374 854 μου
1388 776 1549 858 προσελθων

256 899 365 978 θερμῶς
387 897 469 974 αθοήν
491 898 673 980 ἐλιτάνευσεν,
697 893 777 978 ἐφ’ίρ
798 899 889 977 τυχεῖν
911 897 1066 978 φιλοτιμίας
1087 903 1138 975 τῆς
1158 897 1222 980 παρ’
1236 898 1319 976 αἰνῆς
1341 898 1381 972 είς
1402 899 1548 979 ἀναψυχὴν

257 1021 336 1080 αὑτοῦ
357 1041 387 1080 τε
408 1019 455 1080 καὶ
476 1026 530 1082 τῶν
554 1021 644 1081 ἐκεῖσε
667 1016 841 1095 ἀσκουμένων
868 1022 1013 1100 γερόντων.
1060 1015 1083 1100 ᾧ
1111 1018 1159 1082 καὶ
1187 1025 1343 1101 προσχσῦσα
1371 1023 1390 1096 ή
1420 1021 1550 1095 βασιλεία

257 1162 309 1218 μου
330 1143 376 1202 τόν
397 1143 519 1223 πορόντα
542 1142 625 1218 αίιτῆς
646 1141 852 1223 χρυσόβσυλλον
874 1142 959 1220 λόγον
983 1141 1178 1222 ἐπεβράβευσε,
1201 1142 1237 1203 δι’
1253 1137 1284 1204 οίι
1307 1144 1450 1224 διορίζεται
1468 1145 1548 1221 λαμ-

257 1264 350 1338 βάνειν
373 1265 451 1326 αίιτόν
476 1285 508 1324 τε
534 1263 580 1324 καὶ
606 1265 667 1336 τοὺς
696 1263 786 1326 ἐκεῖσε
809 1263 947 1342 μαναχοίις
969 1263 1041 1324 κατὰ
1060 1268 1115 1324 πᾶν
1138 1265 1198 1334 ἐτσς
1219 1267 1301 1346 χάριν
1323 1266 1467 1342 σολεμνίσυ
1494 1268 1549 1328 ἀπδ

256 1391 303 1446 τσῶ
326 1387 461 1462 διοικητοῦ
480 1393 532 1446 τῶν
548 1386 702 1448 Κυκλάδων
725 1389 814 1461 νήσων
835 1386 991 1462 νομίσματα
1011 1383 1112 1458 δεκαέξ
1134 1382 1320 1467 ἀνυστερήτως
1341 1409 1372 1448 τε
1392 1390 1441 1448 καί
1461 1389 1549 1466 ἀνεγ-

256 1511 408 1588 κραπήτως,
437 1509 481 1568 ίνα
508 1509 542 1568 δι’
565 1510 652 1570 αὐτῶν
678 1509 727 1584 τὴν
749 1512 899 1589 προσοῦσαν
922 1509 1011 1580 αὐτοῖς
1034 1507 1250 1588 σκληραγωγίαν
1270 1513 1481 1590 παραγωθῶνται
1504 1511 1551 1572 ἐπί

256 1631 353 1711 μικρὸν
376 1629 495 1708 καὶτῆς
517 1629 661 1705 βασιλείας
683 1651 735 1707 μου
757 1630 965 1710 ίιπερείιχωνται.
1000 1628 1090 1702 οθδείς
1109 1629 1154 1691 οὖν
1172 1637 1226 1690 τῶν
1245 1632 1370 1692 ἁπάντων
1393 1631 1437 1692 ἐπ’
1453 1629 1551 1704 ἀδείας

257 1749 313 1826 ἕξει
336 1753 477 1814 ἐκκόπτειν
500 1757 620 1833 μερικῶς
641 1755 659 1826 ῆ
681 1753 743 1812 καθ’
759 1751 915 1830 ὁλόκληρον
937 1753 969 1812 τό
990 1756 1108 1814 τοιοῦτον
1129 1752 1273 1828 σολέμνιον
1288 1757 1307 1829 ῆ
1323 1755 1390 1834 πρδς
1405 1754 1552 1828 ἀναβολάς

255 1877 357 1956 χωρεῖν
379 1872 503 1946 καὶτοῖς
526 1878 658 1954 μοναχοῖς
678 1876 827 1954 πράγματα
852 1871 993 1954 προξενεῖν
1014 1872 1061 1934 καί
1088 1875 1231 1954 όχλήοεις,
1258 1871 1327 1936 ἀλλ’
1348 1878 1407 1952 ἅμα
1434 1883 1467 1960 τῆ
1495 1879 1552 1955 ἑμ-

256 1998 353 2080 φσινείφι
374 2000 421 2058 τοῦ
442 1999 573 2076 παρόντος
595 1995 803 2076 χρυσοβσίιλλου
824 1996 911 2074 λόγου
937 2001 987 2071 τῆς
1017 1995 1161 2070 βασιλείας
1191 2019 1242 2074 μου
1272 1999 1406 2077 λήψονται
1436 2000 1554 2077 ἐτησίως

256 2119 282 2180 οἱ
304 2117 421 2197 μοναχοί
444 2120 473 2178 τό
495 2122 612 2180 τοιοῦτον
635 2119 781 2193 σολέμνισν
803 2118 939 2190 άνενδεῶς
960 2138 991 2178 τε
1017 2116 1063 2178 καὶ
1090 2117 1309 2200 σίνεγκρατήτως.
1355 2121 1415 2182 ἐπεὶ
1443 2122 1475 2182 δέ
1502 2123 1553 2183 καί

258 2238 290 2313 ἐξ
313 2239 421 2302 οἰκείων
444 2237 547 2313 ἐξόδων
569 2239 616 2300 καὶ
638 2239 828 2314 ἀναλωμάτων
850 2240 884 2300 τὰ
905 2240 1008 2302 κελλία
1030 2241 1045 2300 ό
1067 2242 1192 2319 μσναχδς
1207 2243 1346 2324 Ἀροένιος
1364 2239 1443 2318 οὗτος
1465 2251 1554 2306 ταῦτα

257 2363 395 2444 ἐδείματο,
411 2362 457 2424 καὶ
473 2364 488 2424 δ
503 2364 586 2443 μέχρι
600 2365 647 2424 τοῖν
665 2366 709 2422 νῦν
728 2369 831 2442 προσῆν
847 2362 937 2434 αὺτοῖς
957 2360 1125 2435 σοίτεξοίισιον
1141 2365 1215 2442 ἔχειν
1230 2363 1277 2425 καί
1292 2364 1332 2439 εἰς
1346 2367 1376 2426 τό
1397 2364 1463 2445 ἐξῆς
1477 2370 1553 2428 καθ-

259 2486 387 2564 ικέτευοε,
411 2484 455 2546 ναί
475 2485 529 2562 μὴν
549 2483 596 2544 καί
611 2481 785 2557 ἐξκουσσείας
799 2486 889 2560 πάσης
903 2489 987 2546 ταῦτα
1001 2488 1145 2564 τυγχάνειν
1164 2487 1294 2570 ᾐτήσατο,
1317 2488 1374 2550 οίιδ’
1392 2487 1432 2562 εἰς
1451 2492 1554 2562 τούτοις

256 2610 306 2680 τὰς
329 2608 376 2669 δίισ
399 2606 518 2682 αἰτήσεις
539 2609 695 2689 παρήκουσε
717 2608 810 2668 τούτου
829 2609 859 2667 τδ
879 2610 979 2687 κράτος
998 2610 1087 2683 ήμῶν,
1111 2608 1178 2668 ἀλλ’
1194 2611 1253 2684 ἅμα
1266 2611 1366 2686 ταύτας
1379 2613 1553 2691 πεπλήρωκε

257 2729 303 2790 καὶ
326 2727 485 2802 αὐτεξούσια
506 2732 598 2805 μένειν
621 2731 688 2790 αἰπὰ
710 2729 749 2800 είς
771 2731 817 2790 τόν
840 2726 906 2802 ἑξῆς
927 2732 1026 2810 χρόνον
1049 2730 1199 2812 διωρίσατο,
1227 2731 1325 2807 μηδενὶ
1346 2740 1400 2794 τῶν
1423 2735 1554 2796 ἁπάντων

258 2853 413 2914 ὑποκεῖσθαι
440 2850 592 2932 ὀφείλοντα,
622 2852 693 2928 μηδὲ
719 2855 801 2932 χεῖρά
821 2872 881 2914 τινα
904 2854 1027 2914 δεσπότιν
1051 2853 1272 2934 ἐπιγινώσκοντα,
1300 2857 1340 2915 δτι
1367 2855 1440 2931 μηδὲ
1467 2859 1554 2938 μέχρι

258 2979 304 3036 τοῦ
326 2977 371 3034 νῶν
394 2975 444 3035 ὑπό
467 2974 546 3053 ζυγόν
569 2970 638 3052 ήσαν
659 2979 705 3034 τοῦ
728 2969 884 3054 ἐλευθερίου
905 2981 959 3036 τῶν
985 2977 1092 3054 χρόνων
1120 2975 1252 3036 ἀνέκαθεν
1278 2978 1422 3056 προσόντος
1448 2979 1552 3052 αθτοῖς.

258 3095 345 3158 άκαί
367 3095 625 3174 ἐξκονσσευθήσεται
646 3098 717 3174 μετὰ
738 3099 845 3158 πάντων
868 3104 922 3158 τῶν
949 3099 1130 3180 διαφερόντων
1160 3100 1249 3170 αὐτοῖς
1278 3099 1332 3160 ἀπό
1361 3120 1391 3160 τε
1422 3103 1553 3181 μιτάτων,

257 3219 482 3300 ἀντιμιτατικίων,
512 3219 661 3295 ἀπλήκτων
687 3217 734 3280 καί
755 3225 805 3295 τῆς
827 3221 894 3300 ὑπὲρ
915 3225 969 3280 τῶν
992 3220 1141 3296 ἐπλήκτων
1171 3217 1307 3301 χορηγίας
1333 3228 1445 3303 χρειῶν,
1478 3245 1554 3298 μεσ-

259 3341 418 3420 απλήκτων,
448 3347 556 3422 κριτῶν,
588 3337 742 3418 ἀπαιτητῶν
772 3339 819 3401 καὶ
845 3343 949 3402 λοιπῶν
976 3343 1111 3423 ἁπάντων,
1142 3341 1289 3415 ἐπιθέσεως
1320 3347 1554 3426 μοναπροσῶπων,

259 3461 362 3535 δόσεως
376 3463 520 3524 κανισκίων
534 3466 552 3539 ῆ
568 3457 771 3542 ἀντικανίσκων,
794 3465 979 3544 σιταρκήσεως
998 3466 1130 3544 κάστρων,
1152 3464 1256 3545 ἀγοραῖς
1271 3464 1439 3547 μσυλαρίων,
1462 3487 1554 3542 μεσο-

258 3583 424 3664 μουλαρίων,
440 3583 604 3665 βορδωνίων,
620 3583 854 3665 μεσσβορδωνίων,
870 3585 968 3664 ἵππων,
983 3585 1146 3668 παριππίων,
1159 3585 1360 3667 όνσκηλωνίων,
1372 3587 1555 3669 όνοθηλειῶν,

258 3704 412 3787 φορβάδων,
437 3707 509 3782 βοῶν
533 3706 683 3788 ἐργατικῶν
705 3705 752 3766 καὶ
774 3707 924 3788 ἀγελαίων,
951 3707 1061 3788 χοίρων,
1088 3707 1242 3790 προβάτων,
1271 3707 1367 3790 αἰγῶν,
1390 3709 1554 3791 ἀγελάδων,

259 3827 413 3904 βουβαλίων
442 3827 489 3889 καὶ
518 3827 622 3890 λοιπῶν
655 3829 826 3908 τετραπόδων
860 3831 951 3911 ζώων,
985 3835 1111 3910 παροχῆς
1145 3833 1338 3912 γεννημάτων,
1373 3831 1475 3910 ἐνοχῆς
1506 3837 1555 3894 τοῦ

259 3950 370 4031 δρόμου,
394 3947 548 4030 σίκσμόδου,
571 3948 790 4032 κωμοδρομικοϋ,
813 3955 952 4031 καπνικοῖι,
967 3952 1100 4032 προσόδου
1116 3952 1235 4034 ἐερικοΰ,
1251 3959 1382 4034 ουνωνῆς,
1398 3955 1554 4036 στρατείας,

260 4073 476 4155 καστρσκτισίας,
507 4072 698 4156 όδοστρωσίας,
728 4075 917 4154 γεφυρῶσεως,
947 4070 1122 4155 ταξατιῶνσς,
1153 4079 1395 4160 ματζουκατιῶνος,
1425 4085 1556 4158 παροχῆς

258 4201 360 4276 χρειῶν
375 4201 429 4256 τῶν
443 4197 656 4276 χορηγουμένων
676 4195 816 4267 δικασταῖς
835 4199 853 4272 ῆ
872 4199 1033 4278 πράκτορσιν
1051 4200 1071 4274 ῆ
1090 4198 1194 4280 ἐτέρσις
1208 4199 1335 4278 ἄρχουσιν
1349 4202 1368 4274 ῆ
1382 4197 1430 4260 καί
1444 4201 1555 4280 στρατῷ

259 4339 309 4380 τινι
330 4321 349 4394 ῆ
370 4319 513 4400 πρέσβεσιν
543 4319 626 4380 ἐθνῶν
654 4320 852 4400 διερχομένοις,
883 4320 1005 4396 ἐκβολῆς
1031 4322 1238 4402 χορταηκάτων,
1269 4320 1414 4402 διατροφῆς
1439 4343 1555 4403 πρωτο·

259 4443 417 4522 κεντόρχων
443 4445 461 4517 ῆ
487 4440 748 4523 προσελευοιμαίων,
780 4441 930 4516 βασιλικῶν
956 4437 1104 4524 ἀνθρώπων
1131 4443 1175 4504 ἐπί
1200 4463 1275 4516 τινας
1300 4443 1556 4521 ἀποστελλσμένων

260 4562 396 4644 δουλείας,
420 4563 541 4640 ἐκβολῆς
567 4565 754 4644 γεννημάτων,
784 4563 864 4644 οἴνου,
891 4562 990 4646 κρεῶν,
1017 4566 1121 4646 κριθῆς,
1154 4564 1274 4646 βρῶμου,
1305 4565 1410 4648 ἐλαίου,
1441 4567 1556 4648 ὀσπρίου

259 4683 306 4748 καί
327 4686 461 4748 παντοίων
483 4689 653 4768 σπερμάτων,
678 4683 844 4762 ἐξοπλίσεως
865 4688 1008 4770 πλωίμων,
1028 4685 1155 4769 τοξοτῶν,
1176 4686 1368 4770 ίππατοξοτῖνν,
1391 4695 1481 4770 κοπῆς
1504 4691 1555 4754 καὶ
