3162 5278
252 345 318 410 298

251 540 297 601 καί
320 541 460 624 Θερμίων,
483 547 563 622 κυροῦ
580 540 741 620 Νεκταρίου,
766 540 825 600 οὔτε
847 546 893 601 τοῦ
917 543 977 615 μετ’
1000 542 1079 601 αυτόν
1102 541 1150 601 καί
1173 543 1262 602 σίλλου
1285 543 1379 602 ἄδειαν
1404 545 1535 621 ἔχεινκαὶ

252 660 374 734 ἐξουσίαν
397 667 414 738 ή
439 665 560 742 μετοχήν
582 683 641 722 τινα
669 663 697 722 ἐν
721 663 792 741 αὐτῷ
819 662 857 738 τῷ
880 663 945 740 θείῳ
967 662 1025 740 ναῷ
1052 662 1098 722 καὶ
1127 665 1219 742 ἀργεῖν
1247 664 1307 736 τοῦς
1337 665 1536 738 ἐνασιουμένους

251 783 323 863 αυτῷ
350 785 396 844 καὶ
419 785 551 866 ἀφορίζειν
579 783 625 844 καί
648 787 737 858 ζητεῖν
760 805 783 843 τι
806 785 870 863 παρ’
894 785 981 843 αῦτιῦν
1008 783 1054 844 καὶ
1076 786 1303 861 κατεπεμβαίνειν
1326 787 1372 847 καί
1396 783 1535 865 ἀνακρίνειν

251 905 297 966 καὶ
321 904 457 980 ἐξετάζειν
482 907 585 986 οάτοός,
611 905 665 966 εἴτε
688 904 817 985 καὶπερὶ
839 905 1072 986 τάπνευματικά,
1101 906 1155 966 είτε
1182 901 1312 988 καὶπερὶ
1339 909 1372 968 τὰ
1395 913 1535 986 σωματικά,

252 1028 281 1088 ἐν
302 1029 378 1109 βάρει
399 1027 496 1109 ἀργίας
519 1030 707 1108 ἀτυγγνὼστου
729 1025 777 1087 καί
800 1027 946 1108 ἀφορισμοῦ
969 1027 1068 1088 ἀλῦτσυ
1090 1033 1136 1089 τοῦ
1159 1029 1211 1089 ἀπό
1234 1031 1296 1090 θεοῦ
1318 1033 1535 1112 παντοκράτορος.

251 1150 276 1210 οἱ
300 1150 331 1209 δὲ
351 1153 470 1231 πατέρες
497 1152 576 1212 αῦτοῖι
603 1149 732 1228 διάγωσιν
760 1149 916 1227 ἀδελφικῶς
944 1149 990 1209 καί
1012 1151 1131 1228 ἡσύχως,
1161 1152 1273 1230 ἔχοντες
1295 1153 1329 1212 τὰ
1351 1155 1439 1214 πάντα
1460 1152 1535 1232 κοινοί,

252 1274 384 1354 βρώματά
412 1295 440 1332 τε
467 1272 514 1333 καί
540 1275 659 1352 πόματα,
688 1275 867 1348 σκεπάσματά
889 1294 920 1332 τε
946 1272 993 1332 καί
1021 1274 1192 1353 ὑποδήματα,
1222 1275 1334 1352 ἔχοντες
1360 1273 1408 1334 καί
1435 1279 1535 1354 γνώμην

251 1396 420 1475 φιλάδελφον
450 1394 496 1454 καί
525 1395 596 1454 κατὰ
624 1397 685 1455 θεόν
715 1395 860 1475 φροντίζειν
892 1396 1005 1455 ἑκάστου
1034 1397 1065 1455 τό
1096 1397 1230 1477 συμφέρον
1265 1397 1303 1468 ὡς
1333 1396 1381 1470 μία
1412 1398 1485 1473 ψυχὴ
1513 1398 1535 1455 ἐν

250 1517 368 1589 πολλοῖς
397 1521 518 1593 σώμασιν
549 1515 668 1596 οἰκοῦσα,
701 1517 727 1576 εί
747 1537 780 1596 γε
808 1517 908 1596 ὄφελος
935 1517 1021 1598 εὑρεῖν
1049 1517 1078 1577 ἐν
1108 1519 1165 1590 τοῖς
1194 1518 1377 1593 κοινοβιακοῖς
1409 1519 1536 1578 ἐθέλουσιν

251 1639 389 1720 ἀσκήσεσι,
421 1639 540 1716 μηδενός
564 1639 654 1710 αὺτοῖς
683 1639 887 1714 ἐναντιουμένου
913 1641 943 1698 τό
970 1641 1107 1720 παράπαν.
1140 1641 1213 1712 ὅστις
1239 1639 1271 1698 δέ
1298 1643 1316 1713 ή
1343 1645 1396 1699 τῶν
1423 1643 1536 1718 πατέριον

250 1765 295 1821 τοῦ
323 1763 401 1822 αὺτοῦ
429 1767 494 1822 ναοῦ
516 1765 534 1838 ή
558 1763 650 1842 ἕτερος
676 1769 726 1838 τής
753 1765 834 1838 νήσου
861 1764 959 1838 ταῦτ-ης
981 1763 1082 1835 Ντζίας
1103 1762 1150 1822 καὶ
1173 1761 1301 1843 Θερμίων
1327 1763 1456 1838 θελήσειε
1483 1764 1536 1822 καθ’

251 1883 402 1960 σίονδήτινα
429 1885 526 1964 τρόπον
553 1882 717 1965 προξενήσαι
747 1883 905 1943 σκάνδαλόν
926 1905 951 1942 τι
977 1887 996 1958 ἢ
1024 1883 1123 1959 ζημίαν
1153 1885 1212 1943 τινὰ
1237 1883 1276 1963 τῷ
1307 1883 1475 1955 ἀνακτίζοντι
1499 1886 1537 1943 καί

250 2005 452 2078 καλλωπίζοντι
486 2007 531 2064 τόν
565 2006 630 2064 ναόν
666 2005 753 2084 αὐτόν,
785 2000 845 2090 [τῷ]
878 2005 1051 2082 διαληφθέντι
1082 2006 1219 2084 όσιωτάτῳ
1250 2005 1279 2064 ἐν
1311 2009 1444 2084 μοναχοίς
1473 2004 1536 2084 πυρῷ

250 2128 382 2206 Φιλσθέῳ
404 2125 443 2205 τῷ
465 2128 615 2204 συγκέλλῳ
638 2125 684 2186 καί
708 2127 825 2205 ἁρπάσαι
845 2148 869 2186 τι
891 2132 944 2185 τῶν
968 2127 1164 2206 ἀφιερωμάτων
1190 2117 1268 2187 αὺτοῦ
1291 2130 1309 2202 ή
1332 2126 1379 2187 καὶ
1402 2127 1537 2202 ἐμποδίσαι

249 2248 296 2310 καί
318 2251 440 2309 κωλῦσαι
463 2249 662 2329 ἀφιερωσαοθοιί
681 2269 705 2307 τι
730 2248 758 2306 ἐν
782 2247 853 2326 αῦτῷ
875 2246 913 2327 τῷ
936 2244 1003 2326 ναῷ,
1026 2253 1080 2306 τῶν
1103 2248 1259 2328 ἱερωμένων
1283 2249 1334 2322 μὲν
1357 2253 1395 2308 ίυν
1418 2251 1433 2307 ό
1455 2255 1538 2308 τοιοῦ-

250 2392 297 2442 τος
324 2370 409 2450 ἀργός
437 2374 542 2446 μενέτω
569 2372 659 2446 πάσης
686 2366 872 2450 ίεροπραξίας,
902 2373 1076 2449 καταφρονῶν
1105 2369 1135 2428 δὲ
1162 2376 1212 2444 τῆς
1239 2368 1336 2448 ἀργίας
1365 2367 1412 2429 καί
1442 2371 1537 2450 ἀφωρι-

250 2493 349 2568 σμένος
380 2493 432 2552 ἀπό
461 2494 533 2572 θεοῦ,
566 2493 603 2564 ὡς
635 2490 709 2565 ἄξιος
735 2493 846 2564 τελείας
873 2493 1073 2573 καθαιρέσεως,
1100 2497 1154 2551 τῶν
1180 2490 1286 2552 λαϊκῦν
1315 2491 1386 2568 δέή
1416 2491 1463 2552 καί
1491 2499 1538 2550 τῦν

251 2621 391 2696 μοναχῶν,
424 2616 608 2696 ἀφωρισμένος
643 2615 711 2674 ἔστω
749 2614 802 2674 ἀπό
839 2615 901 2672 θεοῦ
937 2616 1156 2694 παντοκράτορος
1192 2613 1239 2672 καὶ
1272 2616 1463 2693 κατηραμένος
1498 2612 1540 2672 καὶ

251 2734 446 2816 ἀσυγχώρητος
473 2737 520 2796 καί
548 2737 646 2810 ἀλυτσς
674 2737 744 2812 μετὰ
770 2738 885 2796 θάνατον
914 2737 942 2794 ἐν
968 2734 1008 2814 τῷ
1034 2740 1078 2795 νῦν
1106 2733 1183 2794 αἰῶνι
1210 2733 1256 2793 καί
1285 2735 1313 2793 ἐν
1340 2735 1379 2813 τῷ
1402 2735 1539 2811 μέλλοντι,

252 2860 341 2937 ἐχέτω
365 2859 396 2918 δὲ
418 2857 465 2918 καί
487 2859 536 2931 τὰς
560 2858 627 2938 ἀράς
648 2857 703 2918 τῶν
726 2858 810 2936 ἁγίων
830 2858 989 2938 τριακοσίων
1013 2855 1150 2917 δέκακαὶ
1173 2856 1244 2916 όκτὼ
1267 2858 1404 2936 θεοφόρων
1424 2859 1541 2937 πατέρων

250 2986 303 3040 τῶν
332 2981 361 3039 ἐν
384 2980 488 3062 Νικαίφι
516 2979 562 3040 καί
593 2987 646 3040 τῶν
676 2979 780 3038 λοιπῶν
810 2985 903 3039 πασῶν
935 2979 1019 3058 άγίων
1049 2979 1177 3058 συνόδων,
1208 2979 1414 3056 κληρονομήσει
1442 2979 1473 3037 δὲ
1498 2978 1541 3052 τήν

249 3101 355 3184 λέπραν
381 3108 428 3164 τοῦ
450 3105 530 3179 Γιεζή
558 3102 605 3163 καὶ
632 3103 680 3178 πἠν
708 3103 830 3180 ἀγχόνην
857 3106 903 3162 τοῦ
926 3101 1029 3162 Ἰοόδα·
1058 3099 1102 3160 ἐπὶ
1124 3101 1178 3182 γὰρ
1204 3102 1288 3179 τούτῳ
1316 3101 1427 3180 ἐγένετο
1449 3100 1496 3161 καί
1516 3103 1540 3158 τὲ

248 3225 334 3304 παρόν
361 3231 411 3301 τῆς
432 3228 511 3300 ήμῶν
540 3227 713 3304 μετριότητος
741 3224 918 3301 σιγιλλιῶδες
940 3225 1057 3302 γράμμα
1083 3221 1130 3282 καί
1152 3221 1268 3298 ἐπεδόθη
1297 3220 1336 3294 είς
1362 3223 1480 3284 πλείονα
1501 3221 1540 3282 καὶ

250 3345 362 3423 διηνεκῆ
393 3347 441 3421 τὴν
472 3345 621 3425 ἀσφάλειαν
651 3343 690 3422 τῷ
721 3344 895 3424 διαληφθένπι
926 3346 1064 3424 όσιωτάτῳ
1096 3346 1124 3403 ἐν
1155 3347 1288 3422 μοναχοῐς
1318 3343 1392 3425 κυρῷ
1416 3345 1541 3420 Φιλσθὲῳ

249 3466 296 3527 καί
324 3467 472 3546 συγκέλλῳ
500 3473 549 3541 τής
576 3467 791 3548 ἀρχιεπισκοπῆς
813 3466 914 3538 Ντζίας
940 3465 987 3525 καὶ
1011 3465 1139 3546 Θερμίων
1167 3464 1215 3524 καί
1238 3465 1272 3524 δι’
1297 3467 1376 3525 αὺτοῦ
1398 3465 1437 3546 τῷ
1460 3467 1540 3540 σεβα-

251 3589 321 3669 σμίῳ
348 3587 395 3648 καί
421 3590 485 3669 θείῳ
512 3589 570 3668 ναῷ
596 3593 643 3648 τοῦ
670 3589 747 3668 άγίου
775 3585 885 3660 ἐνδόξου
912 3586 959 3646 καί
987 3586 1130 3662 ίαματικοῦ
1154 3585 1392 3666 Παντελεήμονος,
1422 3587 1455 3647 ἐν
1480 3587 1541 3645 ἔτει

251 3710 372 3793 ,αχκς’,
396 3711 474 3788 μηνί
497 3708 676 3793 νοεμβρίῳ,
702 3710 911 3782 ίνδικτιῶνος
932 3708 974 3784 ς’.
998 3711 1019 3790 †

353 3868 583 3950 ήΚῦριλλος,
617 3869 704 3946 ἐλέῳ
738 3869 813 3926 θεοῦ
847 3866 1110 3948 ἀρχιεπίσκοπος
1143 3867 1540 3941 Κωνοταντινουπόλεως,

249 3991 339 4062 Νέας
363 3991 510 4070 Ῥώμης,
533 3987 589 4049 καί
613 3987 849 4064 οίκουμενικδς
871 3987 1089 4068 πατριάρχης.
1113 3990 1134 4067 γ’

353 4147 374 4224 ή
398 4145 597 4226 Γεράσιμος,
627 4145 713 4225 ἐλέῳ
742 4146 818 4204 θεοῦ
843 4147 954 4216 πάπας
983 4143 1038 4204 καὶ
1066 4145 1277 4224 πατριάρχης
1306 4150 1364 4220 τῆς
1392 4144 1541 4222 μεγάλης

248 4270 380 4340 πόλεως
403 4263 673 4349 Ἀλεξανδρείας.
698 4270 719 4348 †

248 4445 269 4523 †
293 4443 327 4502 Ὀ
351 4442 555 4523 Ἡρακλείας
578 4443 756 4520 Νεόφυτος.
781 4443 802 4519 †
926 4444 947 4520 †
972 4443 1005 4501 ‘0
1026 4442 1193 4522 Τορνόβου
1216 4487 1222 4500 .
1248 4489 1255 4502 .
1281 4489 1287 4502 .

249 4567 270 4646 †
293 4566 328 4624 ‘0
352 4564 543 4644 Σηλυβρίας
567 4559 727 4648 [Δανιήλή.
750 4564 772 4642 †
926 4566 946 4644 †
970 4565 1004 4623 ‘0
1030 4608 1179 4625 .....
1201 4611 1215 4632 ,.

249 4683 873 4767 ήὈΓάνουκαίΧώραςἸωαννίκιοςή
925 4686 946 4764 ή·
969 4687 1002 4743 ‘0
1025 4685 1208 4762 Ἀμοισείας
1230 4684 1414 4762 Ζαχαρίας.
1437 4687 1459 4764 ή
