3228 5294
1298 348 1338 411 47

52 539 146 616 ῶτοῖς,
171 538 238 598 ἀλλ’
263 538 482 620 έλευθεριάσουτι
509 539 637 620 καθαριῖνς
665 539 729 620 ἀχρι
756 540 857 611 παντός
887 537 996 618 αἰῶνος,
1024 539 1071 600 καὶ
1093 541 1274 616 πλουτῆσουοι
1297 540 1341 600 διά

49 659 128 734 τῆσδε
154 666 203 736 τῆς
233 661 362 736 εθσεβοῶς
391 661 599 741 χρυσοβοίιλλου
625 667 733 742 γραφῆς
758 663 789 722 τό
819 661 1015 722 αῐντοδέσποτόν
1037 681 1067 721 τε
1094 661 1141 722 καὶ
1169 661 1338 742 ἐλευθέριον.

51 779 299 856 ἐξκουστευθῆσεται
326 783 418 859 μέντοι
440 785 458 858 ῆ
481 803 511 844 τε
535 783 648 864 ρηθεῖαα
674 785 766 844 ἅπασα
795 789 878 860 νῆσος
900 782 946 844 καὶ
969 783 1036 858 αὐτῆ
1058 785 1078 861 ἡ
1101 783 1171 860 μονὴ
1194 783 1265 858 μετὰ
1286 789 1340 844 τῶν

50 903 89 960 ὕπ’
112 905 193 980 αθιὴν
215 907 323 964 πάντων
346 905 399 966 ἀπό
422 926 453 965 τε
476 906 595 982 μιτάτων
618 906 761 986 ἀρχόντων
782 911 959 984 ταγματικῶν
982 903 1029 964 καί
1051 905 1216 984 θεματικῶν,
1239 905 1339 986 ῥωμαϊ-

50 1033 102 1084 νῶν
123 1045 151 1084 τε
177 1025 223 1086 καί
249 1033 417 1107 παραταγῶν
444 1025 491 1086 καί
518 1026 641 1106 ἐθνικῶν,
677 1027 715 1086 ἔτι
742 1047 772 1086 τε
800 1020 922 1105 Ῥώσων,
950 1023 1116 1108 Βαράγγων,
1145 1027 1340 1106 Κουλπίγγων,

51 1145 198 1228 Ἰγγλίνων,
234 1149 386 1229 Φράγγων,
420 1149 573 1228 Νεμίτσων,
600 1149 780 1230 Βουλγάρων,
809 1148 986 1229 Σαρακηνῶν,
1022 1148 1157 1228 Ἀλανῶν,
1189 1149 1340 1227 Ἆβαογῶν,

51 1269 199 1330 Ἀθανάτων
227 1267 275 1330 καὶ
309 1269 415 1330 λοιπῶν
445 1271 571 1330 ἀπάντων
601 1269 747 1347 Ῥωμαίων
775 1291 806 1331 τε
834 1268 882 1329 καί
914 1269 1043 1352 ἐθνικῶν,
1076 1269 1340 1350 ἀντιμιτατατικίων,

51 1397 228 1470 φραγγιατῶν,
259 1391 442 1474 ἀπομιτάτων,
469 1392 619 1468 ἀπλῆκτων
649 1395 667 1468 ῆ
699 1391 903 1468 μεσαπλῆκτων
928 1397 1037 1472 κριτῶν,
1064 1397 1232 1474 στρατηγῶν,
1256 1392 1341 1451 ἀπαι-

51 1518 133 1588 τητῶν
157 1512 204 1574 καὶ
230 1519 280 1590 τῆς
309 1514 376 1596 ὑπὲρ
402 1520 457 1574 τῶν
479 1515 629 1590 ἀπλῆκτων
651 1515 787 1596 χορηγίας
808 1520 920 1595 χρειῶν,
944 1515 1089 1586 ἐπιθέσεως
1112 1516 1341 1594 μονσπροσῶπων,

52 1634 147 1708 δόσεως
161 1634 342 1712 κανιοκίωνῆ
359 1635 565 1716 ἀντικανίσκων,
589 1639 774 1718 σιταρκῆσεως
788 1639 922 1716 κάατρων,
943 1635 1047 1716 ἀγορᾶς
1062 1635 1230 1717 μουλαρίων,
1253 1655 1340 1712 μεσο-

51 1755 211 1839 μουλαρίων,
239 1757 404 1838 βορδωνίων,
432 1757 675 1838 μεοοβωρδωνίων,
703 1757 801 1838 ἵππων,
829 1757 993 1838 παριππίων,
1016 1757 1171 1841 κηλωνίων,
1195 1757 1341 1835 όνοκηλω-

51 1877 117 1956 νέων,
145 1877 322 1960 δνοθηλειῶν,
346 1878 500 1960 φορβάδων,
525 1878 597 1953 βοῶν
621 1879 772 1960 ἐργατικῶν
794 1877 842 1939 καὶ
865 1877 1016 1959 ἀγελαίων,
1045 1877 1157 1960 χοίρων,
1185 1880 1340 1960 προβάτων,

53 1997 140 2078 αἰγῶν,
163 1999 321 2080 ἀγελάδων,
345 1999 512 2080 βουβαλίων,
539 2001 671 2080 λαγῳῶν,
696 2001 817 2080 ἐλάφων,
840 2005 927 2061 κυνῶν
950 2001 1113 2062 λακωνικῶν
1135 2003 1154 2076 ῆ
1176 2007 1341 2076 ποιμενικῶν

50 2119 92 2180 καί
113 2121 218 2182 λοιπῶν
240 2122 414 2202 τετραπόδων
437 2125 525 2202 ζώων,
547 2127 652 2202 χηνῶν,
675 2128 789 2202 νηττῶν,
811 2117 957 2204 περδίκων,
984 2117 1106 2204 ταώνων,
1128 2124 1263 2204 γεράνων,
1289 2123 1340 2183 κίν-
1414 2147 1420 2162 ·

51 2263 126 2319 κνων,
156 2249 303 2324 φασιανῶν,
333 2244 444 2324 όρνίθων
475 2241 578 2326 ἀγρίων
606 2247 625 2319 ῆ
654 2245 817 2325 χειροῆθων,
844 2248 1008 2326 περιστερῶν
1035 2243 1082 2304 καὶ
1103 2243 1208 2304 λοιπῶν
1232 2249 1341 2320 πτηνῶν

51 2363 166 2426 καὶτῶν
189 2361 221 2438 ἐξ
243 2367 331 2426 αθτῶν
353 2363 460 2426 πάντων
483 2366 556 2446 ῶῶν,
579 2371 705 2447 ταραχῆς
721 2369 894 2445 γεννήματος
917 2363 947 2440 ἐξ
971 2365 1122 2447 ἀγορασίας
1143 2366 1341 2446 γεγενημένου,

53 2485 150 2560 δόσεως
173 2491 276 2548 κάκτου
294 2490 313 2563 ῆ
328 2489 519 2569 χωροπάκτου,
538 2489 635 2568 χρείας
649 2494 748 2568 κριτῶν
769 2491 788 2564 ῆ
810 2488 1032 2569 πρωτονοταρίων
1054 2491 1073 2564 ῆ
1097 2488 1197 2568 ἐτέρων
1219 2491 1341 2569 πρακτό-

53 2630 99 2687 ρων
120 2613 138 2686 ῆ
162 2610 313 2690 ἀρχόντων,
336 2606 491 2690 οίκομόδου,
521 2609 654 2690 προσόδου
677 2609 797 2690 ἀερικοῦ,
823 2617 974 2690 καπνικῶν,
1001 2610 1215 2691 ἀερικοπρατῶν,
1243 2631 1341 2686 κωμο-

53 2729 183 2814 δρομικοῖι,
207 2737 337 2813 συνωνῆς,
360 2733 576 2814 καστροκτισίας,
600 2733 790 2814 όδσστρωσίας,
814 2731 948 2812 γεφυρῶν,
970 2736 1184 2812 παροικιατικοῡ,
1209 2731 1341 2813 ἐννομίου,

52 2856 273 2934 φριγγομιτάτσυ,
296 2858 470 2936 φραγετικοῖι,
493 2853 602 2935 σιδήρου
622 2857 640 2929 ῆ
660 2854 876 2935 καρφοπετάλων
898 2852 946 2914 καὶ
970 2853 1076 2934 μαζίου,
1100 2853 1223 2930 ἐκβολῆς
1240 2859 1341 2934 χρειῶν

52 2979 98 3032 τῶν
118 2977 335 3056 χορηγουμένων
359 2975 499 3049 δικασταῖς
521 2979 539 3051 ῆ
562 2978 724 3056 πράκτορσιν
747 2977 765 3051 ῆ
789 2975 890 3056 ἑτέροις
914 2975 1036 3056 ἀρχουσι,
1060 2973 1143 3056 δουξί,
1166 2977 1341 3054 κατεπάνοις,

52 3099 215 3175 στρατηγοῖς,
239 3096 402 3172 ἀπαιτηταῖς
416 3095 463 3157 καὶ
479 3097 597 3176 λοιποῖς,
619 3096 779 3176 τρέσβευσιν
803 3097 888 3156 ἐθνῶν
912 3096 1100 3176 διερχομένοις
1121 3099 1139 3171 ῆ
1162 3094 1209 3156 καὶ
1232 3096 1342 3178 στρατιᾷ

52 3237 102 3296 τινι,
133 3218 238 3290 δόσεως
261 3219 492 3299 προσκυνητικίου,
525 3217 648 3294 ἐκβολῆς
669 3221 879 3298 χορτασμάτων,
911 3218 1056 3297 διατροφῆς
1077 3220 1340 3299 πρωτσκεντάρχων,

52 3339 290 3420 τροελευοιμαίων,
321 3339 506 3420 βεοτιαριτῶν,
543 3340 720 3421 μανδατόρων
743 3343 789 3401 τοῦ
813 3341 914 3420 δρόμου
940 3340 1068 3421 πρέσβεις
1090 3339 1213 3420 ἀγόντων
1235 3342 1253 3415 ῆ
1277 3337 1341 3412 ἐξο-

53 3457 146 3536 ρίοτους
168 3465 186 3537 ῆ
209 3464 282 3522 κατά
304 3481 364 3522 τινα
388 3461 479 3539 ἀλλην
501 3461 598 3543 χρείαν
626 3461 822 3542 διερχομένων,
855 3461 1007 3537 βασιλικῶν
1030 3461 1179 3543 ἀνθρώπων
1203 3461 1246 3522 ἐπί
1268 3481 1342 3533 τινας

55 3579 295 3658 ἀποοτελλομένων
317 3581 445 3656 δουλείας
467 3587 513 3644 τοῦ
541 3583 680 3664 δημοσίου,
717 3583 896 3658 έκδανεισμοῦ
922 3584 1104 3662 γεννήματος,
1132 3581 1214 3664 οἴνου,
1242 3581 1341 3664 κρεῶν,

55 3704 138 3783 πρίων
159 3703 207 3766 καὶ
231 3705 332 3786 ἑτέρων
354 3705 489 3766 παντοίων
514 3703 603 3784 εἰδῶν,
633 3701 805 3778 ἐξοπλίσεως
827 3703 971 3784 πλωίμων,
994 3701 1121 3784 τοξοτῶν,
1149 3701 1341 3783 ἱπποτοξοτῶν,

57 3823 248 3904 ματζουκάτων,
271 3825 445 3908 κονταράτων
468 3826 515 3888 καί
539 3829 639 3910 ἑτέρων
666 3833 844 3908 στρατιωτῶν,
877 3825 1041 3904 ἐξωνῆσεως
1068 3827 1226 3908 ζευγαρίων,
1258 3826 1341 3906 σίτου,

56 3948 149 4029 κριθῆς,
173 3947 298 4029 βρῶμου,
323 3947 428 4030 ἐλαίου,
451 3949 568 4030 όσπρίων
589 3947 725 4010 παντοίων
746 3947 794 4008 καὶ
815 3951 947 4030 κέγχρου,
970 3948 1091 4031 λιναρίου
1113 3946 1228 4008 καὶτοῦ
1251 3948 1342 4009 τοότου

57 4071 209 4149 σπέρματος,
240 4069 402 4144 καννάβεως
432 4069 479 4130 καί
507 4075 561 4130 τῶν
585 4069 682 4132 ἀλλων
706 4073 877 4152 σπερμάτων,
899 4071 994 4152 κηρίον
1015 4074 1033 4146 ῆ
1058 4071 1171 4147 μέλιτος
1204 4076 1341 4150 παροχῆς,

58 4197 131 4268 κοπῆς
152 4189 201 4252 καί
223 4191 433 4269 καταβιβασμσῶ
455 4191 624 4269 οἱασδήτινος
643 4191 729 4268 ξυλῆς
748 4195 767 4269 ῆ
785 4193 974 4270 μετακομιδῆς
994 4193 1086 4274 ἑτέρου
1110 4191 1199 4262 είδους
1228 4191 1342 4264 κτίσεως

58 4312 211 4392 χελανδίων,
235 4314 384 4396 ἀγραρίων,
408 4317 555 4397 ζερμῶνων
578 4315 750 4395 πολεμικῶν,
770 4313 894 4396 χαρβιῶν
913 4313 960 4374 καὶ
975 4313 1080 4375 λοιπῶν
1097 4313 1203 4395 ἀλλων,
1225 4313 1343 4394 πρίσεως

60 4436 168 4516 παίδων,
192 4439 326 4518 φοοσάτου
348 4435 494 4519 διατροφῆς
516 4435 563 4497 καί
579 4437 721 4513 ἀπλῆκτσυ
745 4434 788 4496 ἐπὶ
809 4437 935 4514 πόλεμον
958 4437 1082 4508 ἀπιόντος
1103 4437 1121 4510 ῆ
1144 4435 1191 4496 καὶ
1213 4437 1342 4518 ίνποστρέ·

60 4575 147 4640 φοντος,
170 4559 340 4634 καθίσματος
362 4557 409 4620 καὶ
431 4559 571 4637 ὑποδοχῆς
602 4565 656 4620 τῶν
680 4559 709 4618 ἐν
731 4559 879 4640 ὑπεροχαῖς
909 4559 1059 4640 ἀρχόντων,
1090 4556 1258 4632 δομεστίκων
1289 4564 1342 4619 τῶν

60 4679 164 4762 σχολῶν,
189 4682 305 4756 δουνῶν,
327 4683 484 4762 κατεπάνω,
507 4686 676 4762 στρατηγῶν,
698 4685 796 4760 κριτῶν
816 4679 863 4740 καὶ
885 4686 939 4740 τῶν
960 4676 1229 4758 ἀντιπροοωποθντων
1253 4679 1343 4752 αυτοῖς
