3228 5294
243 356 285 420 38

242 553 462 630 ζωγραρισμένη,
487 551 589 627 ἔχουσα
612 548 720 620 εἰκόνας
742 550 965 628 χρυσοπετάλους
990 551 1089 629 μικρὰς
1110 547 1146 626 β’,
1170 550 1233 621 τοὺς
1248 547 1342 627 ἁγίους
1362 547 1546 627 Ἀναργίιρους

241 672 289 733 καὶ
303 675 349 733 τδν
366 675 444 752 ἀγιον
461 673 611 752 Γεῶργιον·
635 673 750 753 σταυρὸς
767 675 857 752 μέγας
877 668 999 744 ξύλινος·
1022 673 1053 730 τδ
1077 673 1154 750 άγιον
1176 671 1318 748 κάγγελον
1340 671 1410 746 μετὰ
1432 689 1545 745 συστεμ-

247 795 350 872 ματίων
375 840 511 856 .....
515 840 523 874 ,
546 795 753 874 κοσμηταρίτζιν
774 795 857 873 χυτδν
880 793 951 871 μετὰ
973 792 1150 874 κηροπηγίων
1175 795 1312 872 τεσσάρων
1335 791 1381 851 καί
1403 791 1544 872 σταυρίου·

243 919 347 1000 πύργος
370 921 416 977 τοῦ
439 917 519 977 αἰτοῦ
545 917 706 997 προαστείου
734 918 909 998 έγχῶρηγος,
939 917 1136 995 τεθυρωμένος,
1164 913 1301 994 τρίτατος,
1329 915 1399 991 μετὰ
1428 916 1546 990 ἡλιακοῦ

245 1037 292 1099 καὶ
305 1037 444 1118 εῦκιηρίου
459 1045 509 1114 τῆς
524 1037 673 1118 Ιὐπεραγίοις
688 1039 826 1117 θεοτέκου,
843 1033 877 1115 ἧς
892 1039 922 1098 τδ
939 1037 1018 1114 βῆμα
1038 1039 1154 1117 ὑπάρχει
1174 1037 1209 1096 δι’
1225 1037 1393 1117 θλογροιρίας
1411 1085 1545 1099 ......

243 1163 290 1240 κά,
314 1161 476 1240 έγχῶρηγα,
505 1159 551 1220 διά
581 1157 722 1236 βαθμίδων
746 1157 787 1232 ἔξ.
811 1161 937 1236 δοπήτιον
965 1159 1104 1240 δρομικέν,
1134 1152 1306 1238 ἐγχώρηγον,
1338 1158 1470 1236 θολωτδν,
1494 1161 1546 1218 ὐπ-

245 1277 416 1367 [οκέραμσν],
449 1282 647 1361 τεθυρωμένον,
682 1281 802 1362 δίρρυτον
837 1280 877 1354 εἰς
911 1282 958 1340 διίο
993 1282 1118 1358 ἀνῶγοιιοι
1152 1283 1307 1358 κατῶγαια,
1341 1279 1546 1361 χρηματίζοντα

245 1405 341 1483 ῶρεῑον
368 1402 415 1463 καὶ
442 1403 579 1484 ἀποθήκη,
608 1379 678 1478 μετὰ
703 1401 750 1462 καί
777 1403 886 1475 σκάλας
918 1403 1036 1480 ἐχούσης
1064 1401 1200 1476 βαθμίδος
1231 1400 1264 1462 δ’.
1298 1403 1390 1482 ἕτερον
1419 1403 1546 1478 δσπητιον

245 1525 423 1604 λιθῦκτιστον,
447 1525 641 1605 τεθυρωμένον,
672 1525 843 1604 κεραμωτθν,
870 1525 900 1584 τδ
923 1526 1007 1599 ἥμισυ
1036 1523 1222 1604 βρουλλωτόν,
1249 1524 1444 1604 τεθυρωμένον,
1471 1545 1546 1602 χρη-

247 1645 359 1722 ματίζον
382 1645 422 1718 εἰς
451 1644 590 1726 ἀχυριῖινα.
615 1648 708 1726 ἕτερον
731 1647 858 1720 ἀσπητιον
881 1645 1136 1722 λιθοπηλέκτιστον,
1159 1645 1396 1726 βρουλλάσκεπον,
1424 1645 1545 1726 τεθυρω-

248 1768 340 1848 μένον,
374 1767 542 1849 χρηματιζον
565 1766 605 1838 εἰς
633 1768 763 1828 σταῦλον·
799 1769 890 1846 ἕτερον
918 1766 1068 1845 κελλίτζιν,
1101 1765 1334 1846 βρουλλδσκεπον,
1368 1767 1546 1846 λιθέκτιστον,

246 1884 414 1970 χρηματίζον
452 1887 491 1960 εἰς
528 1889 685 1965 καταμονὴν
724 1889 850 1964 μισθίων.
893 1891 985 1967 ἕτερον
1026 1889 1151 1962 δσπάτιον
1190 1888 1371 1967 λιθόκτιστον,
1407 1887 1546 1968 βρσυλλό-

247 2029 365 2090 σκεπον,
398 2009 566 2090 χοηματίζον
597 2009 636 2082 εἰς
668 2011 826 2086 καταμονὴν
860 2009 1013 2090 παροίκων.
1055 2012 1135 2088 ἕτερα
1177 2008 1293 2084 δσπητια
1325 2006 1349 2068 δ’
1375 2009 1546 2086 λιθόκτιοτα,

248 2132 470 2210 βρουλλόοκεπα,
497 2131 700 2212 χρηματίζοντα
728 2129 768 2204 εἰς
791 2133 907 2192 σταῦλον
935 2129 982 2190 καί
1010 2130 1147 2211 ἀχυρῶνοι.
1175 2133 1261 2212 φρέαρ
1287 2133 1334 2190 τοῦ
1356 2131 1436 2190 αὐτοῦ
1457 2150 1547 2207 προα-

247 2253 347 2312 στείου·
371 2251 584 2329 ἀμπηλοκήπιον
609 2297 777 2314 ......
794 2299 801 2332 ,
831 2253 895 2330 έχον
920 2253 1020 2312 ἔσωθεν
1044 2250 1225 2330 ἀμυγδαλέας
1249 2249 1283 2333 δ’,
1312 2251 1415 2332 βάδίας
1439 2249 1466 2330 ι’,
1494 2273 1546 2311 κυ-

249 2373 348 2447 δωνίας
370 2371 406 2452 θ’,
436 2375 536 2447 συκέας
559 2373 595 2456 δ’,
627 2375 723 2456 έτέρας
745 2373 880 2446 κυδωνίας
902 2373 972 2450 μετά
996 2373 1198 2453 ἀναδενδράδος
1227 2372 1264 2454 β’,
1294 2369 1485 2451 γλυκοξυλέας
1509 2371 1545 2450 γ’.

247 2497 334 2572 ληνδς
364 2496 528 2577 έγχῶρηγος
564 2499 610 2555 τοῦ
640 2497 720 2556 αὐτοῦ
749 2498 924 2576 προαστείου.
959 2496 1035 2574 πηγὴ
1067 2496 1150 2575 βρυτὴ
1182 2495 1283 2573 ἔχουσα
1314 2493 1361 2554 καὶ
1392 2493 1548 2570 δεξαμενὴν

249 2618 422 2698 ἐγχῶρηγον.
445 2617 671 2692 καταλελυμένον
706 2616 903 2698 ἑλαιοτριβεῖον
933 2621 978 2677 τοῦ
1010 2616 1090 2676 αὺτοῦ
1117 2617 1287 2698 προαστείου,
1320 2615 1414 2676 ἐλαῖαι
1448 2619 1548 2696 ἥμεροι

248 2736 321 2818 ρνς’,
346 2740 409 2820 δρῦς
431 2737 507 2818 τκς’,
534 2737 721 2817 γλυκοξυλέοιι
745 2739 792 2820 ιβ’,
821 2738 925 2798 ἀπιδίαι
946 2737 985 2818 γ’,
1010 2737 1070 2798 ἐπεὶ
1093 2737 1125 2798 δὲ
1148 2738 1299 2818 ἀμφιβολία
1322 2739 1440 2816 ἀνέκυψε
1463 2739 1549 2812 μέσον

248 2866 302 2920 τῶν
325 2866 457 2938 μονοχῶν
479 2865 525 2920 τοῦ
549 2865 631 2942 κυροῦ
646 2860 846 2941 Χριστοδοθλου
868 2857 992 2920 καὶτῶν
1014 2859 1153 2940 παροίκων
1175 2865 1229 2918 τῶν
1252 2859 1300 2920 δύο
1323 2859 1426 2940 ἀγρῶν,
1448 2863 1496 2918 τοῦ
1520 2880 1548 2918 τε

240 2981 426 3069 ,Πολουροθτη
448 2980 496 3042 καὶ
518 2987 571 3042 τῶν
594 2983 765 3063 Κουρουνῶν,
781 2981 843 3062 περὶ
866 2987 916 3059 τῆς
939 2980 1102 3058 νομαδιαίας
1116 2987 1170 3059 γῆς
1192 2985 1238 3041 τοῦ
1259 2980 1417 3062 προαστείου
1442 2981 1548 3060 Παρθε·

249 3100 318 3164 νίου·
343 3101 443 3183 ἔλεγον
465 3103 520 3184 γὰρ
542 3103 568 3163 οἰ
588 3105 714 3183 πάροικοι
735 3107 881 3184 προνόμιον
912 3103 986 3182 ἔχειν
1015 3101 1187 3184 εἰσέρχεσθαι
1213 3101 1259 3162 καί
1286 3105 1415 3177 νέμεσθαι
1438 3101 1478 3174 εἰς
1500 3104 1549 3177 τὴν

249 3229 296 3284 τοῦ
323 3225 473 3305 Παρθενίου
499 3226 597 3304 νομήν,
625 3224 672 3285 καὶ
700 3225 846 3300 ἐπεζήτουν
876 3225 914 3300 μὴ
943 3225 1098 3285 κωλύεσθαι
1124 3223 1199 3304 παρά
1224 3229 1278 3282 τῶν
1305 3230 1445 3302 μοναχῶν,
1469 3223 1495 3282 οἰ
1519 3223 1550 3283 δὲ

251 3343 369 3424 μοναχοί
392 3346 550 3406 ἀντέπιπτον
574 3345 707 3422 μηδόλως
730 3346 825 3418 αῦτοῦς
848 3345 1031 3427 εἰσέρχεσθαι,
1056 3345 1100 3404 διά
1122 3347 1152 3406 το
1175 3346 1223 3420 τἠν
1249 3346 1319 3421 ὅλην
1345 3345 1476 3424 περιοχὴν
1504 3348 1550 3404 τοῦ

251 3465 401 3548 Παρθενίου
432 3467 596 3546 δωρηθῆναι,
626 3466 674 3527 καὶ
705 3466 780 3540 ἰδίως
811 3461 880 3526 εἰναι
909 3467 958 3542 τὴν
990 3467 1212 3546 ἀποτεταγμένην
1242 3471 1288 3526 τοῦ
1319 3465 1551 3547 Παρθενίου,καί

251 3585 328 3658 ἰδίως
349 3593 403 3648 τῶν
426 3586 577 3668 εἰρημένων
600 3587 751 3668 ἀγρῶν,·εἰ
774 3591 847 3667 τάχα
863 3586 910 3648 καί
930 3590 1062 3670 πρότερον
1085 3589 1135 3648 ῦπδ
1161 3590 1191 3648 τδ
1220 3589 1369 3669 Παρθένιον
1397 3587 1481 3648 ὄντων
1503 3587 1550 3648 καί

252 3713 307 3770 τῶν
329 3709 432 3792 ἀγρῶν,
456 3715 656 3791 συνεχωροῦντο
678 3709 725 3770 καί
747 3709 787 3784 εἰς
809 3711 857 3785 τὴν
881 3711 967 3786 νομὴν
991 3709 1172 3792 εἰσέρχεσθαι,
1196 3711 1226 3770 οῦ
1241 3710 1302 3770 κατ’
1315 3709 1431 3788 εὔλογον
1453 3711 1551 3788 τράτον

251 3833 332 3906 ἠὼς
355 3831 542 3912 ἀνακοίνωσιν,
566 3833 603 3903 ὥς
627 3852 714 3912 φησιν,
740 3831 860 3910 ἑχόντων
883 3835 951 3913 τινά,
974 3832 1042 3892 ἀλλ’
1067 3833 1105 3904 ὡς
1129 3831 1243 3913 εἴρηται,
1267 3833 1306 3904 ὡς
1320 3829 1367 3892 καί
1382 3837 1435 3891 τῶν
1458 3830 1552 3911 ἀγρῶν

251 3953 302 4012 θπδ
324 3953 355 4014 τδ
379 3953 526 4034 Παρθένιον
549 3955 738 4032 τυγχανόντων
758 3952 805 4014 καί
828 3955 858 4013 ἓν
880 3951 1048 4033 λογίζεσθαι.
1072 3952 1119 4014 καὶ
1142 3953 1187 4012 διὰ
1205 3957 1288 4013 ταῦτα
1310 3953 1552 4030 ἀπομνησθείσαὴ

254 4073 320 4152 άγίσ
342 4075 421 4150 ἡμῶν
445 4073 582 4154 δέσποινα,
605 4073 680 4150 τιμία
703 4073 750 4135 καί
772 4077 943 4156 προσκυνητὴ
968 4077 1050 4151 αὐτῆς
1071 4072 1218 4156 πρόσταξις
1234 4073 1408 4150 ἐξαπεστάλη
1433 4095 1490 4153 μοι,
1514 4075 1552 4156 τῷ
1604 4135 1605 4138 ,

253 4191 355 4274 ἀναξίῳ
378 4193 470 4274 δούλῳ
497 4197 589 4276 αθτῆς,
619 4197 678 4272 ἥτις
707 4195 754 4256 καὶ
784 4197 968 4276 προεκομίσθη
998 4196 1072 4277 παρὰ
1101 4241 1269 4260 ......
1285 4241 1293 4274 ,
1324 4195 1554 4271 διαλαμβάνουσα

254 4314 340 4388 οὓτως
362 4315 408 4375 σῦν
430 4318 486 4388 τοῖς
509 4316 622 4388 ἀλλοις·

361 4436 458 4498 «Ἐπεὶ
482 4438 513 4498 δὲ
540 4437 565 4499 οί
588 4437 706 4517 μοναχοὶ
730 4440 871 4520 έγγραψαν
894 4440 962 4519 πρδς
983 4441 1029 4499 τδν
1051 4441 1212 4514 τιμιώτατον
1235 4439 1315 4518 κυρδν
1342 4437 1553 4521 Χριστέδουλσν,

255 4563 296 4620 δτι
319 4559 343 4622 οἰ
365 4565 412 4622 τοῦ
435 4561 519 4642 ἀγροῦ
542 4566 595 4622 τῶν
619 4563 779 4641 Κουρουνῶν
802 4559 849 4621 καί
873 4565 919 4622 τοῦ
948 4561 1124 4641 Πολουρσῦτη
1153 4559 1321 4640 εἰσέρχονται
1348 4559 1438 4632 ἀδεῶς
1460 4559 1501 4633 εἰς
1523 4564 1554 4622 τδ
1604 4633 1605 4636 ¹

257 4682 360 4745 δίκαιον
375 4687 422 4745 τοῦ
437 4683 597 4765 προαστείου
619 4687 666 4744 τοῦ
690 4681 839 4762 Παρθενίου
859 4686 905 4744 τοῦ
925 4683 1153 4762 ἀποχαρισθέντος
1171 4681 1210 4762 τῷ
1230 4682 1345 4760 μοναχῷ
1361 4683 1554 4763 Χριστοδοῦλῳ
1604 4723 1605 4752 ;
