3160 5292
1254 349 1314 414 251

46 559 69 628 :Jq
92 550 153 630 αἰτῇ
176 550 251 628 νήσῳ
273 547 323 626 Κῷ
352 551 443 628 έτερον
471 551 600 627 μετόχιον
622 550 775 628 λεγόμενον
797 548 829 608 τδ
849 551 895 608 τοῦ
918 545 1039 616 Ἀλσους
1062 546 1207 620 μετὰτῶν
1229 567 1315 624 προσ-

47 675 109 728 άντων
132 669 206 749 αὐτῷ
230 669 352 749 δικαίων,
375 673 390 730 δ
413 671 446 746 δὴ
469 667 502 748 ἦν
526 671 576 744 μὲν
598 671 687 730 πάλαι
710 669 774 730 ποτὲ
796 679 845 744 της
868 676 968 748 μονῆς,
991 669 1182 749 προσεκυρώόη
1207 667 1235 727 δ’
1252 669 1318 748 αὕτη

44 791 79 850 καὶ
104 793 147 851 διὰ
172 792 262 866 τιμίου
287 796 484 872 πατριαρχικοδ
510 797 673 872 γράμματος
706 794 796 870 ἕτερον
824 793 952 870 μετόχιον
983 788 1023 863 είς
1050 789 1136 866 όνομα
1165 792 1318 864 τιμώμενον

43 920 78 974 τιό
100 915 230 975 δεσπότου
261 920 382 992 σωτῆρος
405 915 520 994 Χριστοῦ
551 915 648 994 προσόν
677 921 710 996 τῇ
741 920 811 996 μονῇ
839 913 884 974 διὰ
906 915 1070 992 γράμματος
1096 917 1141 972 τοῦ
1169 913 1319 990 άγιωτάτου

43 1040 203 1116 πατριάρχου,
233 1040 278 1096 τοῦ
308 1041 389 1113 πυροῦ
412 1034 545 1114 Ἀροενίου
577 1035 688 1098 ἐκείνου.
723 1035 757 1094 τὰ
787 1035 815 1094 ἐν
842 1041 875 1115 τῇ
905 1039 978 1111 νόσῳ
1001 1035 1098 1114 Λέρνῳ
1128 1034 1174 1092 δόο
1205 1034 1320 1110 μετόχια

43 1165 81 1232 της
101 1159 183 1234 αὐτῆς
206 1157 358 1234 σεβασμίας
382 1163 476 1234 μονῆς,
501 1151 539 1218 ὧν
561 1159 591 1217 τδ
615 1157 665 1233 μέν
687 1158 716 1216 έν
740 1157 936 1232 ἐπονομάζεται
953 1157 1110 1235 Παρθένιον,
1133 1157 1162 1215 τδ
1187 1155 1211 1214 δ’
1228 1157 1320 1235 ἕτερον

43 1281 173 1358 Τεμένεια,
198 1275 268 1354 μετὰ
283 1285 337 1338 τῶν
353 1282 505 1360 προσόντων
522 1281 611 1352 αὺτοῖς
634 1279 766 1339 ἀνέκαθεν
789 1278 901 1338 δικαίων
924 1277 971 1338 καὶ
993 1277 1046 1336 τῶν
1071 1278 1098 1338 ἐν
1122 1280 1211 1350 αὺτοῖς
1232 1298 1318 1357 προσ-

42 1403 191 1476 καθημένων
220 1400 358 1481 παροίκων
396 1401 443 1462 καὶ
474 1401 635 1464 δσυλευτιῖιν.
674 1400 720 1462 καὶ
752 1399 791 1474 είς
820 1403 850 1460 τό
880 1400 1031 1480 Φόγελλον
1061 1402 1189 1476 μετόχιον
1220 1400 1250 1459 τδ
1282 1398 1320 1470 εἰς

42 1527 114 1598 Ξνομα
139 1526 296 1599 τιμώμενον
324 1528 371 1584 τοῦ
399 1523 645 1603 μεγαλομάρτυρος
672 1523 750 1602 άγίου
773 1523 916 1604 Γεωργίου.
947 1523 1080 1598 ἐζήτησαν
1108 1521 1138 1582 δὲ
1167 1523 1214 1596 τὴν
1239 1523 1319 1598 βασι-

41 1645 105 1705 λείαν
133 1667 187 1720 μου
222 1645 247 1706 οί
278 1645 417 1726 εἰρημένοι
450 1645 567 1725 μοναχοὶ
600 1646 760 1726 πορίσασθαι
793 1646 893 1706 τούτων
922 1648 1003 1726 χάριν
1036 1643 1083 1705 καὶ
1113 1644 1319 1724 χρυσόβουλλον

42 1771 118 1849 πόσης,
141 1772 158 1844 τ’,
184 1769 313 1843 βασιλεία
337 1791 389 1844 μου
412 1771 533 1844 εὐμενῶς
558 1771 755 1850 προσηκαμένη
782 1769 831 1846 τὴν
858 1770 980 1845 τοιαύτην
1008 1769 1095 1830 αὑτῶν
1122 1770 1231 1844 ζήτησιν
1258 1767 1318 1827 ἐπι-

40 1895 141 1970 χορηγεῖ
165 1893 255 1963 σιὐτοῖς
281 1890 328 1951 καὶ
351 1891 524 1970 έπιβραβείιει
546 1893 592 1952 τδν
614 1893 735 1973 παρόντα
759 1891 966 1971 χρυσόβοιιλλοι
993 1891 1089 1970 λόγον,
1117 1889 1152 1951 δι’
1175 1881 1206 1950 οὗ
1233 1909 1318 1966 προσ-

39 2015 116 2072 τάσσει
145 2012 193 2074 καὶ
224 2013 366 2093 διορίζεται
394 2017 522 2092 κατέχειν
551 2012 599 2074 καὶ
625 2012 665 2086 εἰς
692 2015 722 2074 τδ
752 2011 818 2089 ἑξῆς
851 2014 900 2088 τὴν
938 2013 1132 2092 διαληφθεῖσαν
1167 2010 1318 2087 σεβασμίαν

40 2135 112 2207 μονὴν
140 2137 230 2194 πάντα
259 2135 293 2194 τά
323 2135 451 2216 ἀνωτέρω
480 2134 552 2194 κατὰ
581 2137 665 2214 μέρος
694 2133 825 2213 εἰρημένα
848 2132 895 2194 καὶ
925 2133 1058 2194 ἀνέκαθεν
1087 2134 1221 2214 προσόντα
1253 2133 1318 2214 αδτῇ

39 2255 220 2334 δνενοχλήτως
241 2258 329 2332 πάντη
349 2254 396 2316 καὶ
419 2255 606 2336 άδιασείστως,
631 2257 669 2316 ἔτι
684 2277 713 2316 τι
737 2257 922 2336 άναραιρέτως
944 2253 990 2316 καὶ
1014 2255 1227 2326 άναποσπάοτως
1249 2253 1320 2314 κατὰ

38 2379 76 2450 τήν
100 2377 246 2458 περίληψιν
272 2382 319 2438 τοῦ
341 2398 370 2436 τε
393 2377 600 2457 χρυσοβοίιλλου
627 2381 673 2438 τοῦ
701 2379 779 2456 ἁγίου
802 2399 854 2454 μου
877 2379 1003 2438 αὺθέντου
1030 2375 1076 2438 καί
1104 2377 1251 2455 βασιλέως,
1275 2379 1320 2438 τοῦ

38 2501 134 2558 πάππου
158 2519 221 2578 μου,
242 2497 289 2559 καὶ
312 2505 366 2560 τῶν
389 2501 487 2578 ἑτέρων
516 2501 706 2576 δικαιωμάτων
733 2505 787 2560 τῶν
810 2501 962 2579 προσόντων
990 2502 1056 2582 αυιῄ
1083 2496 1130 2558 καὶ
1156 2499 1249 2570 καθὼς
1273 2498 1320 2558 εὑ-

38 2619 146 2696 ρίσκεται
172 2623 329 2698 κατέχουσα
355 2625 438 2682 τοτἰτα
465 2619 511 2682 καὶ
540 2624 621 2702 μέχρι
649 2625 694 2682 τοῦ
721 2626 774 2684 νῦν.
810 2623 872 2682 όθεν
901 2619 948 2682 καί
978 2626 1011 2702 τῇ
1039 2621 1161 2694 δυνάμει
1177 2618 1224 2680 καὶ
1251 2617 1321 2698 ἰσχύι

37 2745 74 2799 τιό
97 2743 231 2821 παρόντος
257 2741 465 2822 χρυσοβούλλου
492 2739 578 2823 λόγου
604 2747 653 2816 τῆς
681 2743 824 2818 βασιλείας
848 2762 899 2818 μου
925 2739 1036 2815 καθέξει
1065 2741 1098 2817 δὴ
1125 2740 1172 2802 καὶ
1193 2743 1317 2817 νεμηθή-

36 2882 99 2922 σειαι
121 2868 204 2923 ταότα
227 2867 316 2924 πάντα
337 2866 356 2941 ἠ
380 2864 535 2941 δηλωόεῑσα
558 2863 694 2940 σεβασμία
717 2865 787 2940 μονὴ
811 2867 882 2924 κατό
903 2884 933 2924 τε
954 2865 1000 2924 τόν
1023 2863 1151 2943 ἀνωτέρω
1175 2861 1318 2942 εἰρημένον

36 2985 120 3060 τρόπον
151 2984 198 3045 καὶ
230 2985 308 3057 ἐκτός
337 2989 427 3062 πάσης
458 2985 586 3065 ἐπηρείας
616 2984 663 3046 καὶ
694 2986 840 3063 ὀχλήσεως
868 2985 978 3055 οὐδενός
1004 2990 1057 3044 τῶν
1089 2986 1224 3064 ἁπάντων,
1259 2983 1319 3044 οὔτε

36 3112 78 3162 τῶν
105 3107 252 3186 δημοσίων,
284 3105 345 3168 οὔτε
372 3113 425 3168 τῶν
452 3107 559 3186 ἀλλων,
591 3106 699 3180 ἕξοντος
727 3107 819 3168 άδειαν
846 3111 863 3182 ἠ
890 3107 1077 3183 τολμήσοντος
1104 3107 1179 3178 όλως
1207 3109 1319 3183 ἐπάγειν

36 3228 113 3301 π’ποῖς
141 3229 271 3310 ἐπήρειαν
298 3228 345 3290 καὶ
371 3230 462 3308 λόμην
484 3233 502 3306 ἢ
526 3229 617 3305 ἄλλην
640 3229 698 3290 τινά
721 3229 830 3305 βλάβην
852 3226 899 3288 καὶ
925 3229 1089 3308 καταπριβὴν
1116 3226 1163 3288 καὶ
1191 3227 1318 3289 ἐπίθεσιν.

36 3347 152 3416 βσόλεται
173 3352 228 3431 γὰρ
251 3350 286 3425 δὴ
309 3351 355 3412 καὶ
377 3351 495 3423 θεσπίζει
517 3355 535 3426 ἡ
559 3351 687 3426 βασιλεία
710 3373 761 3426 μου
784 3353 950 3430 κατέχεσθαι
972 3356 1056 3412 ταῦτα
1077 3354 1165 3412 πάντα
1187 3351 1222 3412 τά
1244 3351 1318 3410 ἀνω-

35 3473 93 3546 τέρω
121 3455 253 3550 εἰρημένα
282 3473 354 3532 κατδι
380 3476 464 3552 μέρος
492 3474 554 3552 παρ’
579 3475 661 3548 σίντης
686 3479 735 3548 τῆς
763 3473 913 3546 σεβασμίας
941 3479 1027 3549 μονῆς
1054 3475 1152 3552 οὔτως,
1184 3473 1256 3532 καθὰ
1285 3473 1318 3546 δὴ

35 3596 184 3670 προπόσεσι
214 3595 261 3654 καὶ
288 3593 449 3674 διορίζεται·
477 3596 569 3656 τούτου
591 3595 646 3674 γὰρ
671 3598 752 3675 χάριν
777 3595 888 3672 ἐγένετο
910 3594 957 3655 καὶ
981 3595 1175 3674 έπεχσρηγηθη
1198 3600 1232 3676 τῇ
1256 3595 1318 3653 δια-

34 3711 158 3795 ληρόείσῃ
185 3715 322 3798 σεβασμίρ
348 3723 419 3798 μονῇ
446 3715 493 3776 καὶ
520 3716 650 3796 όπαρὼν
676 3716 882 3796 χρυσόβουλλος
909 3717 994 3794 λόγος
1021 3723 1069 3790 τῆς
1097 3714 1240 3792 βασιλείας
1268 3737 1319 3791 μου

36 3835 171 3908 ἀπολυθεὶς
194 3839 278 3898 κατὰ
301 3844 388 3916 μῆνα
411 3837 619 3919 ἰαννουάριον
643 3845 700 3914 τῆς
724 3839 943 3913 ἐνισταμένης
967 3835 1161 3910 δωδεκάτης
1181 3835 1317 3898 ἰνδικτι-

35 3963 107 4030 ὼνος
129 3965 184 4020 τοῦ
212 3958 507 4038 έξαιιισχιλιοστοῦ
534 3961 789 4020 όκταιιοσιοστοῡ
815 3964 1010 4039 τριακοστοῠ
1038 3958 1182 4034 ἑβδόμου
1211 3960 1317 4038 ἔτους,

35 4079 57 4136 ἐν
77 4075 99 4160 ᾧ
120 4080 168 4140 καὶ
189 4083 218 4142 τό
241 4083 376 4162 ἡμέτερον
400 4083 512 4158 εὐσεβὲς
535 4083 581 4142 καὶ
604 4083 807 4162 θεοπρόβλητον
831 4085 1022 4158 όπεσημήνατο
1046 4084 1154 4160 κράτος.
1178 4085 1199 4162 γι

128 4223 149 4299 †
173 4221 396 4301 Ἀνδρόνικος,
426 4223 458 4280 ἐν
482 4222 614 4301 Χριστῷ
645 4220 687 4299 τῷ
718 4220 781 4299 θεῷ
808 4223 920 4291 πιστδς
951 4221 1110 4294 βασιλεὺς
1138 4219 1193 4279 καὶ
1221 4221 1316 4280 αὺτο-

35 4343 156 4420 κρότωρ
178 4337 354 4417 Ῥωμαίων,
378 4345 393 4402 ό
417 4343 663 4421 Παλαιολόγος,
689 4343 710 4420 †

126 4487 268 4559 Ᾱνιίιιίμμ.
292 4490 400 4544 membr.
425 4489 501 4543 Fcor.
531 4507 580 4542 ππο
598 4491 646 4544 39.
676 4489 768 4543 Aurea
798 4489 874 4542 διιίία
897 4490 975 4542 deest.
1009 4485 1065 4542 suh
1089 4505 1137 4541 nro
1154 4491 1204 4544 40.
1228 4495 1316 4542 σανίσι

34 4591 101 4645 aliud
123 4594 258 4664 οσοαρίσπ
281 4594 388 4648 membr.
413 4593 605 4648 αάιιίισπιιιιισπ.
623 4593 699 4647 Hor.
724 4594 755 4646 de
778 4610 807 4646 eo
829 4593 894 4646 ίιιιεσ
916 4593 1008 4646 habet:
1032 4581 1145 4664 Ἕτερον
1168 4586 1261 4660 όμοισν
1286 4586 1314 4644 ἐν

35 4689 180 4770 μεμβράνῃ.
200 4691 285 4750 καίτοι
302 4690 333 4749 δέ
348 4691 428 4770 ρέρον
448 4692 495 4766 τὴν
517 4691 673 4780 ὑπηγραρὴν
693 4693 738 4748 τοῦ
754 4690 902 4766 βασιλέως,
921 4689 981 4764 ἐμοὶ
1002 4693 1065 4768 γοῦν
1087 4688 1163 4750 δοκεῖ
1181 4690 1316 4764 κίβδηλον
