3162 5278
1265 363 1327 428 357

131 555 154 632 †
179 555 213 614 Ἥ
237 555 367 634 ἐπιτροπὴ
391 557 620 636 ἐπιτετραμμένον
642 560 713 628 τινός
736 558 896 636 πράγματός
921 557 992 616 ἐστιν
1016 557 1159 637 ἐπιτροπη,
1182 559 1243 633 ἥτις
1266 559 1327 618 ἐπι-

40 678 189 754 χορηγεῖται
215 676 289 756 παρὰ
316 682 362 738 τού
390 677 513 758 ἀρχηγοῦ
538 685 584 738 τού
611 681 773 758 πράγματος
801 677 915 756 ἐκείνου,
939 671 1022 756 ἐφ’ᾧ
1046 678 1229 758 ἐπιτροπεύειν
1253 679 1328 754 μέλ-

41 799 131 874 ῖσυοιν,
161 790 201 868 οἷς
223 800 241 872 ἡ
266 798 406 858 ἐπιστασία
432 803 629 879 κεχορήγηται,
658 801 687 858 ού
715 801 806 875 μέντοι
835 799 971 880 ἀφαίρεσις
998 804 1076 860 τούτο
1099 807 1154 860 τῶν
1176 801 1330 880 προναμίων

40 919 78 978 ια’.
102 927 284 980 σνσταστικῶν
312 920 417 981 ἐκείνου
444 927 490 982 τού
516 924 691 1002 πράγματος,
722 923 761 993 ὡς
785 922 816 980 ἀν
837 942 878 994 τις
900 921 979 1001 φαίη,
1007 923 1046 996 μίη
1073 926 1119 982 τοῦ
1142 922 1221 1002 όρθού
1243 923 1330 1000 λόγου

41 1039 90 1099 τότε
116 1047 166 1114 τῆς
193 1041 327 1118 ἀληθείας
351 1043 496 1120 ἐχόμενος.
529 1043 660 1117 διοικηταὶ
689 1042 734 1104 σύν
759 1049 813 1102 τῶν
836 1041 1004 1123 πραγμάτων
1031 1041 1078 1104 καί
1101 1046 1131 1104 ού
1154 1043 1241 1126 κύριοί
1264 1043 1329 1104 εἰσιν
1350 1065 1353 1072 ’

41 1161 61 1219 τί
85 1160 236 1242 ἐπίτροποι·
261 1163 302 1222 διό
329 1163 376 1224 καί
403 1165 499 1236 καλῶς
527 1165 713 1240 διοικήσαντες
740 1165 774 1224 τά
801 1164 1020 1244 ἐπιτετραμμένα
1051 1167 1140 1238 αιίτοῖς
1170 1158 1218 1225 καί
1249 1165 1330 1225 ἐπαι-

39 1291 135 1342 νοῦνται
164 1282 212 1344 καί
242 1284 277 1344 δι’
302 1285 421 1363 εὐφημου
449 1285 560 1362 ἀγονται
582 1286 724 1365 γλώττης,
751 1285 792 1364 ἀφ’
816 1279 892 1360 ὡνὴ
921 1285 1052 1362 διοίκησις
1079 1293 1133 1346 τῶν
1159 1289 1329 1368 πραγμάτων

41 1405 119 1476 αὐτοῖς
142 1405 341 1488 ἐπιτέτραπται,
365 1405 388 1466 εί
406 1406 437 1466 δέ
451 1407 602 1468 τούναντίον
626 1406 791 1468 ἀπολύονται
812 1411 858 1466 τού
878 1407 1112 1487 λειτούργηματος
1134 1407 1181 1468 καί
1205 1406 1330 1481 ἐξίσταν-

39 1547 75 1585 ται
89 1535 137 1604 τῆς
153 1528 320 1606 ἐπιστασίας,
339 1527 387 1588 καί
401 1527 430 1606 γ’
451 1529 479 1587 ἐν
504 1527 576 1610 δίκη.
604 1525 732 1600 «ἐξέδοτο
747 1531 802 1609 γάρ
817 1549 880 1607 ροισι
901 1527 950 1588 καί
972 1529 1005 1588 τά
1027 1527 1087 1608 ίερόι
1110 1529 1205 1609 λόγια,
1229 1531 1331 1609 ἑτέροις

38 1654 163 1728 γεωργοῖς
186 1651 233 1710 τάν
257 1651 420 1730 ἀμπελῶνα,
449 1651 475 1710 οἳ
502 1645 672 1710 ἀποδώσουσι
699 1650 761 1722 τούς
786 1651 907 1731 καρπούς
937 1651 966 1709 ἐν
995 1653 1052 1721 τοῖς
1079 1653 1184 1731 καιροῖς
1212 1652 1328 1711 αὐτῶν».

38 1773 154 1831 τοιούτων
179 1767 224 1831 σύν
248 1771 332 1832 όντων
354 1769 477 1832 καὶτῶν
499 1769 667 1846 τιμιωτάτων
690 1770 737 1830 καὶ
758 1773 973 1852 χρησιμωτάτων
995 1771 1146 1851 προκρίτων
1168 1779 1330 1850 χριστιανῶν

38 1897 76 1952 τού
99 1891 287 1972 εύλογημὲνου
310 1893 447 1972 όουφετίου
474 1898 527 1952 τῶν
550 1892 737 1972 γουναρνίδων,
766 1891 791 1953 σί
816 1899 866 1968 τῆς
892 1894 1031 1973 ἡμετέρας
1057 1898 1256 1972 πατριαρχικῆς
1283 1891 1329 1953 καὶ

39 2019 270 2093 σταυραπηγιακῆς
299 2015 451 2089 σεβασμίας
482 2021 568 2089 μονῆς
596 2017 642 2073 τού
674 2013 751 2092 άγίου
779 2014 906 2072 Ἰωάννου
934 2018 982 2074 τού
1009 2013 1153 2094 Θεολόγου
1188 2015 1329 2075 όσιῶτατοι

37 2137 146 2214 πατέρες
176 2141 227 2212 τῆς
256 2137 386 2212 κειμένης
415 2135 487 2196 κατὰ
515 2137 564 2209 τἠν
592 2140 673 2210 νῆσον
702 2135 815 2208 Πέτμον
845 2135 961 2214 όρῶντες
987 2136 1037 2209 τἠν
1064 2135 1150 2210 μονὴν
1178 2135 1276 2210 ταύτην
1300 2135 1328 2195 ἐν

38 2260 109 2332 χήτει
135 2256 183 2318 καί
206 2259 329 2336 στερήσει
353 2256 529 2317 διατελούοαν
552 2256 699 2316 ἐπιστατῶν
722 2254 769 2314 καί
791 2255 943 2334 ἐπιτρόπων
964 2261 1015 2332 τῆς
1038 2261 1125 2332 μονῆς
1147 2257 1235 2316 αίιτῶν
1262 2258 1329 2317 ταύ-

38 2399 80 2452 της
103 2379 218 2440 ἑνταῖιθα
241 2377 280 2450 εἰς
303 2377 510 2458 βασιλεύουσαν,
532 2379 722 2458 προσέδραμον
749 2377 885 2458 τῇημῶν
908 2378 1060 2457 μετριότητι
1082 2377 1130 2437 καί
1153 2376 1329 2452 οἰκειοθελῶς

37 2495 79 2558 καί
107 2501 243 2575 ἀβιάστως
272 2499 403 2576 ἐζήτησαν
430 2501 479 2574 τἠν
503 2499 545 2558 ἐπ’
571 2499 660 2572 αὺτοῖς
683 2499 837 2560 ἐπιστασίαν
863 2497 911 2558 καί
934 2499 1107 2580 ἐπιτροπικὴν
1131 2499 1261 2575 διοίκησιν
1283 2505 1329 2560 τού

40 2623 220 2700 εύλογημένου
244 2620 382 2701 ρουφετίου
401 2625 455 2680 τῶν
470 2619 645 2700 γουναράδων
669 2619 712 2680 ἐπὶ
734 2619 773 2697 τῷ
797 2619 934 2694 διαμένειν
958 2619 1009 2695 μὲν
1031 2621 1064 2678 τά
1089 2622 1121 2680 ἐκ
1143 2621 1262 2682 παλαιοῦ
1284 2627 1330 2682 τού

37 2747 130 2822 χρόνον
157 2745 388 2822 έπιβραβευθέντα
414 2745 548 2822 προνόμια
574 2748 607 2824 τῇ
635 2749 705 2822 μονῇ
732 2743 815 2822 ταύτῃ
843 2741 887 2802 διά
909 2762 939 2802 τε
962 2741 1114 2817 βασιλικῶν
1141 2745 1330 2819 θεσπισμάτων

38 2865 79 2923 καί
107 2873 310 2946 πατριαρχικῶν
339 2863 388 2925 καὶ
418 2864 562 2926 σινοδικῶν
588 2866 758 2943 γραμμάτων
788 2863 1021 2945 άπαρεγχείρητα,
1053 2865 1272 2944 ἀπαραχάρακτά
1299 2887 1330 2926 τε

38 2987 79 3045 καί
108 2989 310 3069 ἀπαράτρεπτα,
343 2987 500 3048 διοικεῖσθαι
531 2985 562 3047 δέ
592 2985 639 3047 καί
670 2983 901 3060 ἐξοικονομείσθαι
933 2981 1048 3063 ἀρίστως
1077 2987 1152 3065 παρόι
1177 2991 1223 3046 τού
1251 2987 1329 3046 αύτού

40 3109 168 3188 όονφετίου
191 3116 246 3169 τῶν
267 3108 443 3188 γουναράδων
467 3108 516 3180 τὰς
539 3108 721 3183 ἐμπιπτούσας
743 3107 884 3178 ἀποθέσεις
910 3113 959 3180 τῆς
982 3111 1068 3182 μονῆς
1089 3107 1189 3182 ταύτης
1216 3107 1330 3188 ἀρίστως

38 3225 79 3289 καί
108 3231 245 3310 θεοφιλῶς
277 3228 324 3290 καί
357 3231 428 3289 κατὰ
457 3229 544 3308 λόγον
574 3229 652 3309 όρθόν
685 3227 733 3288 καὶ
765 3225 845 3288 παντί
876 3229 965 3288 σθένει
998 3225 1045 3286 καί
1074 3228 1155 3300 ὅλαις
1185 3227 1330 3302 δυνάμεσιν

40 3352 230 3433 ἀποκρούεσθαι
257 3351 308 3428 μέν
335 3352 400 3430 παρ’
424 3351 510 3410 αύτῶν
536 3355 589 3410 πάν
613 3349 732 3422 ἀντίξουν
758 3347 807 3409 καὶ
829 3344 1014 3425 ἀντικείμενον
1042 3355 1075 3431 τῇ
1102 3349 1260 3432 λυσιτελείφι
1281 3357 1331 3426 τῆς

40 3481 118 3549 μονῆς
139 3475 253 3553 ταύτης,
278 3472 471 3552 διενεργεῖσθαι
495 3471 525 3530 δὲ
547 3475 633 3530 πάντα
655 3471 689 3530 τά
711 3471 842 3546 λυσιτελῆ
866 3469 912 3530 καί
934 3471 1062 3549 ὠφέλιμα
1083 3471 1130 3530 καὶ
1152 3473 1331 3552 συντηρητικόι

40 3603 82 3670 της
111 3601 198 3672 μονῆς
228 3596 326 3668 ταύτης
356 3595 416 3654 κατ’
441 3593 612 3672 ἐπιτροπικίην
640 3593 768 3668 διοίκησιν
798 3597 852 3650 τῶν
881 3593 967 3652 αύτῶν
992 3593 1143 3672 προκρίτων
1168 3601 1331 3672 χριστιανῶν

39 3723 78 3776 τοῦ
105 3719 294 3797 εύλογημένου
322 3714 459 3796 όουφετίου
485 3721 538 3774 τῶν
559 3713 746 3794 γουναραίδων.
778 3715 877 3788 ταύτης
903 3711 949 3773 οὖν
975 3720 1026 3789 τῆς
1053 3713 1158 3784 ἱκεσίας
1180 3714 1226 3774 καί
1251 3713 1330 3790 αἰτη-

40 3858 102 3910 σεως
131 3837 362 3919 προσενεχθείσης
388 3838 454 3912 ἡμῖν
483 3836 558 3914 παρὰ
583 3841 636 3895 τῶν
664 3835 815 3915 προκρίτων
846 3835 998 3894 όσιωτοίτων
1024 3837 1149 3914 πατέρων
1179 3841 1227 3909 της
1257 3836 1331 3915 ἱεροῖς

40 3961 128 4036 ταύτης
155 3966 243 4036 μονῆς
269 3961 525 4040 προσκαλεσάμενοι
551 3960 634 4032 ἡμεῖς
660 3957 722 4028 τούς
748 3959 950 4036 ἐγκριτοτέρους
978 3957 1146 4037 χριστιανσθς
1173 3961 1219 4016 τοῦ
1246 3957 1330 4015 εύλσ-

39 4085 151 4156 γημένσυ
174 4083 268 4142 τούτου
292 4081 428 4161 ῥουφετίου
450 4087 504 4140 τῶν
525 4081 703 4160 γουναράδων
725 4082 947 4161 παρεκινήσαμεν
971 4081 1065 4152 αύτούς
1091 4079 1137 4137 καί
1159 4081 1329 4158 προστριψά-

41 4206 105 4274 μεθα
126 4203 174 4264 καί
197 4206 305 4284 τρόποις
326 4203 463 4273 παντοίοις
485 4205 736 4278 κατηναγκάσαμεν
763 4199 810 4260 καί
834 4202 980 4275 ἐπείσαμεν
1009 4201 1068 4272 τούς
1091 4201 1184 4270 αύτούς
1207 4221 1331 4279 χριστια-

40 4326 96 4396 νοός
116 4331 161 4386 τού
184 4325 266 4384 αύτού
289 4324 424 4404 ῥουφετίου
447 4330 500 4383 τῶν
523 4322 699 4400 γουναράδων
715 4321 906 4399 ἀναδεχθῆναι
928 4321 977 4394 τἠν
1001 4323 1172 4402 ἐπιτροπικὴν
1201 4321 1331 4396 διοίκησιν

40 4446 81 4504 καὶ
104 4447 256 4507 ἐπιστασίαν
279 4451 329 4522 τῆς
352 4451 438 4520 μόνης
460 4445 559 4519 ταύτης
581 4442 628 4503 καί
650 4446 738 4504 πάντα
760 4445 844 4502 κόπον
866 4439 913 4502 καί
934 4441 1030 4519 ἀγῶνα
1051 4440 1098 4501 καί
1119 4443 1222 4520 μόχθον
1242 4463 1330 4502 κατα-

42 4567 131 4638 βαλεῖν
159 4568 279 4648 ἀφειδῶς
310 4565 350 4638 είς
376 4567 548 4626 λυσιτέλειαν
578 4563 626 4624 καί
652 4565 790 4644 ὠφέλειαν
816 4567 862 4624 τού
889 4563 961 4643 ἱερτύ
987 4564 1081 4623 τούτου
1110 4562 1157 4623 καὶ
1183 4564 1332 4639 σεβασμίου

41 4689 222 4771 μοναστηρίσν,
247 4690 343 4761 οἵτινες
365 4685 413 4748 καί
434 4687 579 4760 κλίναντες
601 4687 646 4746 τόν
670 4686 774 4764 αύχένα
798 4684 838 4758 είς
860 4686 909 4760 τὴν
931 4691 980 4760 τῆς
1004 4685 1154 4761 ἐκκλησίας
1179 4685 1332 4766 προτροπὴν
