3228 5294
1321 351 1341 416 9

44 545 190 624 ζευγάριον
201 545 241 624 έν,
255 541 365 623 χοίρους
376 543 414 624 γ’,
429 545 583 620 νομίσματα
593 542 632 625 γ’,
649 544 811 622 μιλιαρίσιον
823 548 861 606 έν.
886 545 990 624 Πέτρος
1000 546 1134 624 Τουραές,
1151 546 1211 622 έχιι
1225 547 1341 622 γυναῖκα

44 665 159 745 Καλήν,
180 663 235 724 υίον
247 665 387 746 Ἰωάννην,
407 667 548 746 ίευγάριον
563 667 602 746 έν,
622 659 776 742 νομίσματα
791 664 817 740 β’
832 667 923 742 ήμισυ.
954 667 975 726 Γ
976 669 1091 748 εῦργιυς
1106 668 1121 727 ὁ
1137 667 1261 748 Σιδερᾶς,
1283 667 1341 745 ἔχει

45 786 119 856 υἱοῦς
136 787 245 846 Λέοντα
265 783 312 846 καὶ
328 783 468 866 Ἰωάννην,
491 789 633 868 ζευγάριον
656 789 695 866 έν,
718 787 871 863 νομίσματα
885 785 923 866 γ’.
959 789 1089 862 Ἰωάννης
1102 788 1283 869 πρεσβύτερος
1295 793 1342 850 τοῦ

47 909 187 988 Πεζοῦλη,
211 909 351 988 ζευγάριον
374 909 414 988 έν,
436 909 592 986 νομίσματα
615 906 641 982 β’
656 911 738 985 ήμισυ
762 953 962 974 .......
966 955 975 989 ,
999 911 1059 988 ἔχει
1081 913 1196 990 γυναῖκα
1216 908 1342 990 Εἰρήνην,

46 1030 101 1090 νῦν
113 1028 271 1110 Βασίλειον,
286 1031 428 1110 ζευηάριον
443 1033 482 1110 έν,
497 1030 623 1110 ρορβάδα
638 1029 713 1110 μίαν,
728 1031 883 1107 νομίσματα
893 1030 932 1112 γ’,
948 1031 1042 1110 ρόλεις
1059 1031 1104 1104 ιβ’.
1127 1031 1208 1092 Λέων
1224 1032 1238 1092 δ
1254 1031 1342 1092 ἀδελ-

48 1153 95 1226 ρές
112 1155 159 1210 τοῦ
170 1150 282 1231 Σιδερᾶ,
299 1151 360 1228 ἔχει
371 1154 489 1230 γυναῖκα
500 1149 628 1234 Εἰρήνην,
641 1154 816 1234 ζευγαράτος,
832 1151 985 1228 νομίσματα
996 1152 1033 1232 γ’.
1053 1153 1190 1234 Γεῦρηιος
1200 1155 1216 1214 δ
1228 1155 1343 1232 Μαυρο-

46 1275 187 1352 χεώργης,
204 1271 264 1350 ἔχει
279 1276 393 1352 γυναῖκα
406 1271 555 1354 Θηριανήν,
571 1273 643 1346 υίοῦς
656 1274 761 1334 Λέοντα
773 1271 819 1334 καί
829 1274 974 1354 Γεωργιον,
991 1277 1131 1356 ζευγάριον
1147 1275 1186 1354 έν,
1203 1270 1275 1354 ἀρχὰ
1287 1274 1342 1354 δῦο,

45 1393 202 1468 νομίσματα
215 1391 254 1472 γ’,
274 1393 436 1474 μιλιαρίσιον
452 1397 491 1456 έν.
522 1389 659 1476 Γεώρχιος
674 1399 723 1472 τής
738 1395 938 1474 Χοροκσπίνας,
958 1395 1098 1474 ἀκτήμων,
1118 1397 1237 1472 νόμισμα
1251 1397 1342 1472 ήμισυ.

47 1513 134 1594 Συρία
152 1519 200 1576 τοῦ
214 1513 379 1596 Νικηρόρου,
399 1516 539 1595 ἀκτήμων,
559 1519 678 1591 νόμισμα
692 1519 783 1592 ήμισυ.
807 1517 928 1595 Μιχαὴλ
948 1523 998 1592 τής
1013 1515 1180 1596 Ἀσπίδενας,
1204 1517 1343 1596 ἀκτήμων,

47 1639 169 1712 νόμισμα
190 1637 281 1711 ήμισυ.
316 1635 384 1714 δμοῦ
405 1640 530 1718 πάροικοι
552 1639 712 1718 ζευγαράτοι
727 1637 762 1720 θ’,
785 1635 832 1698 καὶ
847 1638 1001 1714 ἀκτήμσνες
1015 1637 1054 1716 γ’,
1076 1639 1229 1717 τελοῦντες,
1252 1637 1344 1712 καθὼς

47 1759 151 1818 ἀνωθεν
176 1759 290 1818 ἑκάστου
311 1759 327 1818 δ
349 1758 441 1837 στίχος
463 1760 555 1841 δηλοῖ,
577 1760 730 1835 νομίσματα
752 1758 805 1839 κζ’,
829 1759 980 1840 μιλιαρίσιοι
1002 1761 1060 1840 δίιο,
1083 1762 1177 1840 ρόλεις
1201 1760 1246 1836 ιβ’.

153 1878 235 1940 Ἔστι
257 1879 289 1940 δὲ
310 1881 325 1938 δ
347 1883 520 1962 περισρισμδς
541 1885 587 1940 τοῦ
608 1881 727 1942 τοιοῦτον
748 1880 917 1962 προαστείου,
944 1881 1028 1960 ήγουν
1055 1886 1101 1943 τοῦ
1124 1880 1344 1964 οίκοπροαστείου

47 2006 97 2074 τῆς
120 1997 250 2081 Βάρεως·
281 2003 395 2082 ἀρχετοι
418 2002 471 2062 ἀπὸ
493 2007 543 2078 τῆς
566 2001 700 2076 δημοσίας
723 2002 786 2062 ὁδοῦ
808 2008 858 2078 τῆς
881 2002 1034 2083 ἐρχομένης
1056 2004 1109 2064 ἀπο
1131 2008 1178 2066 τοῦ
1200 2005 1345 2066 Πτελάκου

49 2129 94 2182 τοῦ
118 2121 270 2203 ἀκρωρείου
292 2122 399 2204 βουνοῦ,
423 2123 452 2182 ἐν
475 2118 498 2204 ᾧ
520 2124 624 2184 ἵσταται
646 2125 710 2206 δρος
732 2124 845 2204 λίθινος,
869 2127 1023 2205 περικόπτει
1043 2127 1138 2205 μικρὸν
1157 2127 1187 2186 τδ
1206 2127 1345 2206 χωράριον

49 2251 98 2320 τῆς
122 2244 395 2326 Πρωτοσπαδαραίας
416 2243 463 2306 καὶ
489 2247 535 2304 τδν
563 2247 654 2326 ἕτερον
681 2245 792 2326 δρόμον,
820 2249 915 2326 κρατεῖ
941 2249 1001 2306 κατ’
1023 2247 1129 2308 εῦθεῖαν
1154 2249 1199 2307 τον
1227 2246 1345 2326 διώρυχα

49 2369 116 2444 τρες
139 2366 253 2447 βορρᾶν,
283 2367 447 2448 κατέρχεται
473 2367 534 2439 τοῦς
560 2366 720 2442 ἱσταμένους
746 2369 824 2448 ῦρους
850 2370 933 2447 μέχρι
959 2375 1009 2444 τῆς
1031 2369 1107 2447 ὁρίας
1129 2375 1178 2445 τῆς
1201 2368 1346 2444 ἱσταμένης

51 2487 89 2560 εἰς
115 2491 151 2548 τά
180 2489 280 2568 σύνορα
307 2494 357 2564 της
379 2488 527 2569 Βαρβάρας
548 2493 596 2550 τοῦ
620 2489 732 2570 Πέτρου,
760 2491 883 2570 σωκάρια
904 2489 959 2571 κθ’,
989 2489 1109 2571 οῦργυιαὶ
1131 2488 1169 2570 γ’,
1208 2491 1346 2571 διέρχεται

50 2610 83 2668 τὰ
106 2610 159 2685 μὲν
181 2611 250 2690 πρὸς
273 2609 354 2689 δῦσιν,
386 2609 419 2669 τά
447 2609 479 2670 δὲ
506 2615 555 2686 τῆς
583 2611 859 2692 Πρωτοσποδαραίος,
888 2611 922 2672 τά
949 2611 980 2674 δὲ
1007 2615 1074 2693 τρδς
1104 2611 1242 2685 ἀνατολὰς
1272 2611 1346 2672 οίκου

50 2737 99 2806 τῆς
121 2733 247 2812 Βάρεως,
277 2733 397 2806 κάμπτει
422 2734 490 2813 πρδς
517 2733 655 2804 ἀνατολὰς
681 2731 729 2794 καί
751 2735 900 2814 ἀπέρχεται
922 2735 1006 2814 μέχρι
1027 2739 1073 2794 τοῦ
1094 2735 1214 2796 παλαιοῦ
1236 2737 1345 2814 τράρου,

51 2857 174 2934 σωκάρια
204 2851 239 2932 ζ’,
273 2855 346 2932 σῦργ.
376 2852 413 2928 β’.
459 2849 517 2914 είτα
546 2854 630 2914 πάλιν
663 2853 809 2936 ἀνέρχεται
840 2857 907 2934 προς
941 2855 1078 2928 ἀνατολὰς
1119 2855 1165 2916 καὶ
1198 2855 1346 2934 ἀπέρχεται

51 2979 133 3054 μέχρι
164 2981 215 3052 τῆς
245 2979 310 3049 μιᾶς
339 2977 455 3055 στράτας
482 2981 532 3051 τῆς
561 2978 768 3056 κατερχομένης
799 2975 842 3036 ἐπὶ
872 2979 902 3036 τ“ο
928 2976 1029 3057 χωρίον
1053 2978 1194 3058 Βορβαὶροι,
1226 2980 1347 3060 σωκάρια

49 3097 108 3171 σις’.
156 3097 295 3176 διέρχεται
323 3095 357 3156 τά
387 3097 438 3171 μέν
466 3099 534 3176 πρὸς
562 3099 638 3158 νότον
668 3097 701 3158 τά
732 3097 825 3158 δίκαια
854 3103 900 3160 τοῦ
930 3101 1149 3179 τεριοριζομένου
1180 3099 1276 3176 τόπου,
1311 3100 1345 3158 τά

53 3219 83 3277 δὲ
105 3220 175 3298 πρὸς
199 3219 299 3298 βορρᾶν
326 3219 359 3278 τά
387 3217 478 3278 δίκαια
507 3223 554 3280 τοῦ
582 3217 741 3300 προαστείου
771 3220 931 3299 Βαρβάρας·
963 3215 1013 3280 τίδ’
1038 3221 1107 3280 οῦτω
1134 3223 1252 3295 κάμπτει
1279 3221 1347 3300 πρδς

52 3339 164 3420 βορρᾶν,
193 3341 288 3418 κρατεῖ
310 3341 356 3398 τὀν
379 3341 457 3400 αὐτον
481 3341 570 3419 μέγαν
592 3343 701 3420 τράρον,
724 3343 886 3422 κατέρχεται
911 3343 993 3422 μέχρι
1015 3346 1061 3402 τοῦ
1084 3345 1256 3423 νεροτράρου,
1283 3342 1349 3402 ἔνθα

50 3461 96 3522 καὶ
118 3464 184 3542 ὅρος
207 3462 317 3542 γέγονε,
340 3464 463 3542 σωκάρια
483 3461 529 3538 κβ’
550 3463 624 3543 οῦργ.
646 3461 679 3523 ε’.
719 3459 778 3524 εἶτα
805 3463 888 3524 πάλιν
920 3465 1015 3546 κρατεῖ
1041 3465 1102 3524 κατ’
1125 3465 1241 3546 εὐθεῖαν,
1268 3483 1346 3544 περι-

52 3586 147 3644 κέττει
169 3585 215 3644 τὀν
239 3584 318 3643 αὐτδν
345 3586 453 3664 τράρον,
482 3586 593 3664 ἔρχεται
620 3583 735 3661 πλησίον
757 3589 804 3644 τοῦ
827 3584 949 3660 βήματος
971 3589 1018 3646 τοῦ
1040 3590 1105 3646 ναοῦ
1127 3591 1177 3662 τῆς
1198 3586 1348 3666 ὑπεραχίας

53 3707 179 3766 ῦεοτέκου
201 3710 248 3766 τοῦ
274 3705 434 3785 προαστείου
457 3707 581 3786 Βάρεως,
609 3705 745 3786 διέρχεται
772 3707 839 3787 πρδς
867 3705 1005 3777 ἀνατολὰς
1027 3707 1061 3766 τὰ
1083 3705 1178 3767 νεωστὶ
1205 3707 1347 3768 ἀνακαινι-

53 3829 149 3886 τίίὲντα
171 3825 318 3907 οἰκήματα,
346 3830 440 3906 κρατεῖ
461 3829 510 3902 τήν
533 3830 656 3906 στράταν,
684 3827 833 3907 ἀπέρχεται
859 3830 940 3908 μέχρι
963 3833 1009 3890 τοῦ
1033 3821 1175 3908 διώρυγος,
1203 3829 1231 3888 ἐν
1255 3825 1277 3910 ᾧ
1300 3827 1347 3890 καὶ

53 3949 110 4027 ἐρία
134 3950 188 4008 ἀπο
210 3949 302 4021 κίονος
324 3949 420 4030 εὑρέθη
443 3951 557 4024 κειμένη
580 3949 630 4008 ὑπο
644 3955 707 4032 γῆν,
731 3949 904 4026 ἀνεκαινίσθη
929 3949 960 4010 δὲ
982 3951 1047 4029 παρ’
1062 3952 1141 4026 ἡμῶν
1160 3949 1194 4010 τὰ
1214 3954 1268 4030 νῦν,
1291 3972 1346 4010 σω-

54 4073 137 4149 κάρια
164 4068 200 4130 κ’.
246 4065 305 4130 εἶτα
336 4073 453 4144 κάμπτει
480 4072 542 4131 κατ’
566 4073 670 4130 εῦῦεῑαν
698 4071 743 4131 τον
770 4071 890 4132 παλαιὸν
918 4071 1047 4154 διώρυχα,
1074 4073 1230 4152 περικόπτει
1256 4075 1347 4132 τοῦτον

54 4193 163 4273 μικρόν,
183 4193 332 4273 ἀπέρχεται
355 4195 437 4273 μέχρι
459 4197 505 4253 τοῦ
528 4193 670 4268 ἱσταμένου
693 4195 755 4274 ὅρου
777 4193 893 4269 πλησίον
915 4201 965 4270 της
987 4194 1138 4277 ἀνακοπῆς,
1163 4196 1283 4274 σωκάρια
1307 4193 1344 4254 λ’.

53 4315 137 4374 πάλιν
160 4315 255 4396 κροτεῖ
276 4317 337 4375 κατ’
353 4315 459 4376 εὺῦεῑαν
480 4316 542 4387 τοῦς
566 4315 660 4388 αῦτοὶις
683 4317 769 4394 ὅρους,
797 4314 845 4376 καί
867 4316 1015 4396 ἀπέρχεται
1043 4318 1126 4397 μέχρι
1152 4321 1198 4376 τοῦ
1224 4321 1348 4390 ποταμοῦ

54 4435 221 4517 Μαιάνδρου,
245 4439 367 4518 σωκάρια
389 4435 440 4516 νδ’,
467 4439 535 4512 ὁμοῦ
557 4439 677 4518 σωκάρια
700 4436 752 4518 ρκά.
792 4431 840 4498 εἷθ’
862 4437 930 4496 οῦτω
957 4439 1075 4512 κάμπτει
1101 4439 1167 4518 πρὸς
1196 4435 1344 4518 ἀνατολάς,

54 4563 147 4638 κρατεῖ
172 4560 202 4618 τ“σ
229 4559 294 4618 αῦτδ
321 4558 506 4638 ἀνατάταμον,
533 4559 698 4640 κατέρχεται
724 4559 790 4640 προς
817 4560 864 4618 τὀν
891 4558 1042 4618 έπίπλακον
1066 4560 1138 4640 δρσν,
1162 4563 1286 4640 σωκάρια
1307 4559 1344 4623 κ’.

57 4676 111 4738 εἶτα
145 4683 264 4755 κάμπτει
296 4681 364 4762 πρδς
395 4683 486 4758 νότον,
524 4683 619 4759 κρατεῖ
650 4681 684 4740 τὰ
718 4681 816 4760 σύνορα
850 4685 895 4740 τοῦ
928 4679 1085 4760 προαστείου
1115 4681 1262 4761 Λιβαδίου,
1300 4679 1347 4742 καὶ
