3184 5288
270 389 332 451 116

266 581 312 640 τὀν
337 580 481 640 ἐπίσκοπον
510 582 664 659 ἐκχώρησιν
691 579 738 639 καί
766 581 950 660 ἀνατραπῆναι
978 581 1028 656 μὲν
1059 586 1153 660 ταῦτα,
1182 583 1229 640 όίτε
1256 581 1304 640 καί
1333 582 1466 662 ἀνίσχνρα
1493 583 1559 661 ἐντι,

268 703 307 774 ὡς
324 699 354 774 ἐξ
377 700 515 774 ἰδιωτείας
537 703 674 780 γεγονότα
695 705 741 762 τοῦ
763 703 995 780 ἡγουμενείιοντος
1016 703 1162 784 ᾐτήσαντο,
1186 701 1418 782 ἐπιβραβευθῆναι
1442 703 1472 764 δέ
1494 701 1560 774 αόθις

266 825 315 902 τὴν
340 823 498 904 ἐλευθερίαν
520 821 567 884 καί
595 823 783 900 ἀνανεωθῆναι
809 825 848 894 ὡς
874 825 905 884 τό
930 826 1070 904 πρότερον.
1101 827 1140 896 ὡς
1171 819 1217 884 οθν
1246 828 1332 884 ταῦτα
1363 824 1474 905 ἔλεγον,
1504 827 1559 886 ουδὲ

266 946 315 1020 τὴν
338 947 418 1020 ἡμῶν
448 939 524 1026 εὖρον
547 945 727 1005 ἀνανείιουσαν
751 946 922 1026 μετριότητα,
950 945 1204 1006 κατακολουθοῦσαν
1227 945 1279 1021 μέν
1301 944 1348 1006 καίΙ
1370 945 1411 1025 τῷ
1434 947 1560 1025 βασιλικῷ

267 1067 470 1148 χρυσοβοόλλῳ
492 1064 540 1126 καί
561 1065 601 1144 τῷ
622 1066 811 1146 πατριαρχικῷ
834 1069 1016 1148 θπομνὴματι,
1039 1069 1096 1140 τοῖς
1122 1065 1169 1127 καὶ
1192 1069 1414 1148 προκομισθεῖσιν
1436 1069 1561 1144 ἡμῖνκαὶ

268 1189 489 1267 ἀναγνωσθεῖσιν,
514 1188 735 1264 ἀντιποιουμένην
760 1188 791 1248 δέ
820 1187 867 1248 καί
894 1195 948 1248 τῶν
978 1193 1023 1249 τοῦ
1052 1193 1249 1269 πατριαρχικοῦ
1279 1189 1375 1270 θρόνου
1404 1191 1560 1272 προνομίαν,

267 1309 314 1370 καὶ
344 1311 393 1385 τὴν
423 1315 478 1369 τῶν
511 1309 664 1370 ἐπισκόπων
689 1309 809 1390 Ἰκαρίοις
840 1309 1061 1370 ἀναστέλλουσον
1090 1309 1249 1386 ἰταμότητα.
1282 1309 1456 1390 διοριζόμεθα
1485 1313 1560 1372 τοίνυν

268 1429 312 1491 διὰ
339 1435 385 1491 τοῦ
412 1433 545 1512 παρόντος
572 1434 652 1506 ἡμῶν
681 1431 885 1512 θπομνημσπος,
917 1431 992 1509 ἔχειν
1019 1429 1069 1506 μὲν
1096 1432 1126 1490 τδ
1155 1431 1263 1512 ἑδραῖον
1290 1430 1339 1492 καί
1367 1432 1561 1514 ἀμετάτρεπτον

267 1552 314 1614 καὶ
336 1554 370 1612 τά
392 1547 487 1634 πρῴην
514 1555 650 1632 προσόντα
673 1553 740 1634 αθτῇ
764 1553 808 1612 ἐπ’
832 1548 975 1633 ἐλευθερίᾳ
1003 1547 1185 1635 δικαιώματα,
1213 1547 1252 1612 ὧν
1278 1551 1421 1626 πολλάκις
1448 1555 1463 1612 ό
1485 1555 1561 1632 λόγος

268 1676 482 1755 ἐμνημόνευσεν,
510 1675 739 1754 ἀνατετραμμένα
762 1672 792 1732 δὲ
815 1667 885 1732 είναι
908 1673 955 1732 ἀπ’
980 1672 1101 1734 ἐντεῦθεν
1128 1672 1176 1732 καί
1199 1659 1238 1746 ὡς
1261 1674 1335 1750 μηδὲ
1357 1677 1495 1753 γεγονότα
1515 1676 1561 1734 λο-

266 1797 399 1878 γίζεσθαι,
430 1799 469 1868 ὡς
501 1797 590 1866 αἰτοίς
622 1795 813 1870 ἐναντιούμενα
843 1793 890 1854 καί
920 1794 1056 1869 μηδαμῶς
1087 1789 1229 1874 ἀκριβείας
1255 1799 1274 1870 ἡ
1306 1795 1475 1869 ἀκολουθίας
1500 1799 1562 1868 τινός

268 1919 392 1997 ἐχόμενα
414 1918 448 1978 τά
471 1915 574 1991 μεταξὺ
597 1921 643 1977 τοῦ
665 1917 818 1996 ἡγουμένου
841 1914 1004 1977 Θεοκτίστου
1031 1913 1144 1976 καὶτοῦ
1169 1917 1315 1978 ἐπισκόπου
1339 1918 1465 1996 Ἰκαρίας
1487 1921 1562 1996 γενό-

270 2061 342 2115 μενα
370 2040 509 2118 ἐγγραφα,
542 2037 738 2118 ἀναμφιβόλως
765 2037 796 2097 δὲ
820 2037 849 2096 ἐν
870 2042 904 2118 τῇ
928 2043 999 2118 μονῇ
1028 2038 1058 2096 τό
1087 2041 1134 2098 τοῦ
1162 2037 1235 2098 κατὰ
1262 2038 1375 2119 καιροὺς
1403 2043 1563 2120 πατριάρχου

268 2162 450 2241 ἀναφέρεσθαι
481 2161 579 2239 όνσμα,
609 2159 703 2232 καθὼς
732 2159 779 2218 καὶ
806 2159 836 2218 τό
863 2160 962 2238 προσόν
993 2163 1026 2240 τῇ
1057 2165 1126 2241 μονῇ
1154 2162 1352 2240 πατριαρχικδν
1383 2160 1563 2237 διαλαμβάνει

268 2283 424 2362 ὑπόμνημα,
446 2285 503 2352 τοῖς
535 2281 566 2340 δέ
589 2281 693 2361 ἑτέροις
719 2281 874 2362 ἀρχιερεῦσι
901 2277 947 2339 καὶ
974 2278 1046 2360 αῐιτῷ
1073 2279 1111 2360 τῷ
1139 2281 1260 2360 Ἰκαρίας
1287 2281 1328 2360 ὑφ’
1353 2283 1467 2354 ἑαυτοὺς
1494 2285 1563 2359 ἀγειν

267 2377 447 2484 πειρωμένοις
469 2403 561 2482 αυτὴν,
592 2397 638 2461 διά
659 2403 689 2461 τό
714 2401 742 2460 ἐν
769 2406 802 2482 τῇ
829 2398 876 2460 καί
899 2400 993 2472 αθτόυς
1016 2401 1116 2481 ἐνορία,
1144 2403 1183 2473 ὥς
1205 2423 1278 2482 φασι,
1300 2406 1447 2482 τυγχάνειν
1476 2405 1562 2477 αθτὴν,

269 2527 447 2603 ἐπιίυγοῡμεν
476 2524 525 2598 τὴν
557 2521 596 2593 εἰς
625 2523 674 2598 τἠν
703 2523 789 2599 μονὴν
812 2521 932 2600 πάροδον
962 2519 1009 2582 καί
1040 2522 1141 2595 ἄβατον
1168 2523 1265 2600 ταύτην
1297 2519 1370 2584 εἷναι
1398 2528 1563 2584 παντάπασιν

269 2649 358 2718 αθτοῖς
390 2646 453 2706 καθ’
489 2644 642 2720 οἱονδὴτινα
674 2645 772 2723 τρόπον
803 2648 856 2702 τῶν
885 2648 1015 2720 μοναχῶν
1046 2644 1084 2718 μὴ
1112 2642 1290 2719 βουλομένων
1319 2646 1564 2725 παρακελευόμεθα

268 2767 316 2828 καίΙ
343 2767 483 2847 ἀφορισμῷ
515 2767 609 2836 αθτσθς
638 2765 666 2824 ἐν
698 2763 768 2843 ἁγίῳ
796 2762 1003 2836 ὑποβάλλοντες
1031 2764 1173 2846 πνεύματι,
1203 2764 1261 2842 εἴγε
1294 2766 1342 2826 καί
1373 2767 1445 2842 μετὰ
1474 2769 1563 2842 τσάτην

267 2891 316 2966 τὴν
327 2890 464 2970 ἡμετέραν
479 2889 585 2968 γραφὴν
597 2886 774 2962 θιτωσδὴποτε
790 2885 852 2946 καθ’
867 2884 1020 2960 σίσνδὴτινα
1035 2888 1134 2966 τρόπον
1148 2887 1357 2966 παρασαλεῦσαι
1372 2889 1408 2947 τά
1423 2895 1473 2964 τῆς
1489 2891 1563 2950 ἐλευ-

268 3009 361 3092 θερίας
391 3016 440 3086 τῆς
474 3015 561 3086 μονῆς
591 3009 822 3088 ἐπιχειρήσουσιν,
846 3007 914 3066 ἀλλ’
942 3007 1003 3066 ουδὲ
1035 3007 1073 3087 τῷ
1107 3009 1237 3088 ἐγγράφῳ
1270 3011 1428 3089 χρησασθαι
1457 3011 1496 3090 τῷ
1524 3015 1562 3070 τοῦ

267 3133 422 3210 ἡγουμένου
451 3130 494 3191 ἐπὶ
521 3133 646 3190 συστάσει
675 3135 729 3189 τῶν
760 3126 867 3188 οἰκείων
890 3128 983 3206 λόγων
1007 3127 1149 3203 δυνήσεται
1174 3133 1285 3190 πώποτε
1316 3131 1331 3189 δ
1358 3131 1432 3191 κατά
1463 3131 1562 3212 καιροὺς

269 3253 401 3334 Ἰκαρίας,
430 3251 476 3312 διὰ
502 3254 532 3312 τό
560 3252 668 3329 σχολὴν
692 3252 771 3310 αὐτοῦ
794 3249 844 3309 ὐπδ
867 3255 916 3325 τῆς
937 3251 1016 3325 ἡμῶν
1039 3253 1273 3329 καταιίηφισθῆναι
1296 3255 1477 3332 μετριότητος
1497 3275 1561 3312 παν-

267 3373 359 3454 τελῆ,Ι
373 3375 421 3434 ἀτε
445 3373 517 3450 μηδὲ
545 3372 695 3448 δυναμένου
721 3374 766 3430 τοῦ
793 3372 946 3448 ἡγουμένου
973 3369 1018 3431 ἐπὶ
1043 3374 1099 3444 τοῖς
1125 3376 1331 3452 πατριαρχικοῖς
1359 3373 1477 3448 δικαίοις
1506 3376 1561 3435 δια-

268 3496 392 3574 λόεσθαι,
415 3493 462 3554 καί
490 3495 601 3554 αίιτόθεν
625 3493 863 3572 ἀνατετραμμένου
891 3492 967 3564 όντος
990 3488 1043 3552 ἀπό
1065 3513 1096 3553 τε
1122 3498 1169 3553 τοῦ
1192 3493 1336 3566 βασιλικοῦ
1357 3498 1560 3576 χρυσοβσόλλσν

267 3617 315 3678 καὶ
326 3621 372 3677 τοῦ
383 3620 580 3698 πατριαρχικοθ
590 3617 795 3692 θπομνὴματος.
807 3615 928 3674 καθόλου
940 3584 1025 3674 τοίνυν
1036 3619 1113 3675 τοθτο
1126 3614 1308 3696 διοριζόμεθα,
1317 3618 1348 3676 τδ
1359 3617 1560 3700 ἀπαράθρσυστο

269 3739 320 3814 μὲν
343 3737 390 3797 καί
418 3736 644 3818 ἀπαρεγχείρητα
671 3737 809 3812 διαμένειν
836 3735 875 3806 είς
898 3735 959 3807 τοίις
986 3733 1051 3812 ἑξῆς
1079 3737 1200 3808 ἅπαντας
1222 3735 1270 3796 καί
1294 3737 1433 3814 διηνεκεῖς
1455 3741 1559 3821 χρόνους

268 3863 298 3920 τό
321 3881 351 3920 τε
373 3859 579 3939 χρυσόβουλλον
601 3861 632 3918 τό
655 3859 698 3918 ἐπ’
723 3857 866 3937 ἐλευθερίᾳ
892 3862 942 3934 τῆς
965 3863 1050 3933 μονῆς
1073 3858 1227 3936 ἐκφωνηθέν
1250 3857 1297 3917 καί
1319 3861 1350 3918 τό
1372 3863 1560 3942 πατριαρχικδν

268 3984 416 4058 ὑπόμνημα
441 3979 489 4040 καὶ
514 3983 605 4052 πάσας
626 3981 675 4051 τὰς
704 3981 732 4039 ἐν
760 3979 850 4052 αίιτοϊς
878 3975 1021 4052 διαστίξεις
1048 3979 1191 4060 ἀκεραίους
1218 3981 1410 4060 φυλάττεσθαι.
1440 3983 1468 4044 εί
1487 4003 1511 4043 τι
1535 3981 1560 4041 δὲ

267 4103 343 4183 παρὰ
375 4107 459 4162 ταῦτα
491 4104 607 4181 γέγονεν
638 4103 730 4181 ἕτερον
761 4101 864 4172 τούτοις
897 4101 1099 4175 ἐναντισόμενσν
1128 4105 1147 4176 ἡ
1177 4102 1248 4162 κατὰ
1276 4105 1362 4183 μέρος
1389 4108 1408 4180 ἡ
1437 4105 1485 4166 καί
1506 4103 1560 4164 καθ’

269 4223 437 4304 ὁλόκληρον,
466 4225 603 4302 ἄπρακτον
632 4217 701 4282 εἶναι
728 4220 775 4282 καί
802 4223 840 4294 ὡς
868 4221 940 4298 μηδὲ
968 4223 1042 4294 όλως
1069 4225 1185 4302 γεγονός
1211 4223 1384 4306 λογίζεσθαι,
1413 4229 1466 4288 κάν
1493 4245 1559 4285 πεπι-
1584 4295 1585 4315 ,

268 4347 408 4420 στωμένον
433 4342 487 4404 ἐστὶ
514 4345 585 4404 κατά
611 4345 641 4404 τό
669 4344 791 4424 σόνηθες,
818 4346 869 4401 κάν
899 4343 931 4402 ἐκ
957 4345 1039 4417 μόνου
1066 4347 1112 4402 τοῦ
1138 4345 1293 4423 ἡγουμένου
1319 4348 1492 4429 προβέβηκε,
1518 4347 1561 4407 ab

270 4463 301 4538 ἐξ
327 4466 471 4546 ἀρεσκείας
497 4471 550 4524 τῶν
579 4464 675 4524 ἀλλων
704 4469 844 4543 μοναχῶν,
871 4467 922 4522 κάν
952 4462 1129 4537 σίκειοθελῶς
1156 4465 1203 4526 καὶ
1232 4469 1470 4550 αθτοπροαιρέτως
1492 4474 1559 4530 τοῦτο

267 4590 443 4666 πεποιὴκασι,
467 4585 519 4645 κάν
547 4583 704 4665 προστίμοις
726 4585 776 4654 τὰς
803 4585 957 4663 συμφωνίας
981 4585 1175 4647 ἑνεπέδωσαν·
1201 4587 1261 4648 οὔτε
1284 4590 1338 4670 γὰρ
1361 4591 1402 4671 τῷ
1425 4594 1560 4670 ἡγουμένῳ
1583 4569 1584 4597 ¹

269 4705 334 4783 ἐξῆν
364 4707 399 4765 τόι
424 4706 609 4785 πατριαρχικά
639 4706 742 4784 έτέροις
774 4705 934 4784 χαρίζεσθαι
965 4705 1066 4786 δίκαια,
1094 4707 1154 4768 οὔτε
1181 4711 1220 4788 τῲ
1249 4710 1389 4792 ἐπισκόπῳ
1417 4713 1562 4790 λαμβάνειν

1582 4831 1583 4879 ί
