3228 5294
1312 409 1333 473 3

59 595 96 651 πό
117 591 214 672 δρόμου
235 593 366 674 πρέσβεις
388 594 510 673 ἀγόντων
533 597 551 670 ῆ
575 593 735 678 ἐξορίστους,
762 601 780 672 ῆ
806 601 877 658 κατά
904 619 963 658 τινα
990 599 1083 676 ἀλλην
1104 599 1200 679 χρείαν
1223 602 1332 683 διερχο-
1360 681 1361 686 ¹

60 718 145 796 μένων,
167 717 307 797 ἀρχόντων
328 737 359 776 τε
382 717 441 792 ἅμα
462 715 509 778 καί
530 718 765 798 προελευσιμαίων
786 719 936 794 βασιλικῶν
952 721 1101 801 ἀνθρώπων
1118 723 1162 782 ἐπί
1176 743 1250 795 τινας
1266 719 1333 784 ἁπο-

58 837 236 913 στελλομένων
253 837 390 918 δουλείας,
407 839 530 915 ἐκβολῆς
548 842 725 916 γεννημάτων
743 837 773 914 ἐξ
791 842 940 922 ἀγορασίας
960 845 1164 924 γεγενημένων,
1189 843 1332 926 ἀγγαρίας,

57 958 243 1040 παραγγαρίας,
266 959 456 1040 όδοστρωοίας,
476 962 667 1042 γεφυριθσεως,
694 959 869 1039 ταξατίωνος,
899 965 1133 1038 ματζουκατίωνος
1159 965 1206 1024 καίΙ
1234 966 1334 1042 λοιπῆς

58 1082 150 1156 ἀπάσης
180 1081 309 1160 ἐπηρείας
338 1082 508 1160 λαληθείσης
537 1087 556 1159 ῆ
586 1085 849 1166 παρασιωτιηθείσης,
880 1090 924 1145 νῦν
950 1107 980 1146 τε
1013 1085 1094 1164 οὔσης
1123 1086 1170 1147 καὶ
1197 1088 1334 1168 ἐσόσπερον

59 1204 302 1284 ἐπινοηθησομένης,
331 1203 408 1265 ἀλλά
435 1203 507 1280 μηδὲ
535 1205 642 1286 ἅρματα
671 1209 834 1284 πεμπόμενα
862 1205 900 1280 εἰς
928 1209 1014 1290 ἀκρας
1039 1207 1113 1282 τινας
1139 1209 1207 1290 πρδς
1233 1211 1336 1290 κάσπρα

59 1323 150 1399 ἐντόίς
173 1325 322 1401 δηλωθεῖσι
348 1329 481 1403 κτήμασιν
509 1327 673 1402 ἀπωσθῆναι
700 1327 746 1388 καί
773 1329 953 1409 φυλάττεσθαι
984 1334 1002 1406 ῆ
1033 1332 1104 1391 σῖτον
1136 1331 1226 1402 αίιτοῑς
1257 1329 1334 1410 ἐπιρ-

59 1448 181 1524 ρίπτεσθαι
195 1449 263 1530 πρδς
277 1449 308 1508 τδ
324 1448 474 1524 ἀλῆθεοθαι
489 1447 537 1510 καί
556 1450 652 1530 ἀρτους
670 1449 811 1530 γίγνεσθαι
826 1455 843 1528 ῆ
858 1451 1021 1532 παραμονάς
1037 1452 1141 1512 ἐκεῖθεν
1157 1453 1334 1533 ἀφαιρεῖσθαι,

59 1569 192 1646 βασιλικῆς
218 1573 312 1630 ἕνεκεν
339 1569 495 1651 ὑπηρεσίας,
522 1575 540 1647 ῆ
569 1572 703 1650 ἄρχοντας
731 1573 806 1645 τινάς
833 1570 983 1654 ἐξορίστους
1011 1573 1040 1634 ἐν
1067 1575 1157 1646 αὐτοῖς
1182 1576 1336 1650 πέμπεοθαι

56 1693 169 1752 κίυιεῖθεν
191 1691 387 1774 διατρέφεσθαι,
410 1695 428 1768 ῆ
451 1693 542 1768 ἀλλην
564 1693 613 1768 τὴν
636 1691 790 1768 οἱανδῆτινα
815 1693 912 1770 ζημίαν
935 1698 953 1770 ἢ
975 1698 1095 1756 κάκωσιν
1116 1698 1191 1776 παρά
1212 1717 1283 1769 τινος
1301 1695 1336 1755 τά

56 1820 151 1875 τοιαῦτα
172 1817 299 1890 κτῆματα
320 1812 367 1874 καί
388 1813 450 1886 τοθς
473 1814 502 1874 ἐν
529 1816 618 1888 αὺτοῖς
645 1817 885 1896 προσκαθημένους
912 1811 1059 1898 παροίκους
1088 1839 1118 1877 τε
1147 1815 1194 1877 καὶ
1223 1817 1336 1890 λοιποθς

56 1938 206 2016 Ιίφίοτιισθαι.
253 1936 294 1996 διδ
317 1937 538 2018 παρεγγυώμεθα
564 1936 612 1997 καὶ
637 1940 741 2010 πάντας
771 1935 1010 2017 ἑξασφαλιζόμεθα
1040 1939 1093 1998 ἀπό
1122 1959 1152 1998 τε
1183 1944 1236 1998 τῶν
1265 1940 1337 1998 κατὰ

55 2054 154 2134 καιροὺς
176 2055 370 2138 οακελλαρίων
391 2056 438 2118 καί
461 2059 575 2137 λοιπῶν,
598 2063 644 2119 τοῦ
667 2059 773 2136 μηδένα
795 2065 848 2118 τῶν
872 2061 997 2120 ἀπάντων
1020 2061 1049 2120 ἐν
1072 2057 1223 2140 οίῳδῆποτε
1245 2063 1336 2140 χρόνῳ

54 2176 108 2234 καθ’
123 2175 273 2254 οίονδῆτινα
294 2182 392 2260 τρόπον
416 2179 459 2239 ἐπ’
475 2180 570 2253 ἀδείας
593 2179 667 2259 ἔχειν
690 2181 794 2241 ἀθετεῖν
816 2184 835 2255 ῆ
859 2182 1017 2262 ἀνατρέπειν
1040 2187 1159 2262 μερικῶς
1178 2185 1196 2256 ῆ
1215 2180 1336 2242 καθόλου

54 2297 96 2370 ’.ῆν
116 2303 248 2379 παροῦσαν
270 2307 319 2376 τῆς
342 2301 484 2376 βασιλείας
507 2323 558 2378 μου
582 2301 688 2382 δωρεάν
710 2301 757 2362 καί
772 2300 926 2383 πρόσταξιν,
951 2305 989 2376 ὡς
1011 2303 1124 2379 βεβαίου
1138 2301 1185 2362 καὶ
1200 2303 1337 2382 ἀσφαλοῦς

54 2419 210 2500 ὑπάρχοντος
224 2425 271 2483 τοῦ
289 2426 423 2504 παρόντος
444 2425 523 2500 ἡμῶν
546 2423 673 2497 εδσεβοός
695 2425 902 2506 χρυσοβοόλλσυ
924 2425 1021 2505 λόγου,
1044 2426 1231 2504 γεγενημένου
1253 2425 1337 2484 κατὰ

56 2535 123 2626 [τόν]
144 2543 364 2626 φεβρουάριον
387 2553 474 2622 μῆνα
496 2553 555 2624 τῆς
578 2547 764 2622 ἑνδεκάτης
787 2547 1009 2626 ίνδικτιῶνος,
1038 2547 1071 2606 ἐν
1095 2548 1162 2608 έτει
1189 2545 1232 2626 τῷ
1260 2544 1336 2620 ἑξα-

53 2664 263 2746 κισχιλιοστῷ
288 2667 557 2748 πεντακοσιοστῷ
585 2667 799 2750 ὀγδοηκοστῷ
826 2664 956 2750 πρώτῳ,
985 2669 1014 2728 ἐν
1037 2664 1059 2750 ᾧ
1081 2667 1129 2728 καὶ
1150 2670 1180 2728 τδ
1203 2671 1337 2750 ἡμέτερον

54 2785 153 2860 εδσεβὲς
174 2786 221 2848 καί
243 2788 446 2870 θεαπρόβλητον
468 2791 659 2865 θπεσημῆνατσ
682 2793 790 2870 κράτος.
815 2793 836 2872 †

146 2904 216 2988 Εἶχε
241 2908 297 2970 καὶ
324 2911 517 2992 ὑπογραφὴν
548 2911 587 2971 δι’
609 2912 752 2992 έρυθρῶν
778 2914 981 2994 γραμμάτων
1010 2917 1066 2972 τοῦ
1095 2916 1254 2992 κραταιοῦ
1282 2909 1337 2971 καί

55 3029 138 3105 άγίου
159 3033 251 3108 ῆμιῖιν
274 3031 455 3106 βασιλέως·
479 3035 671 3115 ῆΜιχαῆλ,
697 3035 730 3094 ἐν
745 3033 873 3114 Χριστῷ
895 3034 938 3113 τῷ
961 3034 1024 3112 θεῷ
1044 3036 1158 3104 πιστός
1179 3032 1337 3108 βασιλεὺς

54 3150 103 3209 καί
123 3154 333 3236 αὐτοκράτωρ
353 3155 526 3230 Ῥωμαίων
549 3155 563 3215 δ
585 3157 722 3228 Δοθκας.
746 3157 767 3236 †
789 3151 864 3234 είχε
887 3154 996 3215 δὲκαὶ
1019 3155 1166 3232 βοίλλαν
1186 3155 1337 3236 ἀπηωρη-

55 3274 146 3349 μένην
168 3277 316 3335 κάτωθεν
337 3283 474 3358 χρυσῆν.

147 3595 307 3664 Ειυσπιμίαν.
331 3597 366 3649 In
381 3595 513 3666 σαίαίοφο,
538 3613 613 3666 quem
629 3595 765 3650 Ιαποάιουσ
786 3596 819 3650 P.
836 3595 960 3650 Florida
980 3596 1064 3650 edidit
1086 3597 1115 3648 ίιι
1134 3595 1273 3665 ρατίοάόσο
1295 3595 1337 3648 in-

55 3699 145 3767 ιοτρω
165 3693 304 3774 Πανδώρα
321 3700 374 3754 vol.
391 3699 470 3754 XIX
481 3705 506 3754 et
521 3701 582 3754 XX
594 3701 643 3754 ουό
664 3700 757 3754 titulo:
781 3694 938 3773 Ἀπογραφὴ
961 3690 1009 3753 καὶ
1031 3691 1212 3774 ἀπαρίθμησις
1233 3698 1286 3752 τῶν
1310 3693 1338 3751 έν

54 3792 85 3872 τῷ
106 3796 208 3877 ἀρχείῳ
230 3803 279 3873 τῆς
302 3795 454 3874 σεβασμίας
475 3797 622 3875 βασιλικῆς
641 3795 687 3858 καί
704 3797 932 3878 αδιοκρατορικῆς
953 3803 1039 3876 μονῆς
1056 3799 1248 3881 ’1ωάννου,τοΰ
1263 3795 1338 3859 Θεο-

55 3898 130 3977 λόγου
151 3907 201 3978 τῆς
222 3903 251 3962 ἐν
267 3902 372 3982 Πάτμῳ
389 3903 606 3982 διατηρουμένων
623 3901 771 3978 βασιλικῶν
791 3901 1004 3982 χρυσοβοθλλων
1021 3947 1028 3964 .
1046 3947 1054 3963 .
1073 3949 1079 3962 .
1096 3900 1142 3962 καί
1162 3901 1259 3962 ἀλλων
1276 3903 1338 3962 δια-

55 4006 133 4083 φόρων
153 4006 307 4086 ἐγγράφων,
327 4031 388 4067 cum
408 4013 504 4068 tabula
526 4014 647 4068 adducta
668 4014 718 4067 νιιδ
740 4030 849 4067 numero
872 4015 921 4067 51.
939 4031 966 4067 a.
1003 4011 1105 4067 ίθιαιία
1124 4029 1222 4093 αυενσα
1244 4012 1341 4082 αοκίμίί

55 4126 107 4173 nme
122 4118 176 4172 άιιο
197 4119 324 4189 οαιαῖοφί,
348 4119 380 4172 de
400 4119 497 4189 φατόαι
512 4118 639 4173 Florida
652 4119 718 4173 όιτεσ
732 4117 826 4172 habet.-
848 4111 957 4171 όπιοθεν
974 4157 981 4173 .
999 4157 1006 4172 .
1024 4157 1030 4170 .
1048 4111 1173 4192 εθρηνται
1188 4110 1234 4170 δύο
1249 4112 1339 4170 κατά-

54 4212 136 4294 λογοι,
157 4210 197 4276 ὧν
219 4217 235 4274 ό
258 4215 309 4292 μὲν
333 4209 372 4288 εἷς
393 4215 607 4298 περιλαμβάνων
629 4216 678 4286 τάς
701 4215 776 4297 ἱερὰς
800 4214 918 4294 εἰκόνας,
933 4215 967 4275 τδ
983 4217 1049 4293 άγια
1064 4215 1194 4296 λείψανα,
1217 4214 1251 4275 τά
1267 4215 1337 4276 ἀνα-

54 4321 234 4395 γινωσκόμενα
257 4319 287 4380 ὲν
309 4319 348 4398 τῷ
371 4321 446 4400 μέσῳ
468 4327 518 4396 τῆς
540 4319 691 4396 ἐκκλησίας
714 4317 817 4400 βιβλία,
840 4319 874 4378 τά
893 4324 982 4400 χρυσᾶ
1000 4319 1047 4380 καὶ
1067 4317 1170 4400 ἀργυρᾶ
1185 4319 1278 4400 σκεύη,
1306 4319 1340 4380 τὰ

54 4424 251 4502 χουσόβουλλα,
275 4425 368 4484 ἅτινα
390 4423 433 4504 τῷ
455 4425 529 4484 τότε
551 4420 633 4500 ἦσαν
657 4424 740 4484 δέκα
762 4420 818 4483 καὶ
840 4423 925 4483 δκτὼ
947 4424 1077 4484 παλαιά
1098 4421 1155 4482 καὶ
1177 4425 1250 4503 νέα,
1277 4427 1339 4484 σώ-

55 4527 144 4595 ζοντα
169 4527 227 4589 καί
253 4528 311 4600 τάς
337 4533 461 4608 χρυσᾶς
488 4527 673 4608 σφραγίδας
702 4529 820 4610 αθτῶν,
847 4529 948 4606 γέγονε
974 4527 1045 4588 κατά
1071 4528 1116 4587 τόν
1143 4532 1218 4605 μῆνα
1240 4525 1340 4588 ίοθλιον

55 4636 95 4707 τῆς
115 4635 243 4708 πέμπτης
266 4631 452 4708 έπινεμῆσεως
473 4632 547 4712 παρὰ
569 4636 614 4692 τοῦ
637 4633 844 4710 καθηγουμένου
866 4637 915 4708 τῆς
939 4638 1034 4712 μονῆς,
1063 4631 1190 4704 εδτελοῦς
1217 4635 1340 4710 μοναχοῦ

56 4733 186 4816 Γερμανοῦ
208 4736 256 4798 καί
278 4736 419 4818 παρεδόθη
448 4734 487 4815 τῷ
510 4735 702 4818 ἑκκλησιάρχη
730 4733 844 4814 μοναχῷ
870 4735 944 4816 κυρῷ
967 4737 1098 4817 Καισάρῳ
1124 4738 1265 4816 παρόντων
1292 4733 1359 4795 καί.

1101 4853 1132 4906 ιθ
