3162 5278
251 323 316 388 330

251 520 422 598 γραμμάτων
452 516 726 596 έπιβραβευσαμένων
755 516 820 596 αῦτή
842 537 872 575 τε
899 514 946 576 καί
972 522 1006 598 τῇ
1033 518 1094 576 κατ’
1119 519 1200 592 αιίτήν
1222 521 1298 597 νήσῳ
1320 520 1370 593 τήν
1391 539 1535 596 στουροπη-

251 639 351 718 γιακήν
374 635 462 718 ἀξίαν,
492 638 634 700 ἀσυδοοίαν
650 659 679 696 τε
706 637 753 698 καί
781 637 938 718 ἐλευθερίαν
963 637 1019 698 τύδ’
1042 641 1124 713 ήμεῖς
1150 638 1272 718 παριδεῖν
1294 640 1478 718 ἠνεσχόμεθα,
1503 645 1536 715 μη

252 759 312 838 ούχί
339 761 564 837 φιλοτεμήοαοθαι
591 757 637 820 καὶ
664 759 802 820 ἐπιδοῦναι
829 762 895 841 αὐεῇ
923 761 971 835 τὴν
999 759 1034 820 δι’
1057 761 1192 840 ἡμετέρου
1214 764 1378 840 γράμματος
1400 763 1536 822 ἀνανέωσιν

252 879 298 940 καί
325 881 516 956 ἐπεβεβαίωσεν
543 887 592 957 τῆς
615 882 738 959 τοιαύτης
765 889 1002 962 οταυροπηγιακῆς
1025 881 1117 962 ἀξίας,
1140 876 1187 943 καί
1208 888 1291 943 ταῦτα
1312 883 1431 964 πατρίδα
1451 886 1537 957 ταύτην

251 1003 365 1080 γνησίαν
391 1003 528 1082 λαχόντες
557 1001 605 1063 καί
630 1006 725 1084 τροφόν
754 1003 800 1064 καί
826 1007 991 1084 γεννήτορα,
1023 1005 1133 1080 μᾶλλον
1161 1004 1193 1066 δὲ
1221 1003 1280 1064 ἐπεὶ
1306 1004 1372 1084 θείῳ
1398 1005 1472 1066 ἐλέει
1498 1011 1537 1066 τοῦ

252 1123 439 1199 οίκουμενεκοῦ
467 1125 561 1206 θρόνου
587 1128 637 1201 τὴν
664 1125 753 1205 ἀρχὴν
776 1126 973 1202 ἀνεζωσάμεθα
1000 1125 1047 1188 καί
1069 1133 1119 1202 τής
1139 1127 1312 1204 παγκσσμίου
1333 1127 1433 1202 ταύτης
1457 1128 1537 1186 όλκά-

253 1248 299 1317 δος
321 1253 371 1322 τῆς
394 1251 440 1308 τοῦ
464 1247 579 1327 Χριστοῦ
601 1267 689 1326 φαμεν
713 1249 841 1326 μεγάλης
869 1247 1019 1324 ἐκκλησίας
1045 1247 1108 1320 τούς
1130 1247 1228 1321 οίακας
1254 1248 1475 1328 ἐπιτετράμμεθα
1498 1248 1538 1308 καίΙ

251 1377 304 1429 τῶν
334 1369 404 1428 κατά
434 1371 518 1450 μέρος
548 1370 705 1448 ἁπανταχοῦ
733 1371 818 1448 ἀγίων
845 1371 1000 1446 ἐκκλησιῶν
1026 1371 1075 1446 τήν
1101 1373 1230 1451 πρόνοιαν
1257 1369 1461 1450 ἑπιστεύθημεν,
1490 1371 1538 1430 δεῖν

253 1492 376 1570 ἔγνωμεν
414 1491 533 1566 μάλιστα
570 1491 641 1551 κατὰ
677 1495 761 1571 χρέος
798 1491 980 1573 ἀπαραίτητον
1018 1490 1212 1566 ἀντιλαβέσθαι
1251 1493 1336 1567 αύτής
1371 1493 1418 1550 τόν
1456 1492 1538 1550 ἐνόντα

250 1617 359 1691 τρόπον,
388 1613 650 1693 ἀντιπελαργοῦνεες
679 1612 760 1674 οἱονεί
786 1613 833 1674 καὶ
860 1617 969 1694 τροφεῖα
998 1609 1182 1687 ἀπατιννύντες
1208 1619 1241 1696 τῇ
1264 1614 1415 1695 ένεγκούοη
1440 1613 1537 1674 κατάλ-

251 1734 330 1809 ληλα
352 1736 411 1810 ἅμα
436 1731 484 1794 καί
505 1736 570 1810 ἡμῖν
593 1735 671 1814 λόγῳ
695 1735 792 1814 δικαίῳ
819 1735 993 1816 ὀφειλόμενα,
1022 1735 1120 1806 άλλως
1142 1755 1172 1794 τε
1194 1739 1247 1794 τῶν
1271 1737 1492 1810 σννασκσνμένων
1516 1735 1539 1792 ἐν

250 1862 283 1938 τῇ
308 1855 418 1937 ῥηθείσῃ
446 1862 517 1938 μονῇ
544 1857 697 1917 ὁσιωτάτων
722 1857 847 1936 πατέρων
876 1855 1027 1931 δεηθέντων
1053 1858 1163 1936 θερμῶς
1184 1857 1264 1932 ήμῶν
1286 1876 1317 1916 τε
1340 1854 1388 1916 καὶ
1412 1863 1464 1932 τῆς
1488 1854 1540 1935 περὶ

252 1979 325 2052 ἡμᾶς
352 1975 427 2055 ίερᾶς
455 1983 508 2038 τῶν
535 1977 686 2059 ἀρχιερέων
712 1978 822 2039 συνόδου
846 1977 981 2040 ἐπιδοῦναι
1008 1976 1056 2038 καί
1078 1977 1273 2058 ἑπεβραβεῦσαι
1297 1979 1387 2050 αύτοῖς
1407 1978 1458 2052 τὴν
1480 1977 1540 2036 ἀνα-

251 2101 349 2160 νέωσιν
376 2098 422 2160 καὶ
449 2099 641 2176 ἐπιβεβαίωοιν
668 2106 717 2177 τῆς
744 2099 862 2181 ἀρχαίας
889 2107 1126 2182 σταυροπηγιακής
1148 2099 1303 2180 φιλοτιμίας
1325 2105 1375 2177 τῆς
1398 2097 1541 2174 σεβασμίας

252 2223 349 2298 ταύτης
377 2227 472 2297 μονῆς.
503 2217 541 2282 ὧν
568 2221 616 2297 τήν
644 2222 736 2299 δέησιν
762 2220 809 2283 καί
831 2220 940 2296 ἀξίωσιν
964 2223 1002 2294 ῶς
1025 2221 1141 2302 εύλογσν
1164 2220 1244 2284 οὖσαν
1266 2220 1314 2282 καὶ
1336 2221 1455 2302 δικαίαν,
1478 2221 1541 2280 ἀτο-

253 2343 339 2422 δοχής
357 2365 388 2404 τε
411 2344 532 2420 μάλιστα
556 2340 633 2416 ἀξίαν
656 2339 699 2404 διά
720 2344 769 2416 τός
791 2344 988 2425 προρρηθείσος
1012 2341 1098 2416 αἰτίας
1121 2345 1242 2420 εύμενῶς
1264 2341 1327 2402 λίαν
1351 2340 1542 2416 ἀποδεξάμενοι

253 2463 299 2523 καί
322 2464 441 2538 μάλιστα
468 2464 529 2544 περὶ
551 2465 658 2526 πολλοῦ
680 2467 834 2541 ποιούμενοι
861 2467 909 2540 τὴν
932 2465 1054 2526 σύστασιν
1076 2463 1123 2526 κοί
1146 2463 1277 2540 διαμονήν
1300 2469 1353 2524 τῶν
1378 2464 1458 2544 ἱερῶν
1480 2485 1542 2537 σκη-

253 2588 385 2660 νωμάτων
408 2579 454 2646 καί
476 2587 557 2647 θείων
578 2588 760 2666 καταγωγίων
782 2590 932 2668 γράφοντες
956 2587 1001 2648 διὰ
1022 2591 1068 2647 τοῦ
1091 2589 1224 2666 παρόντος
1247 2587 1452 2666 ἀποφαινόμεθα
1471 2607 1542 2646 συνο-
1572 2557 1573 2564 ί

254 2706 337 2777 δικῶς
365 2709 509 2782 μετὰτῶν
532 2707 691 2789 περίήμάς
719 2709 872 2790 ίερωτάτων
900 2710 1050 2790 ἀρχιερέων
1078 2707 1124 2770 καὶ
1150 2707 1312 2790 ύπερτίμων,
1342 2713 1396 2769 τῶν
1424 2709 1453 2769 ἐν
1481 2709 1543 2786 ἀγίῳ
1572 2773 1573 2776 ¹

253 2829 385 2904 πνεύματι
408 2825 556 2910 ἀγαπητῶν
579 2833 659 2907 ήμῶν
686 2831 813 2911 ἀδελφῶν
840 2831 887 2892 καί
909 2830 1137 2911 ουλλεετουργῶν,
1164 2831 1209 2890 ίνα
1230 2833 1248 2907 ή
1272 2829 1456 2910 διαληφθεῖσα
1481 2830 1543 2911 ἱερά,
1572 2859 1573 2868 2

253 2950 400 3032 σεβασμία,
427 2951 556 3030 βασιλική
579 2974 609 3014 τε
636 2953 683 3014 καὶ
709 2953 931 3034 σταυροπηγιακὴ
959 2951 1029 3028 μονὴ
1056 2955 1102 3012 τοῦ
1125 2949 1213 3031 ἁγίου,
1241 2949 1351 3025 ἐνδόξου
1378 2951 1426 3012 καὶ
1448 2973 1543 3012 πανευ-
1572 2989 1573 3000 ε

252 3075 341 3151 φήμαν
371 3073 524 3134 ἀποστόλου
553 3074 600 3135 καί
631 3075 825 3154 εύαγγελιστσῦ
852 3075 979 3136 Ἰωάννου
1009 3075 1055 3134 τοῦ
1083 3072 1227 3153 Θεολόγου
1260 3075 1278 3148 ή
1312 3076 1428 3150 κειμένη
1460 3074 1488 3134 ἐν
1516 3079 1543 3154 τῇ
1572 3087 1573 3152 s

254 3197 328 3273 νήσῳ
353 3192 458 3274 Πάτμῳ
486 3195 555 3270 μετά
581 3199 688 3256 πάντων
715 3202 769 3256 τῶν
791 3198 949 3274 ἁπανταχοῦ
973 3197 1171 3276 εὑρισκομένων
1193 3197 1341 3271 κτημάτων
1362 3195 1410 3256 καί
1434 3197 1542 3275 ἀφιεφω-

254 3317 346 3390 μάτων
370 3316 466 3396 αὐτής,
492 3323 609 3392 κινητῶν
630 3338 661 3378 τε
682 3316 729 3377 καί
752 3317 895 3398 ἀκινήτων,
920 3317 1056 3395 μετοχίων
1079 3337 1109 3376 τε
1130 3315 1179 3376 καί
1199 3317 1424 3397 παρεκκλησίων,
1447 3325 1499 3378 τῶν
1519 3337 1542 3375 τε

252 3441 405 3515 προσόντων
428 3436 482 3514 ήδη
507 3440 573 3521 αύτή
599 3438 721 3500 καὶτῶν
744 3440 892 3516 μετέπειτα
914 3440 1194 3518 προσκτηθηοομένων
1222 3438 1266 3512 εἴη
1293 3437 1341 3498 καί
1365 3439 1483 3521 δεομένη
1504 3437 1543 3498 καὶ
1572 3429 1573 3524 J

253 3559 371 3636 λέγηται
392 3557 439 3619 καί
461 3559 534 3639 παρὰ
556 3563 662 3621 πάντων
685 3564 851 3640 γενῶσκηται
877 3562 916 3634 ῶς
939 3560 1084 3641 βασιλική,
1106 3564 1289 3641 πατριαρχική
1311 3581 1343 3620 τε
1365 3560 1412 3622 καί
1436 3581 1542 3640 οτοιιρο-

252 3681 387 3760 πηγιακή,
409 3684 580 3760 τυγχάνουσα
603 3682 706 3742 ἀνωθεν
730 3685 876 3760 αύτόνομος
898 3681 945 3744 καί
968 3682 1175 3760 αύτοδέσποτος,
1199 3681 1346 3762 ἐλεύθερός
1361 3701 1391 3742 τε
1415 3682 1464 3744 καί
1485 3683 1543 3742 ἀσύ-
1572 3695 1573 3760 γ

254 3799 331 3873 δοτος
358 3801 405 3862 καὶ
431 3803 589 3877 ἀδούλωτος
615 3803 662 3865 καί
689 3805 910 3885 ἀκαταποίτητος,
941 3805 1147 3881 ἀκαταζήτητός
1168 3825 1199 3864 τε
1226 3803 1274 3864 καί
1297 3803 1485 3882 ἀνενόχλητος
1505 3801 1543 3862 καί

255 3923 454 4005 ἀνεπηρέαστος
481 3927 556 4005 παρὰ
581 3927 681 3997 παντός
708 3931 863 4007 προσώπου,
887 3925 941 3986 εἴτε
964 3927 1164 4006 ἀρχιερατικοῦ,
1189 3925 1429 4006 είτεάρτχοντικοῦ
1452 3921 1544 3986 τεκαὶΙ

254 4043 410 4126 ἐξαρχικσῦ,
432 4049 521 4120 πάσης
542 4069 573 4106 τε
595 4047 641 4108 καὶ
662 4049 791 4120 παντοίας
819 4049 1012 4128 δουλαγωγίας
1036 4049 1158 4128 ἀνωτέφα
1184 4046 1232 4108 καὶ
1253 4050 1355 4120 παντός
1378 4049 1480 4127 βάρους
1505 4045 1543 4105 καί

254 4167 424 4241 ἀπαιτήσεως
455 4168 675 4250 ἀντηλλαγμένη,
706 4168 803 4246 μηδενὶ
831 4169 919 4247 μηδὲν
947 4168 1093 4249 όφείλουσσι
1119 4171 1252 4250 παρέχειν
1280 4170 1438 4250 όλστελῶς,
1467 4167 1490 4228 εί
1511 4169 1543 4242 μὴ

253 4288 283 4346 τό
311 4288 490 4368 έπεκρατήσαν
518 4290 630 4366 ἐτησίως
658 4290 778 4354 δίδοσθαι
805 4299 838 4374 τῇ
865 4293 928 4352 καθ’
951 4293 1026 4367 ἡμᾶς
1052 4295 1099 4351 τοῦ
1122 4291 1238 4370 Χριστοῦ
1265 4290 1380 4372 μεγάλη
1407 4290 1543 4368 ἐκκλησία,
1572 4283 1573 4364 ί

255 4413 492 4486 μνημονευομένου
524 4414 552 4472 έν
582 4413 648 4494 αῦτη
680 4414 802 4485 ἀεννάοις
835 4417 881 4474 τοῦ
910 4417 1105 4494 πατριορχικού
1136 4413 1271 4488 όνόματος
1304 4413 1332 4472 ἐν
1364 4415 1466 4482 πάσαις
1494 4415 1544 4480 ταῖς

254 4530 339 4611 ίεραῑς
361 4533 497 4612 τελεταῗς,
520 4533 567 4593 καί
590 4534 687 4609 μηδενί
710 4555 757 4594 τινι
781 4535 863 4613 ἀλλῳ
885 4537 1061 4616 ὑποκειμένη,
1085 4533 1171 4610 εἰμὴ
1195 4536 1278 4610 μόνον
1300 4533 1340 4612 τῷ
1363 4531 1544 4616 πατριαρχικῷ
1572 4593 1573 4616 ,

254 4650 301 4714 καί
324 4651 502 4734 οίκουμενικῷ
524 4655 608 4734 τούτῳ
631 4656 717 4736 θρόνῳ
739 4653 785 4716 καί
809 4655 852 4715 ἀπ’
869 4657 949 4716 αύτού
970 4659 1221 4736 προστατευομένη,
1245 4652 1431 4734 διεξαγομένη
1454 4651 1543 4716 τεκαὶ
