3162 5278
1290 353 1355 417 343

62 541 221 614 γενέσθαιῆ
244 542 388 616 γενήσεται
412 537 467 612 ἔξω
490 547 542 600 τῶν
570 539 813 616 διατετυπωμένων
839 544 928 604 τῦπων
955 547 1002 604 τοῦ
1029 543 1217 625 μοναοτηρθου,
1248 546 1355 606 ἐναντι-

62 659 168 734 ούμενον
196 665 230 740 τῇ
262 665 333 740 μσνῄ
363 658 410 720 καὶ
439 663 496 734 τοῖς
528 661 557 720 ἐν
588 662 654 742 αῦτῇ
685 667 818 741 μσνοιχοῑς
847 661 893 724 καὶ
922 665 990 743 πρός
1019 665 1174 725 σκάνδαλον
1203 665 1310 747 ἀφορῶν
1336 669 1355 742 η

61 780 174 840 καθόλου
196 783 214 854 ἢ
239 780 268 839 ἑν
291 781 380 860 μέρει,
407 781 438 840 τό
465 785 584 842 τοιοῦτον
612 782 756 862 άνέσχυρον
785 779 854 844 εἶναι
879 783 927 844 καὶ
953 785 1091 866 άπρακτον
1118 784 1165 846 καὶ
1192 787 1231 860 ῶς
1253 786 1292 863 μὴ
1314 787 1354 868 όν,

62 901 126 976 μηδὲ
148 903 267 980 γεγονός
289 901 458 980 λογίζεσθαι,
487 903 583 975 οἵτινες
606 905 816 979 συνωνούμενοι
843 905 872 966 ἐν
896 907 961 988 αἰτῇ
984 903 1124 967 ὁσιώτατον
1145 909 1263 988 πατέρες
1289 908 1354 968 ἐδε-

61 1023 160 1098 ήθησαν
187 1020 235 1082 καὶ
258 1022 339 1098 ἡμῶν
367 1022 398 1082 σὺ
421 1025 516 1104 μικρόν
542 1024 740 1104 ἑπιχορηγῆσαι
763 1025 853 1100 αῦτοῑς
879 1025 926 1088 καὶ
947 1021 1080 1108 νεώτερον
1101 1029 1236 1108 ἡμέτερον
1257 1049 1356 1110 πατρι-

60 1145 168 1222 ορχικθν
191 1146 310 1223 γράμμα
332 1145 403 1204 κατά
426 1145 487 1218 τοῦς
509 1147 561 1226 πρό
584 1146 664 1222 ἡμῶν
688 1149 855 1227 ἁγιωτάτοις
877 1151 1047 1228 πατριάρχας
1071 1149 1114 1210 ἐπὶ
1136 1149 1244 1210 πλείονι
1266 1149 1355 1230 ἀσφα-

59 1263 126 1345 λείᾳ.
157 1265 251 1325 τοῦτου
279 1268 360 1346 χάριν
388 1265 435 1326 καὶ
456 1269 474 1342 ἡ
498 1271 641 1348 μετριότης
664 1271 743 1344 ἡμῶν
765 1272 814 1345 τἠν
837 1269 941 1346 αἴτησιν
965 1269 1052 1330 αῦτῶν
1077 1271 1115 1346 μὴ
1137 1270 1288 1352 παριδοῦσα
1309 1270 1356 1332 καὶ

59 1387 95 1457 ῶς
114 1386 264 1459 ἑπικλινεῖς
289 1388 391 1465 ἔχοντα
412 1387 462 1459 τάς
485 1385 572 1462 ἀκοάς
599 1387 642 1448 ἀεὶ
664 1393 721 1462 τοῖς
744 1389 898 1471 φιλαρέτοις
926 1392 1018 1473 ἔργοις
1044 1390 1091 1452 καὶ
1117 1391 1269 1470 θεοφιλέσιν
1293 1392 1354 1452 ἐπι·

58 1510 202 1587 χειρήμασι
224 1505 272 1568 καὶ
294 1515 327 1590 τῇ
351 1512 475 1571 συστάσει
497 1508 544 1570 καὶ
568 1510 687 1572 ἐπιδόσει
709 1517 762 1571 τῶν
785 1511 866 1591 ἱερῶν
889 1515 1075 1588 σκηνωμάτων
1102 1513 1181 1585 όλαις
1202 1511 1282 1593 χερσὶ
1308 1511 1356 1574 καὶ

58 1631 196 1710 προθέσεσι
225 1633 392 1710 προκειμένη
425 1631 550 1708 ἀσμένως
581 1633 660 1707 μάλα
692 1632 739 1692 καθΙ
768 1635 889 1708 εὺμενῶς
918 1632 1110 1710 ἀποδεξαμένη
1138 1635 1209 1694 κατὰ
1234 1637 1266 1695 τδ
1293 1635 1354 1696 ἐπι-

57 1755 166 1830 κρατοῦν
192 1753 254 1824 ἔθος
277 1750 315 1832 τῷ
337 1753 400 1813 καθ’
421 1753 495 1828 ἡμᾶς
519 1753 702 1834 ἀπσστολικῷ,
724 1752 914 1835 πατριαρχικῷ
933 1775 963 1816 τε
986 1754 1032 1815 καὶ
1055 1753 1234 1834 οἰκουμενικῷ
1257 1758 1354 1837 θρόνῳ,

59 1875 102 1934 ἀτε
129 1874 237 1934 δικαίαν
266 1873 347 1935 οὖσαν
376 1875 423 1936 καὶ
455 1874 582 1958 εῦλσγον,
611 1879 708 1956 γράφει
742 1875 788 1937 καὶ
819 1878 994 1957 ἀποφαίνεται
1025 1876 1172 1949 σονσδικῶς
1201 1878 1272 1954 μετὰ
1301 1884 1355 1939 τῶν

57 1993 114 2073 περὶ
127 1997 203 2073 ημᾶς
223 1995 377 2075 ἱερωτάτων
400 1997 552 2078 ἀρχιερέων
573 1996 622 2058 καὶ
644 1997 806 2079 ῦπερτόμων,
829 2004 883 2059 τῶν
907 1999 935 2058 ἐν
959 1999 1028 2078 ἁγίῳ
1051 1999 1183 2074 πνεύματι
1206 2001 1355 2076 ἀγαπητῶν

57 2117 182 2198 ἀδελφῶν
205 2119 289 2194 αῦτη-ς
310 2116 357 2178 καὶ
381 2117 610 2200 συλλειτουργῶν,
637 2121 681 2179 ἵνα
702 2117 791 2180 πάντα
814 2120 865 2195 μὲν
887 2119 921 2179 τὰ
944 2115 1004 2200 ἱερά
1027 2120 1151 2200 ἔγγραφα
1174 2119 1356 2198 ὑπομνήματα

57 2245 102 2314 τῆς
125 2240 320 2318 διαληφθεθσης
343 2241 495 2316 τεβασμθας
518 2249 619 2322 μονῆς,
647 2243 698 2302 ὅσα
725 2241 837 2318 δηλαδὴ
866 2242 899 2303 ἐκ
925 2246 971 2303 τσῦ
996 2241 1084 2302 πάλαι
1112 2241 1227 2322 ἀρχαίου
1252 2263 1354 2321 προσε-

56 2363 164 2436 γένοντο
191 2363 275 2444 ταύτῃ
302 2362 377 2442 παρὰ
398 2367 452 2422 τῶν
477 2361 596 2435 εῦτεβῶν
620 2363 758 2436 βασιλέων
780 2364 896 2444 λαμπρὰ
918 2361 1115 2444 χρυσόβουλλα
1137 2361 1184 2422 καὶ
1205 2363 1281 2444 παρά
1302 2369 1356 2423 τῶν

57 2483 184 2558 ἀοιδίμων
211 2489 389 2564 πατριαρχῶν
413 2484 499 2544 σεπτόι
526 2483 649 2562 σιγιλλια
671 2486 705 2544 τὰ
727 2486 788 2546 κατ’
813 2485 895 2560 αὑτὴν
919 2485 1092 2565 διοριζόμενα
1113 2486 1247 2566 προνόμια
1271 2487 1355 2562 ἔχωσι

55 2604 84 2672 τό
108 2608 189 2682 κῦρος
220 2603 267 2664 καὶ
295 2605 345 2682 τὴν
372 2603 448 2683 ἰσχὺν
477 2605 639 2680 διαμένοντα
668 2609 856 2686 νρατυνόμενα
886 2606 932 2666 καὶ
964 2609 1141 2686 οτηριζόμενα
1172 2605 1217 2666 διό
1244 2609 1355 2683 παντός,

57 2725 268 2804 ἀπαρασόλευτά
290 2747 320 2786 τε
348 2725 395 2786 καὶ
423 2727 609 2802 ἀμετακίνητα
637 2727 672 2786 δι’
696 2729 763 2788 όλσυ
789 2726 836 2788 καὶ
859 2729 1025 2806 ἀμετάθετα,
1049 2731 1148 2808 μέχρις
1171 2729 1186 2786 ό
1208 2727 1289 2804 ἥλιος
1312 2725 1355 2786 ἐπὶ

57 2853 106 2924 γης
131 2849 227 2931 ἐφορᾷ,
250 2851 268 2923 ἠ
293 2848 324 2908 δὲ
354 2849 534 2928 διαληφθεϊσα
560 2848 622 2930 θερά
648 2849 695 2909 καὶ
722 2850 857 2924 σεβασμία
886 2850 955 2924 μονὴ
982 2854 1029 2908 τοῦ
1057 2850 1144 2927 όγθου,
1172 2846 1283 2922 ἐνδόξου
1309 2845 1356 2908 καὶ

56 2973 229 3048 πανευφήμου
253 2969 404 3030 ἀποστόλου
431 2969 479 3030 καὶ
502 2971 696 3048 εὐαγγελιστοῦ
720 2973 846 3032 Ἰωάννου
867 2974 915 3031 τοῦ
937 2969 1082 3046 θεολόγσυ
1108 2969 1180 3029 κατὰ
1202 2969 1250 3044 τὴν
1273 2975 1355 3046 νῆσον

58 3091 166 3164 Πάτμον
194 3091 267 3166 μετὰ
293 3093 402 3151 πάντων
430 3097 484 3150 τῶν
510 3095 657 3166 κτημάτων
683 3090 730 3152 καὶ
757 3092 953 3170 ἀφιερωμάτων
984 3091 1081 3170 αῦπῆς,
1111 3096 1228 3166 κινητῶν
1250 3109 1281 3149 τε
1307 3089 1355 3149 καὶ

56 3212 196 3294 ἀκινήτων,
227 3215 279 3273 aaa
300 3234 330 3273 τε
356 3213 411 3290 ἤδη
440 3215 500 3292 ἔχει
526 3212 574 3274 καὶ
601 3215 652 3274 ὅσα
678 3215 724 3274 σῦν
751 3213 807 3292 θεῷ
835 3213 1007 3288 ἐπικτησεται
1033 3213 1145 3294 ῦστερσν
1174 3211 1222 3272 καὶ
1247 3215 1354 3272 πάντων

55 3339 104 3392 τῶν
133 3333 271 3412 μετσχίων
299 3337 382 3410 αὐτής
408 3335 518 3418 ὑπάρχῃ
546 3337 584 3406 ὡς
608 3335 742 3396 ἀνέκαθεν
767 3334 814 3395 καὶ
836 3335 955 3412 λέγηται
977 3333 1024 3394 καὶ
1046 3334 1120 3412 παρὰ
1142 3336 1250 3394 πάντων
1272 3339 1355 3414 γινῶ-

56 3475 147 3530 οκηται
171 3455 313 3534 βασιλική,
336 3457 520 3535 πατριαρχικὴ
548 3455 595 3516 καὶ
618 3456 842 3536 σταυροιτηγιακὴ
870 3459 959 3533 πάντη
983 3455 1127 3536 ἐλευθέρα,
1156 3456 1303 3532 αθτόνομός
1325 3477 1354 3516 τε

55 3577 95 3636 καὶ
123 3577 335 3657 αῦτοδέσποτος,
365 3577 521 3648 ἀδοῦλωτός
544 3599 574 3638 τε
601 3577 648 3638 καὶ
677 3579 887 3654 ἀκαταπάιητος
916 3575 964 3638 καὶ
993 3577 1136 3655 ἀσόδοτσς,
1169 3577 1355 3656 ἀνενόχλητός

55 3698 148 3760 τεκαὶ
175 3700 251 3770 όλως
279 3695 488 3775 ἀοιαταπάτητας
515 3699 590 3777 παρὰ
615 3701 716 3771 παντός
743 3702 887 3779 προσώπου
915 3698 1142 3774 ἑκκλησιαστικοῦ
1171 3696 1218 3758 καὶ
1245 3701 1355 3778 λαϊκοῦ,

56 3821 137 3894 μηδὲν
166 3819 266 3895 μηδενὶ
292 3825 469 3900 χρεωστοῦσα
495 3824 637 3901 παρέχειν,
670 3819 694 3880 εἰ
723 3822 763 3896 μὴ
793 3822 876 3896 μόνον
904 3821 934 3880 τδ
965 3819 1148 3898 ἐπικρατῆσαι
1179 3821 1292 3895 ἑτησίως
1321 3827 1355 3898 τῇ

55 3943 110 4000 καθ’
134 3943 211 4018 ἡμᾶς
234 3946 279 4001 τοῦ
303 3943 418 4020 Χριστοῦ
441 3943 555 4023 μεγάλῃ
580 3942 728 4023 ἐκκλησίᾳ,
757 3941 781 4002 οἱ
806 3941 837 4002 δὲ
860 3942 1073 4017 συνασκοῦμενοι
1097 3941 1126 4000 ἐν
1149 3942 1215 4024 αθτῇ
1238 3943 1355 4020 πατέρες

56 4064 241 4138 μνημονεῦωοι
263 4067 309 4122 τοῦ
329 4068 525 4143 πατριαρχικοῦ
546 4063 680 4139 όνόματος
704 4063 732 4124 ἐν
751 4067 851 4137 πόσαις
872 4066 932 4135 ταῖς
955 4063 1042 4140 ἱεραῖς
1063 4063 1198 4143 τελεταῖς,
1222 4061 1269 4122 καὶ
1292 4062 1354 4122 διά-

55 4203 132 4259 γωσιν
161 4181 319 4262 εἰρηνικῶς,
351 4190 458 4259 σεμνῶς
481 4204 511 4243 τε
534 4183 580 4243 καὶ
606 4185 737 4258 κοσμίως.
767 4182 946 4262 φυλάττοντες
975 4185 1043 4262 πρός
1073 4186 1118 4243 τόν
1148 4184 1354 4263 καθηγούμενον

56 4305 136 4364 ἀστῶν
163 4306 213 4380 τὴν
242 4303 423 4384 όφειλσμένην
447 4307 584 4381 ὑποταγὴν
613 4303 659 4364 καὶ
684 4303 844 4386 εῦπείθειαν,
873 4305 940 4383 όπερ
969 4304 1151 4383 ἀπαραίτητον
1177 4305 1262 4384 χρέος
1286 4325 1352 4382 τυγ-

55 4430 130 4500 χάνει
159 4433 193 4507 τῇ
221 4425 358 4506 μσναδικῄ
385 4430 551 4486 καταστάσει
578 4426 649 4484 κατὰ
676 4426 737 4498 τοὺς
764 4425 909 4504 πατρικοὺς
940 4425 986 4485 καὶ
1013 4425 1173 4497 κανονικοὶις
1200 4427 1278 4504 όρονς
1307 4425 1354 4485 καὶ

54 4549 154 4617 τόποις.
188 4547 203 4605 ό
231 4547 261 4606 δὲ
288 4548 497 4626 καθηγούμενος
524 4554 573 4622 τῆς
601 4553 688 4623 μονῆς
720 4548 773 4630 ἔχῃ
801 4547 835 4606 τό
862 4545 893 4619 ἐξ
924 4547 1013 4626 ἀρχῆς
1043 4545 1250 4622 ἀπονεμηθέντα
1282 4546 1354 4626 αῦτῷ

54 4671 183 4748 προκόμια
212 4669 321 4748 καθαρὰ
347 4669 394 4728 καὶ
422 4667 577 4750 ἀδοόλωτα,
609 4667 730 4744 μηδενός
758 4671 825 4728 ποτε
852 4668 1040 4744 τολμήσοντος
1065 4667 1246 4748 παραβιάζειν
1270 4669 1349 4732 αῦτδν
