3184 5288
225 279 266 344 88

226 473 411 552 Καππαδόκα,
434 475 480 532 τοῦ
504 471 692 545 ἀναλαβέσθαι
719 474 810 529 τοῦτον
834 470 877 548 ἀφ’
895 469 955 540 ένδς
977 474 1030 528 τῶν
1053 469 1158 528 πλοίων
1182 489 1243 546 μου,
1268 460 1323 528 οίον
1340 473 1372 527 ἀν
1394 472 1526 550 πρότερον

224 593 432 673 κοιταλάβηται,
454 593 489 652 τὰ
516 595 595 672 άπερ,
623 594 661 662 ὡς
689 591 783 670 ἔλεγε,
811 592 1006 671 χρεωστεῑσθαι
1031 590 1185 664 νομίσματα
1206 593 1389 668 πεντήκοντα,
1415 589 1527 650 δέδωκα

225 717 309 795 τούτῳ
339 714 419 793 κάγὼ
449 713 543 794 λίτραν
571 713 725 788 νομίσματα
755 715 840 789 χιάτα
869 712 945 771 καλά
977 712 1022 772 δι.
1049 760 1055 772 .
1082 760 1088 772 .
1115 760 1120 772 .
1147 761 1152 772 .
1182 709 1228 770 καὶ
1256 711 1454 790 ἀπεπλήρωσα,
1486 714 1525 786 μὴ

228 837 437 912 ἀναλαβόμενον
464 837 494 894 τδ
523 835 657 914 ἔγγραφόν
686 855 737 909 μου
761 831 792 906 ἐξ
821 833 908 895 οιίποῦ.
936 831 983 892 καί
1011 833 1086 912 εἴπερ
1113 833 1179 893 ποτὲ
1206 835 1320 916 πειραθῇ
1348 835 1436 894 πάλαι
1464 835 1526 893 ἑπι-

229 961 318 1034 ζητεῖν
340 958 374 1016 τά
396 961 505 1018 τοιαῦτα
529 951 680 1032 νομίσματα
703 955 755 1014 ἀπδ
778 961 831 1014 τῶν
853 954 957 1014 πλοίων
978 975 1029 1028 μου
1057 958 1074 1028 ἢ
1099 955 1150 1013 ἀπό
1173 959 1219 1013 τοῦ
1240 955 1442 1035 χαριστικαρίου
1466 976 1526 1034 μου,

229 1081 274 1140 ἵνα
298 1080 336 1155 μὴ
361 1076 544 1156 εἰσακοιίηται,
569 1077 646 1136 ἀλλὰ
661 1079 739 1151 μενεῖ
758 1074 804 1135 καὶ
826 1077 856 1134 το
881 1076 1015 1156 ἔγγραφον
1036 1097 1097 1155 μου,
1121 1078 1187 1156 όπερ
1209 1079 1276 1156 πρός
1299 1078 1377 1136 αυτόν
1402 1073 1528 1155 ἐποίησα,

230 1199 329 1282 ἄκυρον
359 1199 406 1260 καί
436 1198 577 1274 ἀβέβαιον.
612 1199 735 1277 γενέσθω
769 1197 800 1257 δὲ
826 1197 873 1257 καὶ
907 1199 937 1257 ιδ
971 1199 1079 1258 τυπικδν
1113 1195 1174 1278 περὶ
1204 1205 1253 1274 τῆς
1286 1197 1452 1275 ψαλμῳδίας
1482 1203 1528 1257 τοῦ

232 1323 310 1400 ἁγίου
337 1321 436 1396 Σάββα
462 1319 509 1379 καὶ
535 1319 719 1398 κρατείτωσαν
747 1319 772 1378 οί
803 1319 921 1396 μοναχοὶ
949 1319 998 1392 τὴν
1029 1318 1192 1379 ἀκολουθίαν
1220 1321 1321 1380 τοθτου.
1352 1319 1528 1394 ἐπελαθόμην

231 1442 262 1502 δὲ
286 1443 315 1501 ἐν
338 1448 371 1524 τῇ
396 1449 510 1520 μυοτικῄ
538 1461 590 1516 μου
616 1439 746 1522 γεγονυίᾳ
772 1441 902 1520 πρότερον
927 1440 1042 1522 διαθήκῃ
1065 1446 1110 1499 τοῦ
1134 1437 1265 1512 ἀναπάξοιι
1288 1439 1335 1500 καὶ
1356 1445 1443 1501 τοῦτο’
1470 1440 1529 1499 ἐπεὶ

230 1564 284 1644 γὰρ
307 1563 462 1637 όάοίδιμος
483 1561 530 1621 καὶ
553 1562 715 1638 ἀείμνηστος
739 1561 877 1639 βασιλεὺς,
898 1566 972 1640 κῦρις
995 1562 1149 1641 Νικηφόρος
1171 1564 1394 1642 όΒοτανειάτης,
1420 1561 1528 1642 ἐδωρή-

232 1690 296 1746 σατό
313 1705 359 1759 μοι
375 1684 419 1743 διὰ
434 1684 520 1759 τιμίου
535 1682 740 1762 χρυσοβοθλλου
763 1686 843 1742 αὐτοίι
865 1685 894 1742 πθ
914 1679 1025 1768 [τόπιον]
1049 1684 1077 1742 ἐν
1096 1683 1204 1765 τῇΚῴ,
1227 1685 1257 1742 τδ
1276 1683 1349 1760 Πηλὶ
1365 1685 1530 1764 λεγόμενον,

232 1805 279 1866 καὶ
305 1801 338 1865 τά
357 1808 528 1886 Καστριοινοθ
551 1805 595 1863 σθν
618 1803 664 1864 καὶ
688 1804 726 1883 τῷ
748 1804 900 1885 προαστείῳ
922 1810 968 1865 τοῦ
989 1806 1150 1886 Περιπάτου,
1175 1807 1240 1866 ἔνθα
1262 1807 1290 1865 ἐν
1315 1807 1386 1886 αθτῷ
1409 1809 1426 1882 ἡ
1450 1808 1528 1886 ὑπερ-

233 1928 300 2006 αγία
326 1927 464 1999 Θεστόκος
487 1929 552 1998 ναός
580 1927 701 1987 ἔκπαλαι
724 1929 848 2006 Ιὐπάργεη
878 1929 1044 1988 καστέλλιον
1068 1928 1244 2008 ἱδρυσάμενος
1273 1927 1320 1988 καὶ
1347 1931 1433 2003 μονὴν
1462 1929 1530 1988 ἀπσ-

233 2052 404 2124 κατοιατησοις
431 2048 535 2129 ἀνδρῶν
566 2049 693 2124 είιλαβῶν
719 2049 765 2109 καί
787 2053 980 2130 προσκυρώσας
1005 2052 1032 2110 ἐν
1056 2053 1123 2133 αὐτῇ
1146 2056 1179 2131 τῇ
1203 2057 1273 2132 μονῇ
1296 2051 1329 2110 τά
1350 2051 1532 2129 περιελθόντα

235 2192 280 2245 μοι
302 2173 451 2251 προάστεια
474 2171 520 2231 δίιο
545 2171 696 2250 βεστάρχου
719 2175 763 2231 τοῦ
786 2171 1009 2252 Καβαλλουρίου,
1032 2173 1062 2230 το
1086 2171 1275 2247 Ἀναβασίδιον
1297 2171 1343 2231 καὶ
1366 2172 1428 2242 τοὺς
1450 2173 1530 2252 Παρ-

235 2293 405 2371 διασμένους,
428 2290 475 2351 καί
503 2294 583 2372 έτερα
608 2294 756 2371 προάστεια
782 2293 815 2350 τὰ
842 2293 1021 2372 περιελθόντα
1048 2313 1094 2368 μοι
1117 2294 1191 2374 παρὰ
1213 2299 1266 2352 τῶν
1289 2293 1470 2373 φιλογρίστων
1493 2291 1531 2363 εἰς

236 2414 284 2489 τἠν
310 2414 434 2488 τοιαύτην
462 2415 561 2492 μονήν,
591 2413 643 2472 ἀπό
671 2433 701 2472 τε
729 2412 839 2494 δωρεῶν
863 2413 909 2473 καί
933 2413 1102 2494 ἀγορασιιῖιν,
1129 2415 1163 2474 τὰ
1189 2414 1305 2488 πλησίον
1332 2422 1381 2491 τῆς
1407 2416 1531 2491 τοιαύτης

238 2541 325 2612 μονῆς
348 2537 513 2617 ὑπάρχοντα.
538 2536 595 2594 ἀντ’
620 2536 702 2610 αὑτῆς
726 2535 756 2594 δὲ
783 2541 833 2610 τῆς
856 2536 885 2594 ἐν
907 2542 940 2617 τῇ
963 2535 1015 2614 Κῷ
1038 2543 1123 2612 μονῆς
1147 2533 1276 2608 δεδωκώς
1299 2558 1344 2612 μοι
1367 2537 1381 2596 θ
1403 2539 1532 2615 κραταιός

236 2655 283 2718 καί
310 2659 388 2735 ἅγιος
414 2658 494 2732 ἡμῶν
522 2656 664 2734 βασιλεὺς,
692 2661 766 2736 κῡρις
790 2653 918 2729 Ἀλέξισς
941 2659 956 2714 ό
978 2658 1133 2738 Κομνηνός,
1156 2659 1204 2733 τὴν
1227 2665 1309 2734 νῆσον
1333 2659 1459 2739 Πάτμον,
1487 2657 1532 2718 καὶ

236 2779 447 2854 ἀναλαβόμενος
470 2780 518 2852 τὴν
542 2777 668 2857 ῥηθεῖσαν
692 2779 777 2853 μονὴ-ν
799 2784 848 2853 τῆς
871 2779 1022 2858 θπεραγίας
1044 2777 1182 2840 Θεοτόκου
1204 2786 1253 2856 τῆς
1276 2780 1304 2839 ἐν
1327 2787 1360 2862 τῇ
1384 2781 1433 2861 Κῷ
1465 2781 1533 2856 μετὰ

237 2909 291 2961 τῶν
315 2873 344 2960 ἐν
365 2902 431 2982 αθτη
453 2901 631 2979 προαστείων,
654 2900 866 2978 προσδοκοῦντος
890 2899 997 2978 ἰσχῦσαι
1020 2906 1066 2960 τοῦ
1090 2902 1310 2976 ἀποκαταστῆσαι
1335 2901 1419 2978 μανίην
1444 2903 1473 2962 ἐν
1496 2901 1532 2978 τῷ

237 3022 388 3098 δηλωθέντι
415 3023 498 3100 νησίιρ
525 3028 574 3097 τῆς
603 3022 731 3096 Πάτμου·
761 3021 806 3080 θιά
833 3022 864 3081 δὲ
887 3023 918 3080 τό
941 3017 1010 3081 εἶναι
1032 3024 1062 3082 τ“ο
1089 3025 1207 3082 τοιοῦτον
1235 3022 1337 3099 νησίον,
1364 3024 1382 3096 ἡ
1412 3021 1531 3100 Πάιμος,

237 3146 343 3222 άοικον,
380 3144 592 3224 κουρσευόμενον
629 3145 703 3222 παρά
736 3164 765 3202 τε
802 3149 854 3202 τῶν
894 3144 1066 3224 Ἂγαρηνῶν,
1103 3149 1157 3203 τῶν
1194 3145 1360 3225 κουρσαρίων
1397 3143 1445 3206 καὶ
1481 3151 1532 3204 τῶν

236 3266 364 3346 Τοίρκων
392 3263 438 3324 καί
468 3265 543 3344 παρὰ
569 3267 675 3323 πάντων
707 3263 972 3344 αίχμαλωτίζεσθαι,
1004 3265 1125 3338 δεδιότες
1156 3266 1180 3326 οἱ
1212 3265 1338 3346 μοναχοὶ,
1370 3268 1416 3338 οθς
1447 3262 1532 3346 εἶχεν,

240 3387 376 3466 ἀπέφυγον
404 3387 452 3445 ἀπ’
480 3386 556 3461 ἐμοῦ,
585 3385 623 3460 μὴ
650 3387 805 3458 πεισθέντες
832 3393 993 3462 κατοικῆσαι
1021 3389 1049 3446 ἐν
1072 3395 1105 3470 τῇ
1130 3389 1245 3467 Πάτμῳ,
1273 3389 1472 3460 καταλιπόντες
1500 3409 1532 3463 με

238 3511 335 3587 μόνον,
362 3507 409 3568 καί
437 3507 482 3567 διὰ
508 3511 584 3567 τοῦτο
613 3506 652 3580 είς
679 3509 709 3566 τό
738 3506 914 3587 εθσπλαγχον
941 3508 988 3568 καί
1010 3511 1144 3588 γαλήνιον
1171 3514 1271 3590 κράτος
1297 3513 1460 3590 καταφεύγω
1488 3519 1532 3586 τῆς

238 3629 443 3710 θεοπροβλήτου
470 3627 517 3688 καὶ
544 3627 626 3707 ἁγίας
654 3628 797 3702 βασιλείας
825 3632 917 3710 αθτοῡ,
946 3631 990 3690 ἵνα
1017 3633 1055 3704 ὡς
1078 3632 1111 3691 ἐκ
1134 3634 1195 3692 θεοῦ
1223 3631 1395 3710 όδηγουμένη
1422 3633 1441 3706 ἡ
1470 3631 1532 3710 ἁγία

239 3749 366 3825 βασιλεία
394 3752 472 3810 αὐτοῦ
500 3749 656 3830 δωρήσηταί
679 3773 725 3825 μοι
752 3754 798 3810 καί
826 3753 906 3824 αθτθς
932 3754 981 3827 τὴν
1009 3753 1136 3834 ῥηθεῖσαν
1164 3773 1216 3828 μου
1244 3756 1344 3829 μονήν,
1372 3754 1422 3828 τὴν
1450 3753 1532 3832 ὑπερ-

240 3873 320 3951 αγίαν
348 3871 487 3932 Θεοτόκον
518 3873 566 3946 τὴν
595 3871 624 3930 ἐν
650 3878 683 3953 τῇ
712 3872 772 3953 Κῷ,
799 3879 853 3932 τῶν
881 3874 1056 3952 Καστριανῶν
1084 3873 1131 3933 καὶ
1159 3873 1233 3950 Πηλὶ
1264 3875 1437 3954 λεγομένην,
1466 3873 1532 3949 μετὰ

239 3993 287 4054 καὶ
313 3999 365 4052 τῶν
394 3991 544 4072 εἰρημένων
570 3993 737 4072 προαστείων
760 3996 852 4074 αίιιῆς,
883 3999 929 4053 τοῦ
951 4015 980 4053 τε
1009 3996 1161 4075 βεστάρχου
1183 3995 1216 4055 τὰ
1244 3996 1291 4054 δίο
1318 3994 1365 4055 καί
1391 3995 1424 4054 τά
1451 3997 1532 4056 λοιπά

239 4116 272 4175 τὰ
294 4115 411 4190 πλησίον
436 4115 517 4191 αὐτῆς
540 4119 589 4192 τῆς
617 4121 714 4193 μονῆς,
742 4117 757 4174 ό
781 4117 840 4194 ἔχω
863 4116 915 4175 ἀπδ
944 4116 1050 4196 δωρεάς
1076 4121 1122 4175 τοῦ
1144 4117 1283 4196 Λιμνίτφυ,
1310 4119 1341 4176 τδ
1364 4117 1531 4196 Χαρδάμιον,

239 4235 286 4297 καὶ
308 4237 343 4295 τά
365 4235 450 4296 λοιπά
472 4237 505 4294 τά
531 4236 647 4312 πλησίον
676 4238 768 4315 αὐτῆς,
792 4237 837 4295 σὺν
860 4236 898 4315 τῷ
925 4237 1055 4318 χωραφίῳ
1082 4247 1135 4297 τῶν
1158 4237 1338 4316 Κομματίων,
1366 4237 1413 4298 καί
1436 4241 1451 4298 θ
1480 4241 1531 4316 ἔχω

241 4358 271 4430 ἐξ
294 4357 443 4436 ἀγορασίας
465 4363 510 4417 τοῦ
532 4359 687 4437 Βεργιίιτου,
710 4357 757 4418 καί
779 4360 809 4417 τ“ο
836 4363 882 4417 τοῦ
906 4359 1073 4438 Περιπάτου,
1097 4361 1254 4438 γενομένων
1282 4361 1531 4436 συμπεπαθημένων

239 4477 286 4538 καί
308 4479 460 4558 λογισίμων
483 4487 531 4556 της
555 4479 636 4557 άγίας
660 4480 802 4554 βασιλείας
826 4480 914 4558 αὐτοῦ,
930 4481 1022 4552 καθὼς
1043 4479 1090 4539 καί
1106 4481 1159 4538 ἀπό
1181 4484 1227 4540 τοῦ
1250 4484 1531 4560 προμνημσνευθέντος

242 4601 389 4682 βασιλέως,
412 4605 493 4680 κυροϋ
514 4601 667 4680 Νικηφόρου
690 4607 735 4660 τοῦ
751 4603 940 4681 Βοτανειάτου,
964 4602 1097 4679 λογίσιμοι
1117 4601 1164 4661 καί
1188 4604 1422 4676 συμπεποιθημένοι
1445 4599 1531 4680 εἶχον·
