3184 5288
1295 381 1337 444 95

141 573 302 652 γΕύθοκεῖ
318 576 344 650 ’ἡ
373 571 501 650 βασιλεία
531 595 593 656 μου,
626 574 741 653 ψυχικὸν
771 573 867 656 αύτῆς,
901 573 1079 656 προσκαθίσαι
1113 576 1143 634 ἐν
1176 578 1231 647 τοῖς
1261 575 1337 645 ἐντθς

54 695 220 770 δηλουμένοις
250 695 334 776 τρισὶν
364 693 503 770 ἀκινήτοις
532 697 622 775 ύμῶν,
657 697 764 775 ἑκάστῳ
799 699 900 776 αὐτῶν,
935 693 986 756 ἀνὰ
1014 697 1162 776 παροίκους
1194 698 1336 776 τέσσαρας,

53 817 198 897 ἐλευθέρους
228 820 320 892 μέντοι
346 817 393 878 καὶ
421 817 541 898 ἀτελεῖς,
570 818 616 878 καὶ
645 821 714 895 μήτε
737 825 789 895 γῆν
814 816 883 878 ἰδίαν
911 819 1035 898 ἔχοντας,
1063 819 1133 894 μήτε
1161 818 1338 894 δημοσιακοῑς

52 939 158 1017 χιρτύοις
186 939 432 1020 ἐγγεγραμμένους
458 937 505 1000 καί
533 936 774 1012 ἐξακουσσεύεοθαι
802 940 910 1012 τούτους
937 940 989 1000 άπθ
1016 942 1106 1016 πάσης
1132 937 1179 1000 καὶ
1208 939 1337 1010 παντοίας

54 1060 168 1140 ἐπηρείας
199 1059 247 1120 καί
274 1060 427 1142 άγγαρείας
453 1059 500 1120 καὶ
523 1061 576 1120 ἀπὸ
598 1061 699 1132 παντθς
723 1060 891 1138 ἐημοσιακού
914 1060 1012 1131 τέλους
1034 1059 1080 1121 καί
1103 1060 1213 1140 βάρους,
1241 1064 1285 1120 νύν
1307 1081 1336 1120 τε

52 1181 124 1240 άντων
139 1181 185 1242 καί
206 1181 348 1262 ἐσύστερον
369 1183 634 1262 ἐπινοηθησομένων,
651 1179 737 1242 εἶκαὶ
757 1183 796 1257 μὴ
813 1182 902 1262 ῥητῶς
917 1181 963 1242 καί
978 1183 1046 1262 προς
1060 1182 1149 1258 ὄνομα
1168 1179 1195 1240 αί
1212 1181 1337 1262 ἐπηρειαι

53 1311 125 1364 :isat
148 1304 271 1364 ἐνταυθοῖ
293 1303 504 1386 άναγράρονται,
526 1311 575 1380 της
597 1304 734 1384 παρούσης
753 1303 861 1376 λύσεως
879 1305 1029 1386 προσούσης
1047 1305 1108 1381 ύμῖν
1130 1302 1168 1376 εἰς
1187 1303 1338 1382 ἀσφάλειαν

51 1427 88 1484 καὶ
116 1427 170 1497 τοῖς
202 1425 274 1486 κατὰ
304 1425 399 1506 καιρὸν
431 1427 595 1506 πράκτορσιν
629 1425 876 1501 ύποδεικνυσμένης
906 1423 953 1486 καί
980 1425 1042 1497 τούς
1073 1423 1246 1505 δωρηθέντας
1274 1423 1335 1500 ύμῖν

52 1545 150 1606 λύθεκα
174 1547 322 1628 παροίκους
351 1547 381 1606 ἐν
407 1549 464 1618 τοῖς
491 1545 573 1626 τρισίν
600 1546 737 1622 ἀκινήτοις
760 1546 835 1622 ὑμῶν
863 1546 1041 1626 διατηρσύσης
1063 1547 1266 1624 άνενσχλήτους
1287 1543 1336 1606 καί

53 1665 190 1748 Ξυωτέρους
212 1671 302 1744 πάσης
325 1667 497 1744 θημοοισικῆς
519 1673 695 1748 συνεισρσρᾶς
716 1665 763 1728 καὶ
785 1662 924 1748 ἐπηρείας.
948 1670 969 1748 †

140 1791 226 1870 1ηΤύ
257 1789 310 1852 δέ·
342 1788 422 1866 μηνὶ
452 1787 568 1868 ίουλίῳ
592 1787 799 1860 ίνθικτιῶνος
823 1787 856 1868 ζ’,
888 1789 932 1848 δι’
957 1789 1102 1869 ἐρυθρῶν
1130 1791 1335 1870 γραμμάτων

51 1915 98 1970 τοῦ
121 1915 278 1990 κραταιοῦ
304 1910 360 1972 καί
390 1911 487 1990 άγίου
517 1911 610 1986 ἡμῶν
641 1910 824 1990 βασιλέως,
855 1909 911 1970 καὶ
938 1911 956 1984 ἡ
985 1909 1038 1970 διὰ
1064 1913 1166 1990 κηροῦ
1193 1911 1337 1986 συνήθης

51 2033 229 2134 νιιαιίητ

139 2155 363 2235 Κατεστριύθη
387 2153 463 2230 μηνί
495 2154 664 2234 αύγούστῳ
687 2153 744 2232 κζ’,
778 2152 988 2224 ίνδικτιῶνσς
1015 2151 1038 2224 ζ’
1065 2151 1154 2233 παρὰ
1175 2157 1230 2212 τοῦ
1253 2151 1335 2232 Σερ-

51 2271 168 2361 βίιλίου]
193 2273 356 2336 Ἰωάννου.

139 2397 361 2476 Κατεστράιθη
389 2395 444 2456 διὰ
469 2401 524 2456 τού
547 2395 772 2476 Ἀρταβάσδου
804 2395 883 2472 μηνὶ
910 2395 1081 2474 αύγούστῳ
1107 2393 1166 2474 κζ’,
1198 2393 1335 2455 ίνθικτι-

51 2521 157 2591 ιῖινοςζ

138 2631 361 2720 Κατεστριύθη
396 2639 432 2698 ἐν
465 2637 512 2716 τῷ
546 2639 692 2720 σεκρέτῳ
727 2642 789 2698 τοῦ
828 2638 981 2717 μεγάλου
1016 2638 1241 2718 λογοριαοτού
1274 2641 1336 2698 τού

52 2761 115 2820 λίολ
137 2811 144 2824 .
169 2807 177 2822 .
203 2809 210 2824 .
236 2807 243 2824 .
267 2760 351 2820 κατὰ
373 2761 431 2836 τὴν
453 2758 501 2831 κζ’
523 2763 578 2820 τού
601 2761 783 2838 αύγούστσυ
806 2761 911 2836 μηνος
933 2765 992 2836 τῆς
1014 2757 1036 2830 ζ’
1062 2757 1280 2830 ἰνθικτιῶνσς.

138 2883 363 2961 Κατεστριύθη
391 2882 425 2941 ἐν
451 2879 494 2960 τῷ
521 2881 668 2960 σεκρέτῳ
698 2883 753 2940 τοῦ
785 2878 836 2940 ἐπὶ
862 2883 918 2940 τοῦ
949 2879 1145 2960 βεστιαρίσυ
1174 2879 1252 2956 μηνὶ
1279 2882 1334 2940 αύ-

50 3005 159 3085 γούστῳ
181 3003 240 3086 κζ’,
266 3003 476 3074 ἱνδικτιῶνος
499 3001 534 3072 ζ’.

138 3125 364 3204 Κατεστριύθη
395 3122 444 3195 εἰς
476 3122 511 3182 τὸ
545 3123 703 3202 σέκρετσν
736 3126 791 3181 τοῦ
825 3119 980 3202 μεγάλου
1014 3122 1240 3204 λογαριαστσῡ
1272 3129 1335 3182 τῶν

52 3247 162 3325 εύσγιῖιν
185 3249 355 3328 σεκρέτων
378 3243 459 3324 μηνί
483 3245 669 3324 αύγούστῳ,
694 3241 902 3316 ίνθικτιῶνσς
924 3242 957 3316 ζ’.

138 3371 360 3450 Κατεστριύθη
396 3369 432 3428 ἐν
461 3367 507 3447 τῷ
544 3367 691 3447 σεκρέτῳ
726 3372 791 3442 τῆς
828 3366 1008 3444 βασιλικῆς
1045 3367 1221 3442 οακέλλης
1257 3366 1335 3443 μηνὶ

52 3491 260 3572 σεπτεμβρίῳ,
285 3489 497 3562 ίνδικτιῶνος
519 3485 556 3564 η’.

139 3613 351 3694 ἠΓεώργιος
385 3613 400 3670 ὁ
433 3612 588 3692 Πλευρῆς
624 3611 665 3670 τὰ
701 3611 848 3690 παρόντα
885 3609 946 3670 ίσα
983 3611 1066 3686 μετὰ
1102 3617 1171 3670 τῶν
1208 3631 1334 3692 πρωτο-

55 3732 143 3792 τύπων
163 3733 357 3808 άντιβαλὼν
378 3732 434 3793 καὶ
456 3733 541 3792 κατὰ
567 3729 673 3791 πάντα
701 3731 803 3812 εύρὼν
826 3731 980 3802 ἰσάζοντα
1003 3733 1259 3814 ύπέγραψακαί
1282 3735 1334 3793 ἐσ-

57 3857 180 3931 Ι,υράγισα
201 3855 353 3916 κάτωθεν
377 3852 424 3926 είς
447 3853 643 3932 βεβαίωσιν,
667 3852 744 3930 μηνί
767 3848 868 3932 μαίῳ,
892 3851 1101 3925 ίνδικτιῶνος
1123 3853 1150 3930 η’
1174 3855 1204 3933 †.

144 3983 300 4054 Eoeemplar.
327 3983 401 4036 Hor.
424 3999 474 4036 ιιτο
491 3984 541 4036 60.
565 3973 603 4052 η’.

191 4267 318 4333 ΧΧΙΠ.
343 4265 568 4352 6626-1118,
592 4267 635 4332 25
658 4265 709 4332 die
732 4267 850 4331 mensis
873 4269 1011 4352 augusti,
1034 4267 1099 4332 ind.
1123 4267 1181 4332 XI.

62 4429 228 4488 (bntroversia
247 4435 280 4488 de
299 4453 374 4505 αηυα
392 4436 463 4487 inter
483 4435 627 4488 Λοίιίίίίυπι
647 4433 810 4487 Limenitam
833 4438 857 4486 e!
876 4432 979 4486 ιἰιαοίαε
998 4433 1053 4486 vici
1070 4433 1175 4486 Ment'ci
1196 4433 1224 4486 ιή
1244 4434 1335 4488 ιἰιειιίιι

564 4539 643 4592 Orela
663 4538 810 4592 dirimitur.

147 4705 165 4779 ἐ
187 4707 356 4786 Ἀχίλλιος
378 4708 394 4764 ὁ
417 4707 599 4782 Λιμενίτης
622 4703 731 4787 οἰκείᾳ
752 4702 841 4784 χειρί
862 4701 1041 4784 προέταξα.
1065 4705 1087 4783 †
