3228 5294
1285 359 1324 424 31

49 553 189 631 εργάζεται.
233 549 281 611 καὶ
307 551 353 612 διά
378 555 455 614 τοῦτο
483 548 524 622 εἰς
549 552 635 627 μέσον
661 551 727 624 στάς
748 551 792 612 ἐπ’
807 551 870 631 δψει
892 557 937 614 τοῦ
959 558 1105 629 τηνικαῦτα
1125 554 1329 632 παρατυχόντος

49 673 100 748 ἡμῖν
128 669 269 754 συνεδρίου
296 671 443 754 ἱερωτάτου
471 674 521 748 την
546 693 577 732 τε
602 671 763 754 παραίτησιν
784 678 834 750 της
860 672 963 748 οἰκείας
991 671 1080 757 ἀρχῆς
1106 676 1251 756 ἐγγράφως
1276 695 1328 734 κε-

48 795 133 868 ιέμικε
162 793 211 854 καὶ
241 795 276 854 τά
302 797 437 875 προσόντα
465 794 551 874 τούτῳ
580 793 634 854 τῶν
662 796 715 884 πρθ
740 795 820 872 ἡμῶν
847 797 1004 876 ἁγιωτάτων
1032 797 1182 878 ἀρχιερέων
1205 795 1329 878 έγγραφα

48 911 218 996 ὑπεδείκνυεν,
241 913 325 990 ἀξιών
348 916 416 993 ὁμοῦ
435 915 487 992 μὲν
504 914 552 977 καὶ
566 922 617 993 της
638 917 821 997 ἠγουμενεῦας
841 923 891 994 τῆς
914 919 1040 999 ῥηθεέσης
1060 925 1147 996 μονῆς
1161 923 1208 979 τοῦ
1223 921 1329 1000 Λάτρου

49 1038 87 1113 τὴν
105 1039 233 1119 πρόνοιαν
256 1039 331 1114 ἡμᾶς
351 1039 524 1120 ποιήσασθαι,
546 1039 615 1114 ὁμοῦ
638 1037 669 1098 δέ
691 1037 738 1099 καὶ
759 1037 793 1100 τὰ
817 1039 1047 1121 ἐπιβραβευθέντα
1061 1040 1133 1121 αθτῷ
1147 1040 1330 1122 πατριαρχικά

49 1159 160 1240 ἔγγρσφα
182 1163 214 1221 τδ
236 1163 318 1242 κῦρος
343 1163 422 1240 σχεῖν
449 1159 620 1242 ἰσχυρότατόν
647 1181 676 1222 τε
703 1160 750 1222 καὶ
776 1163 875 1240 πάγιον
905 1161 940 1222 δι’
964 1163 1157 1240 ῦπομνήματος
1185 1163 1328 1243 ἡμετέρου.

47 1279 85 1340 καὶ
104 1281 289 1364 προσεδέξατο
310 1287 404 1344 τοῦτον
425 1285 443 1359 ἡ
467 1285 610 1366 μετριέτης
631 1285 710 1360 ἡμῶν
734 1285 917 1360 εθμενέστατα
937 1282 985 1346 καὶ
1004 1286 1034 1346 τδ
1055 1285 1167 1359 ἐντελὲς
1186 1291 1219 1367 τῇ
1238 1286 1330 1346 τοῦτου

48 1402 127 1479 δεήσει
151 1407 248 1484 τάχιον
275 1405 436 1488 ἐχαρίσατο·
468 1404 528 1466 ἐπεὶ
557 1405 611 1487 γάρ
637 1407 700 1486 περί
726 1425 757 1466 τε
781 1411 836 1468 τῶν
857 1405 937 1488 ἱερῶν
959 1413 1009 1484 τῆς
1029 1409 1155 1484 τοιαῦτης
1177 1411 1263 1484 μονῆς
1284 1405 1331 1468 καὶ
1394 1434 1397 1442 ’

46 1533 91 1586 τῶν
110 1527 275 1606 λεγομένων
297 1527 457 1588 ἀποκεῖσθαι
480 1527 510 1587 ἐν
531 1528 614 1608 τσάντη
637 1526 723 1588 εἴκοσι
744 1532 790 1589 τοῦ
811 1527 920 1610 χρυσίου
942 1529 1052 1612 λιτρῶν,
1080 1529 1119 1590 έτι
1146 1527 1177 1590 δέ
1203 1527 1251 1590 καὶ
1276 1533 1330 1588 τῶν
1397 1601 1399 1606 ¹

48 1649 171 1732 ἐνταθτῃ
194 1655 228 1732 τῇ
252 1648 373 1724 βασιλίδι
394 1655 449 1709 τῶν
470 1651 582 1724 πάλειην
610 1656 811 1730 στεγονομικῶν
838 1647 1006 1734 οἰκημάτων,
1034 1651 1161 1728 ἐζήτηται
1187 1653 1333 1724 τηνικαῦτα

46 1769 86 1830 καὶ
106 1770 301 1847 δεδοκίμασται
322 1771 370 1832 καὶ
390 1774 491 1846 παντδς
514 1773 650 1854 άνώτερος
670 1769 839 1852 ἀναπέφηνεν
859 1771 1027 1854 αἰτιάματος,
1050 1775 1089 1847 ὡς
1103 1775 1218 1852 Χριστοῦ
1233 1772 1332 1844 δοῦλος

45 1891 226 1969 ἀληθέστατος
248 1895 263 1954 ἀ
285 1894 487 1970 εθλαβέστατος
509 1897 632 1974 μοναχδς
646 1895 856 1978 Χριστάδοσλος,
880 1895 1026 1972 σημείωμα
1045 1895 1077 1956 δέ
1095 1893 1268 1978 προβέβηκεν
1288 1893 1332 1956 ἐπὶ

44 2021 72 2094 α]
92 2017 204 2098 τοιαθτη
223 2015 369 2096 διαγνώσει
388 2017 514 2100 ουνοδικῇ
534 2019 564 2078 τθ
584 2017 729 2098 ἐλεύθερον
749 2017 835 2098 τούτῳ
849 2017 1070 2107 περιποιοθμενον
1085 2015 1132 2078 καθ
1147 2017 1332 2096 άνενάχλητον

44 2139 179 2200 πάντοθεν.
227 2139 371 2215 ἑπομένως
392 2137 440 2200 καὶ
461 2140 480 2215 ἡ
503 2141 646 2220 μετριότης
667 2141 746 2216 ἡμῶν
768 2139 799 2200 τό
821 2159 851 2200 τε
873 2142 994 2220 γεγαρδν
1015 2138 1062 2200 καὶ
1085 2139 1232 2216 σεβάσμιον
1254 2139 1333 2200 τοῦδε

42 2264 81 2318 τοῦ
99 2259 203 2342 ἀνδρὸς
225 2260 260 2321 δι’
276 2259 368 2334 αἰδοῦς
390 2257 505 2342 ἄγουσα,
527 2263 648 2338 μάλιστα
670 2261 701 2322 δέ
723 2259 771 2322 καὶ
792 2262 826 2322 τά
848 2261 964 2343 ρηθέντα
986 2267 1038 2322 τῶν
1060 2261 1113 2342 πρθ
1134 2263 1213 2336 ἡμῶν
1235 2281 1332 2343 πατρι-

44 2389 130 2460 αρχῶν
155 2384 283 2464 ἐγγραφα
306 2383 443 2466 εθρηκυῑα,
472 2385 503 2444 τό
530 2405 562 2444 τε
593 2384 738 2460 ὑπόμνημα
767 2388 813 2444 τοῦ
840 2385 991 2462 ἀγιωτάτου
1011 2387 1092 2464 κυροῦ
1114 2384 1214 2460 Κοσμοῖ
1235 2380 1282 2444 καὶ
1304 2383 1334 2443 τδ

42 2511 82 2564 τοῦ
102 2509 188 2587 κυροῦ
212 2505 374 2588 Εθστραάου
395 2505 534 2567 συνοδικθν
557 2506 703 2582 σημείωμα
712 2503 734 2587 ¹)
756 2511 810 2566 πᾶν
833 2503 861 2564 εἴ
879 2527 904 2566 τι
926 2505 1076 2566 κάλλιπον
1102 2499 1188 2585 τοῦτῳ
1214 2505 1334 2586 ἐπιμαρ-

42 2630 166 2706 τυροῦντα
184 2627 234 2688 καὶ
252 2629 283 2688 τδ
302 2625 485 2706 ἀνεπίληπτον
504 2629 713 2709 περιποιοῦμενα
734 2628 875 2706 πάντοθεν,
900 2627 1043 2708 διορῦζεται
1064 2631 1111 2688 τοῦ
1132 2627 1240 2708 λοιποῦ,
1264 2629 1334 2704 μήτε

40 2749 89 2807 σῦν
109 2751 197 2832 ἱερῶν
219 2752 314 2812 ἕνεκεν
334 2757 385 2827 τῆς
407 2757 494 2829 μονῆς
515 2755 561 2812 τοῦ
583 2753 700 2832 Δάτρου,
728 2753 797 2827 μήτε
823 2754 877 2810 τῶν
903 2749 1066 2826 λεγομένων
1094 2751 1181 2826 μάτην
1203 2749 1265 2810 κατ’
1281 2749 1334 2826 ἐμ-

40 2873 154 2932 τάθειαν
177 2873 297 2956 φανεράν
318 2874 456 2954 προσεῖναί
477 2889 544 2933 ποτε
568 2872 597 2932 ἐν
625 2875 691 2954 αθιῆ
718 2871 803 2932 εἴκοσι
828 2871 927 2951 λιτρῶν
956 2875 1003 2931 τοῦ
1031 2871 1151 2953 χρυσίου,
1182 2873 1251 2947 μήτε
1281 2872 1336 2947 μὴν

41 3001 90 3054 τῶν
112 2997 255 3076 ῥηθέντων
277 3001 477 3074 στεγονομικιῖνν
500 2991 657 3072 οἰκημάτων
679 2994 795 3072 ὄχλησίν
815 3014 875 3054 τινα
897 2995 943 3052 τδν
966 2991 1105 3068 αἰδέσιμον
1124 2991 1226 3054 τουτονὶ
1246 3015 1335 3069 μονα-

39 3119 87 3193 χέν
110 3117 316 3198 Χριστάδουλον
337 3119 402 3198 παρ’
418 3117 584 3193 οἱασδήτινος
605 3118 748 3197 προσώπου
770 3114 924 3195 ὑφίστασθαι
947 3117 964 3189 ἢ
987 3115 1089 3193 λόγους
1114 3115 1214 3176 τοῦπων
1242 3118 1335 3176 ἕνεκεν

40 3239 111 3312 Ξλως
135 3241 254 3320 ὑπέχειν
275 3239 325 3301 τινὶ
347 3247 402 3300 τῶν
424 3241 559 3319 ἁπάντων,
583 3235 651 3299 ἀλλ’
667 3237 853 3316 ἀνενὸχλητον
874 3240 961 3314 πάντη
980 3235 1026 3296 καὶ
1049 3237 1253 3313 ἀκαταζήτητον
1273 3235 1336 3296 δια-

40 3363 129 3434 μένειν
153 3361 206 3423 καὶ
227 3365 317 3440 πάσης
338 3369 388 3439 της
410 3361 517 3423 οῦασοῦν
541 3357 677 3442 ἀνώτερον
697 3361 870 3437 συζητήσεως
888 3359 942 3419 ἀπο
960 3380 989 3420 τε
1005 3365 1058 3418 τῶν
1074 3359 1135 3436 μεθ’
1150 3360 1226 3434 ἡμᾶς
1239 3379 1337 3440 πατρι-

40 3485 132 3563 ιιρχιῖιν
155 3484 207 3546 καὶ
230 3489 278 3546 τοῦ
297 3483 369 3545 κατὰ
390 3485 501 3566 καιροὺς
522 3483 730 3565 χαρτοφῦλακος
751 3481 798 3542 καὶ
820 3485 867 3542 τοῦ
889 3483 989 3562 μέρους
1010 3484 1057 3542 τοῦ
1076 3481 1194 3541 τοιοῦτου
1209 3483 1338 3562 σενρέτου

39 3605 82 3665 καὶ
103 3615 162 3668 ’σῦν
186 3608 238 3682 τὴν
260 3607 441 3686 ἡγουμενείαν
462 3608 573 3688 ὓστερον
595 3603 804 3682 ἀναδεξαμένων
828 3611 876 3681 τῆς
897 3605 1021 3680 τοιαθτης
1043 3609 1130 3680 μονῆς
1148 3607 1167 3679 ἦ
1186 3610 1240 3664 τῶν
1260 3601 1337 3666 οἰκο-

40 3731 128 3804 νέμων
151 3735 173 3806 ἢ
196 3735 253 3790 τῶν
276 3731 319 3789 ὑπ’
335 3729 418 3806 αὐιὴν
441 3735 572 3807 μοναχών
593 3731 612 3803 ἢ
635 3729 795 3808 ἑτέρουτοῦ
817 3725 981 3803 οῑουδήτινος
1003 3729 1147 3806 προσώπου
1166 3725 1339 3801 λαληθέντος

42 3852 155 3914 ἐνταῦθα
179 3856 201 3928 ἢ
223 3853 491 3934 πορασιωπηθέντος,
515 3853 554 3924 ὡς
576 3849 775 3932 ἐλευθεριάζειν
796 3845 926 3921 καθάπαξ
948 3847 1103 3929 ὀφείλοντος
1124 3847 1202 3908 τοῦδε
1224 3851 1270 3909 τοῦ
1290 3867 1338 3907 σε-

40 3974 156 4053 βασμίου
182 3974 292 4056 ἀνδρὸς.
338 3974 381 4035 διδ
409 3972 456 4034 καὶ
485 3975 542 4045 τοῖς
569 3972 632 4048 μεθ’
653 3973 727 4048 ἡμᾶς
755 3971 895 4047 ἐσομένοις
917 3971 1079 4050 ἁγιωτάτοις
1100 3970 1255 4051 ἀρχιερεῦσι
1276 3969 1340 4029 θεοῦ

42 4097 68 4156 ἐν
88 4100 165 4180 ἁγίῳ
189 4097 415 4180 παρσγγυώμεθα
435 4096 567 4171 πνεῦματι
588 4096 635 4153 τὸν
656 4093 711 4152 άπδ
733 4097 783 4169 τῆς
805 4094 963 4174 ζωαρχικῆς
989 4091 1036 4152 καὶ
1065 4090 1203 4173 μακαρίας
1231 4090 1341 4173 τριάδος

42 4221 141 4297 ἀεσμδν
172 4220 276 4281 ἀλυτον
299 4219 389 4290 αθτοῑς
412 4218 585 4297 ἐπιτιθέντες,
607 4219 677 4276 ώστε
700 4215 843 4275 πάντατὰ
868 4215 934 4295 παρ’
955 4213 1036 4290 ἡμῶν
1062 4208 1263 4293 ᾠκονομημένα
1289 4212 1341 4272 ἀν-

41 4341 188 4404 αλλοίωτα
211 4339 260 4402 καὶ
282 4340 506 4422 ἀπαρεγχείρητα
527 4345 687 4419 συντηρῆσαι
710 4336 756 4398 καὶ
776 4335 847 4414 μηδὲ
866 4338 897 4397 τδ
917 4337 1084 4417 βραχύτατον
1100 4335 1187 4395 αθτῶν
1203 4334 1341 4416 ἀκυρῶσαι

39 4717 142 4790 μηνὸς
169 4709 296 4772 ἰουνέου
318 4707 527 4780 ἰνδικτιιῦνσς
549 4705 710 4786 δεκάτης,
734 4703 827 4773 έτους
859 4749 866 4764 .
898 4749 905 4762 .
938 4750 944 4762 .
1057 4748 1063 4761 .
1095 4747 1103 4762 .
1133 4703 1154 4782 †
