3184 5288
1270 406 1332 469 113

34 593 239 666 δικαιωμάτων.
275 590 299 650 εἰ
325 591 379 671 γὰρ
410 591 457 652 καὶ
487 593 501 650 ύ
525 592 610 676 ἐντῄ
640 595 789 669 ύπομυήσει
818 594 894 671 ύμιῖιν
924 595 1095 672 δηλούμενος
1124 597 1293 678 Ιίηγσνίτης,
1317 601 1332 658 ὸ

30 713 206 793 χρηματίσας
236 713 365 793 πράκτωρ
394 719 444 790 της
474 714 578 796 Σάμου,
608 717 639 775 ού
670 719 774 796 μικρῶς
803 715 888 798 ὑμᾶς,
919 717 957 790 ὡς
986 718 1168 798 ύπεμνήσστε,
1198 719 1332 794 ἀδικήσας

31 834 186 914 ύτὲδειγμα
213 835 312 896 ὡσανεί
337 836 473 897 κατέλιπε
498 842 547 912 της
573 837 636 897 καθ’
659 837 734 912 ύμιῗιν
762 835 870 910 ἀδικίας
897 839 946 914 τὴν
969 837 1070 900 οἰκείαν
1093 837 1198 922 πρᾶξιν,
1221 841 1288 902 ἀλλ’
1311 843 1329 916 ή

31 956 160 1029 βασιλεία
183 977 235 1034 μου
261 959 295 1018 τά
317 961 380 1018 καθ’
402 959 477 1035 ὑμῶν
504 957 568 1040 παρ’
594 959 697 1020 ἐκείνου
724 959 828 1032 ἀδίκως
854 961 993 1038 γενόμενα
1020 961 1058 1036 μή
1087 959 1127 1034 εἰς
1153 960 1330 1042 παράδειγμα

31 1081 139 1139 κεῖσθαι
170 1083 229 1152 τοῖς
263 1081 323 1156 μετ’
354 1081 434 1140 οιύτδν
468 1081 624 1158 βουλομένη
659 1081 813 1164 διορίζεται,
847 1083 955 1160 μηδένα
987 1087 1033 1144 τού
1063 1083 1161 1144 λοιποῦ
1193 1085 1331 1162 τολμήσαι

32 1201 126 1261 άδικέν
148 1223 174 1262 τι
196 1201 244 1262 καὶ
268 1202 462 1282 ἐπηρεαστικδν
485 1204 548 1264 καθ’
571 1204 646 1280 ὑμῶν
676 1202 855 1286 ἐνδειξασθαι,
884 1203 907 1266 εί
936 1205 973 1282 μὴ
997 1205 1126 1282 βούλεται
1148 1207 1163 1264 δ
1185 1205 1259 1288 παρά
1280 1207 1330 1282 την

30 1328 168 1403 παροῦσαν
199 1324 276 1384 λύσιν
298 1329 347 1399 τῆς
378 1323 522 1399 βασιλείας
545 1345 597 1401 μου
626 1326 774 1402 τολμήσων
802 1333 923 1408 ποιῆσαι,
953 1329 1005 1387 κάν
1034 1329 1106 1399 ὅστις
1135 1330 1168 1388 ἀν
1197 1325 1244 1388 καὶ
1275 1327 1328 1408 ε’ίη,

30 1445 149 1526 σφοδρᾶς
178 1447 338 1526 πειραθῆναι
365 1451 414 1522 τῆς
442 1447 475 1506 ἐκ
502 1453 551 1524 τῆς
582 1446 726 1522 βασιλείας
748 1469 800 1524 μου
830 1448 1045 1528 ἀγανακτήσεως
1074 1447 1121 1509 καίΙ
1148 1450 1177 1510 τδ
1201 1445 1232 1522 ἐξ
1254 1451 1328 1525 ὑμῶν

31 1569 133 1642 ἀδίκως
160 1567 305 1648 ἀφαιρεθὲν
335 1565 373 1640 εἰς
400 1569 431 1628 τδ
453 1569 651 1648 τετραπλάσιον
674 1570 853 1650 ἀναστρέψαι.
881 1569 929 1630 καὶ
955 1571 1094 1650 προσέστω
1117 1577 1150 1654 τῇ
1172 1571 1235 1631 καθ’
1258 1571 1328 1646 ύμάς

30 1697 99 1772 μονῇ
134 1692 153 1766 ή
187 1693 311 1770 παρούσα
343 1690 420 1762 λύσις
453 1695 502 1766 τῆς
536 1690 679 1766 βασιλείας
715 1711 766 1768 μου
800 1689 840 1764 εἰς
874 1693 1029 1772 ἀποτροπήν
1062 1697 1116 1752 τῶν
1151 1693 1328 1768 βουλομένων

31 1811 131 1870 ἀδικεῖν
153 1809 201 1871 καὶ
225 1811 385 1891 ἐπηρεάζειν
412 1811 493 1893 ὑμᾶς,
522 1811 717 1892 ἐμφανίζεσθαι
744 1811 890 1892 ὀφείλουσα
915 1813 1019 1886 τούτοις
1041 1813 1087 1874 καὶ
1111 1808 1328 1895 ἀντιστρέφεσθαι

31 1933 104 2006 αὖθις
127 1935 188 2010 ύμῖν
212 1931 251 2006 εἰς
274 1933 444 2014 ἀσφάλειαν·
467 1935 488 2014 †

133 2057 154 2133 †
170 2051 254 2134 Εἶχε
269 2057 317 2115 τό·
335 2054 412 2131 μηνί
428 2055 639 2136 σεπτεμβρίῳ
654 2053 860 2129 ίνδικτιῶνος
877 2054 899 2127 ζ’
913 2056 952 2116 δι’
967 2055 1327 2138 ἐρυθρῶνγραμμάτων

30 2183 84 2237 τοῦ
115 2177 289 2254 βασιλέως
323 2171 409 2262 [καί]
442 2177 499 2254 τὴν
530 2176 584 2236 διὰ
612 2181 716 2258 κηρού
745 2179 868 2254 συνήθη
902 2176 1074 2258 σφραγῖδα.
1108 2179 1158 2236 τί·
1189 2178 1243 2238 διὰ
1271 2183 1327 2240 τού

33 2299 320 2380 Ἀγωθεοδωρίτου
336 2299 488 2378 Μιχαήλ.
511 2297 567 2358 καὶ
583 2299 710 2360 ἀνωθεν
725 2301 776 2360 τὸ·
799 2299 855 2360 διὰ
876 2303 931 2360 τού
955 2345 1090 2362 .....
1113 2302 1325 2382 κατεστρώθη

33 2422 63 2480 ἐν
92 2421 136 2500 τῷ
165 2423 311 2502 οεκρέτῳ
342 2425 397 2481 τού
424 2421 576 2502 μεγάλου
603 2420 828 2502 λογαριαστού
854 2421 938 2482 κατὰ
965 2427 1052 2498 μῆνα
1074 2397 1257 2503 θκτύβριον
1281 2421 1327 2481 ίν-

32 2542 209 2615 δικτιῶνος
235 2540 269 2614 ζ’.
296 2541 352 2603 καί
378 2539 527 2604 κάτωθεν
553 2545 608 2602 τό·
638 2541 691 2602 διδι
716 2547 772 2604 τού
798 2542 959 2604 Ἀλυάτου
982 2542 1086 2620 Θωμᾶ
1112 2546 1326 2625 κατεστρώθη

31 2666 62 2724 ἐν
87 2664 131 2744 τῷ
159 2666 307 2746 οεκρέτῳ
334 2667 389 2725 τού
420 2663 472 2726 ἐπὶ
501 2669 556 2724 τού
584 2663 774 2745 βεστιαρίου
800 2665 884 2725 κατὰ
914 2669 1001 2742 μῆνα
1030 2665 1212 2746 θκτιύβριον
1243 2663 1326 2726 ίνδι-

28 2793 165 2859 κτιῶνος
188 2786 221 2858 ζ’.
245 2789 267 2868 †

129 2911 150 2990 †
173 2909 222 2968 Τά
240 2909 386 2989 παρέντα
401 2907 456 2970 ίσα
477 2915 535 2985 τής
558 2929 592 2970 τε
615 2909 830 2985 ὑπομνήσεως
852 2914 914 2968 τῶν
938 2914 1088 2987 μοναχῶν
1111 2906 1250 2984 καὶτῆς
1274 2909 1321 2969 ἐπ’

32 3033 108 3114 αύτῇ
149 3028 385 3109 ἐξενεχθείσης
423 3029 517 3102 θείας
553 3028 614 3090 καὶ
654 3035 882 3111 προσκυνητῆς
920 3029 1104 3100 ἐπιλύσεως
1144 3030 1227 3106 μετὰ
1260 3035 1323 3089 τῶν

32 3154 295 3232 ἐμφανισθέντων
333 3171 394 3228 μοι
434 3151 652 3232 πρωτοτύπων
693 3151 881 3228 ἀντιβαλὼν
914 3150 975 3212 καὶ
1016 3149 1173 3222 ἰσάζοντα
1211 3151 1325 3232 εύρὼν

29 3275 209 3356 ύπέγραψα.
234 3275 256 3354 †

130 3396 436 3476 ήΚωνσταντῖνος,
460 3395 475 3453 ὁ
498 3394 640 3470 εύτελὴς
664 3393 844 3466 ἐπίσκοπος
867 3396 983 3476 Λέρου.
1008 3395 1029 3474 †

131 3524 282 3594 Εεσειπρίατ
304 3523 389 3578 chart.
415 3521 491 3577 Hor.
516 3523 557 3578 ΙΙ.
580 3541 631 3576 nro
658 3523 685 3578 6.

248 3809 375 3875 XXIX.
401 3807 626 3894 6667-1158,
650 3831 760 3874 mense
784 3807 906 3874 octobri
929 3807 993 3874 ind.
1018 3807 1092 3873 VII.

36 3957 194 4014 Ρσιτίστσίια
218 3961 309 4014 [meas
327 3958 520 4029 Οίιπμσοίισνροσ
541 3958 638 4012 κ’ίιικιιιι
661 3956 801 4026 confimat
823 3957 973 4010 libertatem
995 3962 1019 4010 et
1042 3956 1085 4008 ίαυ
1107 3955 1324 4025 σίαιινορερὶσυιιι

131 4249 151 4330 †
174 4247 207 4310 Εί
232 4249 264 4310 δέ
278 4245 326 4308 καί
340 4247 421 4308 πόλιν
435 4265 475 4319 τις
498 4245 600 4326 ἐχυρὰν
623 4245 667 4306 ἐπὶ
688 4247 788 4326 πέτρας
811 4244 947 4324 ίδρύσαιτσ
970 4241 1017 4304 καὶ
1039 4246 1132 4322 τεῖχος
1155 4245 1222 4326 αύιῇ
1244 4263 1323 4323 περι-

35 4367 121 4443 θήσειε
143 4369 190 4431 καὶ
212 4369 404 4450 περιτειχίσειε
425 4365 473 4428 καὶ
495 4369 612 4449 πύργους
634 4367 820 4445 ὑψηλοτάτους
847 4365 983 4446 σοφίσαιτο
1012 4363 1059 4425 καί
1086 4361 1204 4444 φάραγξι
1226 4365 1324 4440 ταύτην

35 4489 150 4564 βαθείαις
179 4490 227 4552 καὶ
248 4495 358 4572 τάφροις
380 4489 475 4570 κύκλῳ
502 4489 733 4568 κατασφαλίοαιτο
760 4487 807 4549 καί
828 4488 1001 4566 πανταχόθεν
1023 4488 1053 4546 τδ
1076 4485 1218 4547 ἀνάλωτον
1240 4485 1324 4568 ταύτῃ

35 4611 235 4694 ἐτιβραβεύσειε
257 4611 304 4673 καὶ
328 4611 456 4690 δαψιλέσι
478 4609 525 4670 καὶ
547 4609 700 4690 φιλοτίμοις
727 4609 892 4687 ἀναλώμασι
918 4607 1071 4691 χαρίσαιτο,
1100 4603 1159 4668 εἶτα
1181 4605 1324 4683 πολεμίων

35 4733 125 4812 ἐρύδου
150 4735 304 4815 γενομένης
329 4733 422 4814 λάθρα
447 4753 487 4805 τις
516 4737 570 4792 τῶν
601 4731 630 4791 ἐν
660 4737 693 4814 τῇ
723 4731 804 4792 πέλει
834 4733 937 4804 τούτοις
964 4730 1107 4806 ὁμιλήσειε
1133 4727 1181 4790 καί
1207 4727 1325 4798 πυλίδας

1083 4852 1099 4899 8
