3162 5278
1260 337 1322 402 351

38 523 92 584 κίπί
112 524 162 600 ιήν
184 525 337 606 ἀκρώρειαν
359 533 410 602 τῆς
431 546 460 586 τε
484 529 598 608 θόραθεν
621 528 779 607 ηιλσσορίας
800 525 848 588 καὶ
869 533 919 604 τῆς
940 528 1004 588 καθ’
1026 531 1101 604 ἡμᾶς
1123 528 1201 610 ἱεράς
1221 531 1324 592 θεολο-

38 647 90 722 γὶας
116 645 290 722 ἐληλακότες
319 645 366 708 καί
393 654 443 724 πῆς
469 655 619 727 πρακτικῆς
647 650 746 730 άρετῖης
774 649 996 731 πρωταγωνισταί
1024 650 1168 730 γενόμενοι
1195 653 1324 729 μέγιστον

38 767 114 839 κλέος
135 768 212 848 παρὰ
233 773 313 829 πᾶσιν
335 769 436 850 ἤραντο
458 767 505 830 καί
527 769 566 848 τῷ
588 772 663 850 γένει
686 771 865 850 κοινωφελείς
887 772 1023 850 ὤφθησαν.
1051 772 1125 832 ταῦτ’
1146 774 1198 852 άρα
1221 773 1325 854 φροντὶς

37 886 83 962 ήδη
104 889 267 966 κατεβλήθη
290 891 365 972 παρὰ
387 897 435 968 τῆς
458 892 521 952 καθ’
544 893 619 968 ήμάς
640 896 687 953 τοῦ
710 893 828 971 Χριστοῦ
850 893 979 972 μεγάλης
1003 893 1153 970 ἐκκλησίας
1176 894 1325 975 ἀνερευνη-

38 1031 74 1069 σαι
98 1010 131 1070 τά
157 1011 218 1070 κατ’
240 1011 302 1072 αἰστδ
332 1016 420 1074 πάντα
447 1011 682 1092 ἐξακριβῶσασθαί
703 1033 733 1073 τε
760 1011 807 1074 καί
834 1016 1012 1090 σισπήσασθαι
1039 1015 1104 1076 κάπί
1133 1017 1163 1075 τδ
1193 1018 1324 1095 κρεῖττον,

36 1125 51 1210 ᾖ
71 1132 189 1212 δυνατόν,
212 1133 398 1214 ἐπαναγαγεῖν
420 1137 488 1216 πρδς
510 1135 602 1211 κοινήν
624 1139 670 1196 τοῦ
692 1137 788 1214 γένους
810 1137 958 1216 ὠφέλειαι.
986 1136 1033 1196 καὶ
1056 1135 1091 1212 δὴ
1114 1139 1324 1216 μεταπεμφθέν-

37 1273 75 1326 τες
94 1259 140 1314 τοῦ
164 1254 194 1314 ἐν
217 1255 289 1334 αθτῳ
311 1255 482 1334 λογιωτάτου
506 1257 684 1338 διδασκάλου,
707 1263 756 1338 κῦρ
777 1259 932 1340 Βαοιλείου,
955 1259 1066 1340 ἐγένετο
1090 1259 1206 1340 ἀκριβής
1230 1260 1325 1340 ἔρευνα

36 1375 158 1454 περὶτῆς
180 1381 376 1450 καταστάσεως
399 1379 547 1440 αὐτοῦκαὶ
570 1377 605 1454 δή
627 1377 674 1439 καί
695 1385 750 1439 τῶν
771 1383 925 1460 προσόντων
946 1379 994 1440 καὶ
1016 1381 1172 1456 ἀνηκόντων
1195 1381 1267 1460 οἰστῷ
1287 1380 1326 1460 τῷ

37 1497 227 1580 ρρονιιστηρίῳ,
250 1499 375 1576 νομίμως
389 1521 420 1562 τι
440 1501 486 1561 καί
509 1501 634 1580 εθλόγως
658 1502 759 1562 ἔκαστοι
783 1501 897 1584 διῃτήθη
920 1500 967 1562 καὶ
991 1502 1130 1582 άπεράνθη
1153 1509 1231 1584 κοινῇ
1247 1504 1326 1579 ήμῶν

37 1620 154 1702 πσιοδικῇ
178 1620 334 1700 διαγνώσει.
365 1620 412 1682 καί
432 1629 539 1702 πρῶτον
563 1623 614 1698 μέν
636 1620 697 1702 περί
719 1628 769 1698 τῆς
792 1623 821 1682 ἐν
845 1622 916 1700 οἰστῷ
940 1621 1088 1703 διαδοχῆς,
1111 1625 1146 1698 ἣν
1169 1621 1327 1702 προῦβαλεν

37 1741 157 1819 όρηθείς
180 1741 363 1822 διδάσκαλος,
390 1747 439 1822 κῦρ
463 1742 624 1824 Βαοιλειος,
653 1743 800 1824 προτείνων
827 1743 1001 1804 κωδίκελλόν
1024 1765 1093 1822 τινα,
1122 1743 1170 1804 εἰτ’
1195 1741 1240 1804 σίνν
1264 1742 1327 1803 δια«

36 1863 115 1940 θήκην
144 1867 192 1924 τοῦ
223 1862 252 1922 ἐν
283 1864 405 1948 μακαρίρ
434 1871 467 1947 τῇ
496 1861 579 1941 λήξει
605 1866 756 1944 γινομένω
787 1863 965 1938 διδασκάλου,
992 1869 1042 1944 κῦρ
1065 1865 1226 1946 Γερασίμου,
1255 1866 1327 1938 όστις

37 1985 140 2044 σῶτόθεν
172 1987 272 2066 άκυρσς
305 1985 352 2046 καί
382 1985 526 2068 άνίσχυρσς
555 1987 646 2066 ῶρθη,
677 1988 716 2060 ῶς
746 1987 785 2062 μὴ
816 1983 938 2067 συνᾴδων
968 1989 1025 2058 τοῖς
1054 1987 1138 2059 θείοις
1167 1981 1214 2046 καί
1244 1985 1328 2068 ίεροῖς

35 2109 122 2166 κανόσι
151 2105 199 2167 καί
225 2107 380 2180 πολιτικαῖς
406 2109 517 2184 νόμοις·
540 2112 587 2169 τοῦ
613 2109 668 2188 γάρ
694 2107 870 2168 κωδικέλλου
899 2107 942 2168 ίπί
969 2109 1051 2168 πέντε
1080 2109 1222 2189 μαρτῦρων
1253 2128 1326 2168 συνι-

36 2232 163 2306 σταμένου
189 2229 237 2290 καί
265 2229 437 2310 ἀναπληροῦν
464 2229 515 2306 μέν
541 2231 571 2290 τδ
596 2230 726 2291 ἐλλεῖπον
752 2236 786 2310 τῇ
814 2229 931 2312 διαθήκῃ
959 2231 1032 2308 ρίισιν
1061 2229 1187 2308 ἔχοντος,
1215 2231 1246 2292 οθ
1273 2230 1327 2306 μὴν

37 2350 63 2409 δὲ
88 2351 263 2430 κλτρονόμον
284 2355 303 2426 ή
327 2351 555 2433 άποκληρσνόμσν
582 2353 720 2432 καθιστάν,
749 2352 815 2432 ῦπαρ
842 2351 871 2410 ἐν
900 2350 1043 2426 διαθήκαις
1069 2351 1183 2431 γίνεται,
1213 2352 1228 2410 ό
1255 2371 1326 2432 προ-

36 2471 208 2548 βαλλόμενος
230 2475 335 2554 χάρτης
358 2473 408 2533 ὑπό
429 2477 475 2532 τοῦ
499 2473 627 2553 ῥηθέντος
649 2470 826 2554 διδασκάλου,
850 2475 898 2552 κῦρ
923 2472 1077 2551 Βασιλείαν,
1107 2473 1260 2554 ἀμάριυρος
1290 2475 1328 2532 ῶν

36 2593 82 2672 οἰχ
110 2593 165 2668 ἔξει
187 2596 218 2654 τδ
242 2589 381 2656 εἶναικαὶ
404 2595 536 2672 λέγεσθαι
559 2593 735 2666 κωδίκελλος
756 2593 828 2654 κατὰ
850 2597 958 2668 νόμους.
984 2591 1007 2654 εἰ
1031 2592 1131 2654 δὲκαὶ
1154 2593 1329 2667 κωδίκελλος

36 2715 171 2792 1ἰποιεθείη
202 2717 233 2776 τδ
262 2716 370 2777 τέλειον
401 2717 484 2794 ἔχων,
519 2717 549 2776 οδ
578 2715 653 2796 παρὰ
686 2719 763 2776 τοῦτο
793 2715 967 2794 κληρονόμον
1000 2712 1139 2788 ἀποδείξει
1169 2716 1329 2792 τηλικούτου

36 2840 184 2919 κτήματος,
209 2839 275 2918 ὅπερ
298 2839 338 2898 ότι
360 2837 410 2898 σῦκ
430 2835 510 2915 ίδισν,
534 2837 613 2897 ἀλλὰ
634 2837 724 2896 κοινδν
747 2837 863 2915 ῦπάρχει
885 2838 1050 2914 τοῦγένους
1073 2836 1210 2916 δηλονότι,
1239 2837 1330 2912 ἐῶμεν

36 2957 86 3035 ήδη
115 2959 220 3038 λέγειν.
256 2957 324 3018 ἀλλ’
349 2957 372 3019 εἰ
401 2957 448 3019 καί
480 2959 596 3036 διαθήκη
626 2958 732 3037 ὑπῆρχε
760 2955 866 3034 τελεία,
898 2955 977 3017 οῦδὲν
1007 2959 1040 3016 δν
1071 2953 1131 3035 είχε
1161 2961 1255 3038 κῦρος,
1290 2959 1330 3030 ῶς

38 3076 173 3163 απᾴδουσα
196 3083 253 3153 τοῖς
274 3080 358 3162 ἰεροῖς
380 3081 499 3141 κανόσιν·
524 3079 619 3140 αἰιτίκα
641 3079 696 3160 γὰρ
718 3081 732 3138 ό
751 3077 782 3154 ς’
805 3080 896 3140 κοινῶν
919 3085 969 3156 πῆς
992 3077 1020 3138 ἐν
1043 3079 1329 3140 Κωνσταντινσυπόλει

36 3206 140 3283 πρῶιης
166 3203 215 3264 καί
242 3203 371 3285 δευτέρας
398 3202 479 3282 άγίας
506 3201 616 3263 συνόδου
644 3203 732 3283 ῥητῶς
759 3202 827 3262 οῦτω
851 3199 992 3274 διέξεισιν·
1020 3201 1057 3262 «ό
1085 3203 1200 3276 μονάσαι
1225 3201 1329 3276 βουλό-

38 3345 115 3398 μενος
144 3325 208 3405 περὶ
237 3331 301 3402 τῶν,
321 3325 416 3384 έαιτοῶ
440 3326 571 3404 πρότερον
599 3322 772 3384 διατιθέσθω·
801 3323 871 3398 μετὰ
893 3323 948 3403 γάρ
974 3326 1004 3384 τδ
1027 3326 1144 3399 μονιίσαι
1170 3329 1225 3382 τῶν
1249 3324 1329 3383 αθτοῦ

37 3451 137 3508 πάντων
165 3449 297 3528 κυριεῦσαι
323 3449 354 3508 πθ
381 3451 592 3526 μσναοτήριον».
623 3449 680 3519 τοῖς
703 3447 727 3507 δ’
750 3445 834 3526 ἱεροῖς
856 3447 951 3506 κανόσι
977 3443 1026 3506 καί
1048 3443 1073 3504 σί
1094 3442 1230 3506 πολιτικοί
1251 3445 1330 3521 νόμοι

39 3573 235 3648 πιμράοκοντες
262 3569 411 3648 φαίνονται·
439 3567 502 3648 φασί
524 3569 578 3649 γάρ
601 3571 639 3640 ῶς
670 3569 702 3628 «ό
725 3567 841 3644 μέλλων
864 3565 974 3628 εἰσιέναι
1002 3566 1042 3639 εἰς
1065 3569 1243 3647 μσναστήριον
1267 3566 1330 3628 δια-

37 3687 144 3752 τιθέσθω
166 3691 202 3752 τὰ
223 3691 287 3751 καθ’
303 3691 398 3752 έαυτδν
420 3692 471 3770 προ
494 3696 544 3768 ιῆς
566 3689 672 3752 εἰσόδου
694 3693 740 3752 τοῦ
764 3692 854 3770 αὺτοῦ,
879 3689 939 3750 έπεί
961 3692 1156 3770 προσκυροῦται
1178 3687 1218 3766 τῷ
1241 3707 1331 3764 μονα-

39 3812 131 3893 πηρίῳ
160 3815 251 3874 πάντα
275 3813 310 3872 τὰ
337 3813 426 3888 αἰιτοῦ,
457 3815 509 3872 κάν
539 3813 578 3888 μὴ
602 3813 690 3893 ῥητῶς
713 3814 822 3892 φήσειεν
851 3809 1009 3890 εἰσαγαγεῖν
1037 3812 1115 3888 αἰπά,
1142 3808 1189 3869 καί
1215 3810 1265 3870 οῦκ
1293 3809 1330 3870 ἔτι

40 3933 107 3995 ἔσται
129 3935 192 3994 κατ’
209 3935 307 3994 οθθένα
328 3937 426 4014 τρόπον
448 3935 539 4012 κίιριος
562 3935 680 3996 αὐτῶν».
706 3933 766 3993 όδὲ
791 3933 942 4014 μακαρίτης
966 3931 1081 4010 ἰκτῖνος,
1103 3935 1152 4010 κῦρ
1169 3930 1331 4009 ίέράσιμσς,

38 4060 80 4114 τοῦ
107 4059 194 4137 χοροῦ
223 4059 278 4114 τῶν
308 4056 479 4130 μοναζόντων
509 4051 632 4136 ὑπάρξας
665 4059 724 4126 πῶς
754 4056 787 4114 άν
818 4054 957 4114 διαθέσθαι
983 4055 1080 4124 καλῶς
1112 4046 1198 4132 εἶχεν,
1232 4045 1270 4110 ῶν
1301 4052 1332 4110 αθ

39 4175 125 4256 κῦριος
151 4177 274 4256 ῦπῆρχες
305 4173 352 4236 καί
378 4179 462 4236 ταῦτα
490 4175 519 4235 έν
545 4177 686 4256 πράγματι
713 4175 807 4254 κοινῷ,
840 4169 942 4245 οὗτινος
973 4172 1033 4235 οὔτε
1061 4173 1180 4252 ἐκεῖνος,
1211 4171 1272 4232 οὔτε
1301 4173 1332 4232 τδ

40 4302 225 4378 μονασπήριον,
254 4295 310 4359 αὖτ’
332 4297 421 4370 σίλλος
443 4317 483 4369 τις
506 4295 664 4368 ἰδιαζόντως
686 4295 823 4377 δεσπόσει,
845 4297 885 4355 ότι
908 4296 948 4371 μὴ
970 4297 988 4370 ή
1010 4295 1074 4355 καθ’
1096 4295 1172 4370 ήμάς
1192 4297 1239 4354 τοῦ
1262 4293 1333 4373 Χρι-

39 4425 95 4480 στοῦ
119 4420 233 4500 μεγάλη
257 4419 402 4498 ἐκκλησία,
426 4421 465 4492 ῶς
483 4419 547 4500 παρ’
564 4417 682 4492 εθσεβῶν
705 4415 752 4476 καί
774 4416 909 4496 ριλοθέων
932 4413 1037 4496 ἀνδρῶν
1060 4414 1332 4494 άνσικσδομηθέντος,

39 4543 97 4622 παρ’
126 4543 225 4603 σίλλων
255 4541 286 4601 δὲ
316 4539 418 4617 δμοίως
446 4541 661 4622 προικισθέντος,
691 4540 842 4616 χρημάτων
868 4557 898 4596 τε
928 4535 975 4596 καί
1008 4535 1122 4612 βιβλίων
1152 4535 1332 4596 παντοδαπῶν

40 4661 188 4738 άναθέμασι
218 4665 286 4742 προς
315 4661 409 4736 κοινὴν
438 4665 486 4722 τοῦ
514 4661 611 4738 γένους
640 4659 786 4738 ῶρέλειοιν.
821 4657 846 4717 α’
875 4657 975 4739 άκῦρου
1001 4658 1087 4718 τοίνυν
1116 4655 1164 4718 καί
1191 4656 1333 4738 άνισχῦρσυ
