3184 5288
1287 377 1347 440 145

65 558 228 636 ίιςάρραῖον
257 557 304 618 καὶ
331 563 532 640 πεπειραμένον
561 561 672 635 μᾶλλον
702 561 776 638 ὑμῶν
803 563 872 644 δντι,
904 564 1021 644 όφείλεις
1051 565 1082 624 δέ
1112 567 1158 624 καί
1188 567 1231 646 σῦ,
1262 571 1347 649 πάτερ

62 678 103 738 καί
127 679 236 760 ἀδελφέ,
265 682 373 759 μοναχὲ
400 687 460 762 κῦρι
488 684 618 763 Νεέφυτε,
648 686 685 756 ὡς
707 685 841 763 νσυνεχὴς
863 685 909 744 καὶ
932 689 1069 767 φρόνιμος,
1092 689 1156 748 θεοῦ
1178 691 1277 770 χάριτι,
1300 689 1347 749 καὶ

62 803 164 880 γηραιός
177 801 232 878 ἤδη
248 806 388 883 παραινεῖν
406 799 473 890 [καί]
492 805 629 866 διδάσκειν
644 806 677 865 τά
701 805 798 865 δέοντα
819 807 867 866 καὶ
890 809 1008 888 σωτήρια
1031 814 1120 889 πᾶσιν,
1143 811 1274 870 νουθετῶν
1299 813 1347 871 ἕνα

63 925 163 982 ἕκαστον
184 925 252 1003 πρδς
274 925 304 984 τό
328 931 413 986 σῶσαι
436 927 484 1001 τὴν
507 927 602 987 ἑαυτοῦ
625 929 724 1006 ψυχή.
749 927 778 986 ἐν
803 928 833 987 δὲ
856 929 894 1004 τῷ
917 931 1051 1008 κατωγίῳ
1074 933 1120 991 τοῦ
1143 932 1210 1006 ἐμοῦ
1232 931 1347 992 κελλίου

61 1045 150 1122 ίφειλει
172 1041 242 1106 εἶναι
262 1048 416 1126 δμοναχδς
435 1053 510 1128 κῦρις
526 1051 669 1122 Ματθαῖος
691 1049 738 1111 καὶ
762 1051 857 1131 ίερεῦς,
889 1054 981 1124 καθὼς
1003 1052 1050 1112 καί
1073 1053 1184 1132 ένεστιν,
1209 1055 1280 1129 μετά
1302 1058 1347 1114 τοῦ

60 1173 171 1246 μονσχοῦ
194 1175 275 1250 κυροῖ
299 1169 420 1232 Παύλου.
444 1173 507 1244 τοῦς
530 1171 560 1231 δὲ
588 1173 669 1254 ἱερεῖς
697 1176 818 1245 ἅπαντας
846 1174 971 1253 δφειλετε
998 1181 1077 1251 τιμᾶν
1100 1175 1146 1235 καί
1169 1176 1278 1252 ἀγαπᾶν
1300 1175 1347 1236 καί

59 1297 105 1348 τάν
126 1291 209 1366 σέβας
232 1292 378 1370 ἀπονέμειν
402 1295 491 1366 αὐτοῖς
518 1295 588 1354 κατά
615 1295 663 1370 τὴν
690 1299 736 1355 τοῦ
762 1297 826 1356 θεοῦ
854 1295 977 1376 ἐντολήν,
1006 1298 1044 1368 ὡς
1072 1297 1166 1367 αῦτοῦς
1194 1297 1348 1369 ἀντιτῦιιους

59 1413 127 1483 ἔντος
153 1413 202 1473 καί
221 1415 296 1488 ὑμῶν
320 1414 505 1486 διδασκάλους
528 1415 574 1476 καὶ
597 1417 757 1494 καθηγητὰς
780 1417 902 1477 καὶτῶν
926 1413 1069 1497 ἀχράντων
1092 1423 1138 1478 τοῦ
1161 1420 1223 1478 θεοῦ
1247 1439 1347 1494 μυστη-

57 1533 113 1612 ρίων
134 1537 297 1612 μεταδότας.
327 1539 341 1596 ό
367 1535 398 1596 δὲ
420 1541 593 1609 ταπεινόνους
620 1541 743 1616 μοναχδς
770 1543 844 1620 κῦρις
867 1539 963 1598 Κόνων
990 1539 1093 1618 δφειλει
1116 1535 1185 1600 εἶναι
1213 1541 1278 1600 ἔνθα
1300 1539 1347 1600 καὶ

54 1657 197 1734 πρόσεστιν,
223 1659 290 1738 πρός
317 1661 347 1718 δν
373 1657 420 1717 καί
447 1658 571 1737 δφείλετε
600 1659 675 1736 ἔχειν
703 1659 782 1734 τιμὴν
809 1659 855 1719 καί
884 1661 994 1738 ἀγάπην
1021 1659 1067 1720 καὶ
1095 1663 1165 1736 μετὰ
1187 1662 1346 1737 συμβουλῆς

56 1781 126 1838 ιῦτοῦ
155 1782 241 1839 ποιεῖν
269 1781 303 1838 τά
333 1778 445 1840 δέοντα·
478 1775 540 1840 οῖδα
569 1785 632 1862 γάρ,
667 1776 740 1862 οῖδα,
773 1783 814 1841 ότι
848 1781 977 1842 οῦδέπστε
1012 1781 1073 1858 ὑμῖν
1105 1783 1300 1858 συμβουλεύσει
1321 1805 1346 1844 τι

56 1896 167 1960 ἐναντίον
190 1902 205 1959 ό
227 1906 355 1982 τοιοῦτος,
378 1900 402 1961 εί
426 1903 463 1978 μὴ
492 1901 539 1962 καί
562 1903 673 1978 μᾶλλον
703 1904 737 1964 τά
763 1906 935 1984 προσήκοντα
964 1901 1010 1963 καὶ
1037 1904 1135 1964 δέοντα
1157 1903 1204 1964 καὶ
1227 1907 1346 1984 σωτήρια

54 2021 94 2079 καὶ
117 2025 237 2094 σώζοντα
259 2023 308 2094 τάς
331 2023 421 2101 ψυχὰς
443 2025 528 2098 ἀμῶν.
553 2025 582 2084 σὺ
606 2025 637 2084 δέ
672 2025 685 2082 ό
707 2025 810 2104 ἀδελφέ
833 2025 880 2084 καί
900 2027 1004 2104 τέκνον,
1026 2026 1132 2102 μοναχέ
1153 2026 1279 2084 Ματθαῖε
1298 2025 1345 2086 καί

54 2143 125 2204 υίωνὲ
154 2149 201 2204 τοῦ
232 2150 355 2223 μοναχοῦ
385 2149 466 2226 κυροῦ
493 2147 632 2220 Κόνωνος,
663 2147 713 2225 ἔχε
742 2153 832 2206 πᾶσαν
863 2145 981 2222 σπουδὴν
1011 2145 1057 2205 καί
1085 2147 1205 2222 ὑπακοὴν
1234 2147 1262 2206 ἐν
1290 2150 1346 2218 τοῖς

55 2266 162 2343 ,ίηθεῖσιν
190 2265 323 2346 ἀδελφοῖς
349 2265 396 2326 καὶ
419 2267 603 2346 διακονηταῖς,
632 2265 777 2347 ἐξαιρέτως
803 2271 870 2348 πρός
896 2270 941 2328 τδν
969 2269 1014 2327 σδν
1042 2269 1115 2328 θεῖον
1145 2267 1192 2328 καί
1220 2268 1345 2347 δεύτερον

53 2391 139 2466 γονέα,
160 2389 274 2467 ἀγαπῶν
291 2390 370 2448 αῦτδν
392 2387 439 2448 καί
460 2396 546 2464 τιμῶν
570 2390 598 2448 ἐν
621 2395 685 2448 πᾶσι
708 2387 755 2449 καὶ
776 2388 929 2464 ῦποικοῦων,
953 2388 1000 2448 καί
1023 2391 1061 2464 μὴ
1084 2395 1171 2471 φανῇς
1194 2390 1346 2466 ἀντιλέγων

54 2509 127 2588 ἀστῷ,
157 2511 201 2569 ἵνα
225 2511 263 2584 μὴ
291 2509 338 2569 καί
366 2509 446 2582 αῦτδς
473 2511 542 2586 μετὰ
568 2515 622 2570 τῶν
649 2511 877 2588 κακολογοῦντων
903 2513 1092 2590 καταταγήσῃ.
1121 2512 1157 2569 «ό
1180 2513 1234 2590 γάρ
1256 2531 1345 2570 κακο-

52 2632 161 2708 λογῶν»
195 2652 272 2709 φησι,
307 2634 435 2712 «πατέρα
464 2636 481 2704 ἢ
513 2633 618 2712 μητέρα
648 2633 755 2712 θανάτῳ
784 2633 872 2711 πικρῷ
902 2631 1087 2693 τελευτάτω.»
1121 2629 1168 2690 καί
1205 2631 1252 2690 ἐὰν
1283 2633 1345 2703 τοῦς

51 2755 187 2830 ταρκινοῦς
214 2758 307 2832 γονεῖς
337 2755 422 2825 οῦτως
449 2753 605 2832 δφειλωμεν
636 2759 725 2832 τιμάν,
756 2753 817 2824 τοῦς
846 2753 1043 2827 πνευματικσδς
1073 2751 1120 2812 καὶ
1149 2758 1345 2832 παραινοῦντας

49 2876 108 2948 ἡμῖν
130 2877 164 2934 τά
191 2875 291 2935 δέοντα
313 2873 359 2934 καὶ
383 2877 503 2955 σωτήρια
526 2883 584 2946 πῶς
607 2876 656 2936 οῦκ
679 2875 825 2954 ὀφείλομεν
848 2879 929 2950 τιμᾶν
951 2872 999 2934 καί
1022 2875 1051 2933 ἐν
1079 2879 1143 2933 πᾶσι
1170 2875 1267 2947 καλῶς
1295 2877 1344 2935 ῦπ-

51 2998 160 3077 τνοῦειν,
178 2999 210 3056 οῦ
225 2997 279 3078 γάρ
295 2995 475 3071 συμβουλεύει
490 3017 542 3074 σοι,
567 2996 671 3075 ἀδελφέ
695 3018 756 3076 μου,
781 2995 819 3068 είς
842 2997 927 3056 κακόν
950 3017 973 3054 τι
996 2993 1043 3054 καὶ
1066 2995 1244 3075 ἀνάρμοστον,
1268 2995 1344 3055 ἀλλά

49 3122 152 3200 ’χρῄζων
186 3118 235 3178 καί
266 3118 351 3196 διψῶν
377 3120 426 3193 τὴν
454 3119 587 3199 σωτηρίαν
615 3125 664 3193 τῆς
692 3125 741 3193 σῆς
768 3123 859 3195 ψυχῆς
886 3119 1013 3195 νουθετεῖ,
1045 3119 1179 3196 παραινεῖ,
1212 3115 1343 3198 διδάσκει,

49 3242 210 3320 παρακαλεῖ,
241 3242 310 3300 ἔστιν
338 3242 383 3300 ότε
410 3239 457 3300 καὶ
481 3239 638 3315 ἐπιπλήττει
669 3243 707 3311 ῶς
734 3240 823 3318 πατὴρ
845 3239 1005 3318 φιλότεκνος
1027 3237 1096 3297 ἴδιον
1118 3239 1222 3298 τέκνον.
1247 3238 1278 3297 οῦ
1302 3237 1343 3314 δέ,

49 3357 242 3440 ῦποθοῦμενε
270 3363 377 3440 μοναχὲ
405 3366 463 3442 κῦρι
487 3363 610 3442 Λεόντιε,
641 3361 774 3440 ἀγωνίζου
802 3361 830 3420 ἐν
853 3367 927 3438 πᾶσι,
955 3359 1002 3420 καὶ
1026 3361 1063 3434 μὴ
1087 3359 1202 3435 ἀμελῶς
1223 3361 1292 3438 πρδς
1313 3361 1344 3418 τό

49 3487 155 3558 κηπεῖον
189 3485 321 3562 διάκεισο,
349 3483 417 3544 ἀλλ’
443 3486 500 3563 ἄρτι
523 3481 612 3555 δεῖξον
634 3485 702 3562 πρδς
725 3484 788 3542 αάτδ
811 3489 899 3542 πᾶσαν
924 3482 1096 3560 ἐπιμέλειαν,
1120 3481 1274 3540 ῦποτάσσων
1298 3479 1344 3540 καί

50 3607 262 3682 ῦτοτασσόμενος
282 3611 363 3666 πᾶσιν
384 3605 413 3665 ἐν
432 3611 496 3665 πᾶσι
517 3607 623 3676 καλῶς.
648 3605 724 3679 ὑμεῖς
748 3605 790 3680 δέ,
813 3601 836 3662 ὦ
860 3603 1030 3680 διακονηταί,
1051 3603 1156 3680 μοναχὲ
1184 3607 1243 3682 κῦρι
1266 3602 1345 3674 Σάβα

49 3729 90 3787 καί
112 3731 142 3788 οῦ
165 3733 225 3809 κῦρι
251 3727 362 3806 Ἰωσήφ,
393 3727 564 3787 ἀναπαῦσατε
586 3731 679 3786 τοῦτον
704 3726 731 3784 ἐν
754 3731 818 3785 πᾶσι
840 3724 948 3806 καλῶς,
971 3727 1110 3800 ποιησάτω
1134 3724 1166 3782 δέ
1189 3725 1203 3782 ό
1226 3727 1344 3795 τοιοῦτος

50 3857 77 3930 τῇ
104 3852 247 3932 συνεργείᾳ
273 3851 348 3926 ὑμῶν
375 3849 515 3920 κελλίτζιν
544 3854 705 3928 μονομερῶς
731 3845 778 3908 καὶ
803 3848 830 3905 ἐν
855 3845 926 3924 αῦτῷ
950 3851 1033 3921 μόνος
1057 3844 1163 3904 οἰκείτω
1186 3842 1233 3904 καὶ
1255 3865 1344 3904 κατα-

50 3975 157 4045 μενέτω.
186 3973 263 4032 θέλω
289 3971 344 4052 γάρ
376 3973 455 4032 αὑτοῦ
484 3977 573 4030 πᾶσαν
604 3970 746 4048 ἀποδοχὴν
775 3969 822 4028 καί
854 3969 1000 4028 ἀνάπαυσιν
1030 3968 1167 4046 γενέσθαι,
1197 3969 1235 4037 ῶς
1267 3967 1344 4037 αθτδς

50 4094 118 4154 σείει
140 4095 190 4154 εει
212 4093 392 4171 ἀποδέχεται·
418 4093 446 4152 ἐν
463 4093 495 4152 δὲ
517 4093 556 4170 τῦ
579 4091 686 4171 τελῶν
708 4095 754 4152 τοῦ
778 4089 922 4171 εἰρημένου
945 4089 1066 4167 ἀδελφοῦ
1090 4089 1158 4147 ἔστω
1182 4088 1196 4145 ⁶
1220 4088 1342 4164 Μῦς

49 4220 115 4296 κῦρις
138 4217 253 4288 Παῦλος
279 4214 327 4276 καί
349 4217 364 4276 ό
387 4217 510 4293 μοναχδς
532 4219 607 4296 κῦρις
630 4215 770 4285 Μελέτιος
796 4212 842 4272 καί
870 4211 965 4292 ῖερεῦς.
990 4211 1053 4270 τόδε
1079 4211 1106 4269 τδ
1129 4215 1178 4284 τῆς
1207 4211 1341 4286 ῦπακοῆς,

49 4341 145 4418 τέκνον,
171 4341 296 4416 μοναχδς
319 4342 393 4417 κῦρις
415 4337 542 4408 Ἀκάκιος
565 4337 636 4398 ἔστω
660 4341 831 4411 σκυτοτομῶν
854 4332 901 4392 καί
924 4337 1117 4412 σκηνορραφῶν
1139 4336 1192 4390 τῶν
1216 4330 1343 4409 ἀδελφῶν

48 4461 78 4518 :i
98 4463 233 4540 καλήγια,
257 4461 295 4538 μὴ
318 4463 392 4539 παρά
414 4479 486 4530 τινος
509 4461 701 4534 σκωπτόμενος
723 4461 741 4533 ἢ
766 4457 904 4536 αὐστηρῶς
928 4454 1144 4529 ἐπιταττόμενος.
1169 4453 1183 4511 ό
1203 4451 1234 4511 δὲ
1255 4452 1343 4512 ἀδελ-

49 4587 91 4659 φός
113 4607 165 4661 μου
189 4583 333 4658 Ἰωάννης,
357 4579 380 4642 εί
403 4582 490 4658 θέλει,
517 4581 563 4640 καὶ
587 4583 601 4640 ό
625 4581 748 4657 μοναχδς
772 4581 900 4649 Λεόντιος
927 4576 1075 4650 καταβάτω
1098 4577 1165 4654 πρός
1186 4575 1232 4633 τδν
1255 4579 1343 4648 κῆπον

49 4705 89 4763 καὶ
116 4707 185 4765 ἔστω
212 4707 272 4781 μετ’
297 4706 376 4764 αῦτοῦ
403 4705 499 4774 καλῶς
528 4699 599 4778 αῦτῷ
625 4701 841 4776 ῦποταττόμενος
869 4699 897 4757 ἐν
924 4703 998 4776 πᾶσι,
1027 4697 1083 4754 ἀντ’
1109 4697 1189 4756 αῦτοῦ
1219 4695 1250 4754 δὲ
1276 4697 1343 4754 ἐστω

1102 4820 1133 4866 10
