3184 5288
1248 348 1307 411 141

35 534 185 612 θναλσγοῦσα
214 537 386 614 τρυιεράλων
412 536 590 616 παινουργίων
617 539 791 612 νομισμάτων
822 537 973 596 δεκαπέντε
1001 537 1129 598 έττέιτεινα
1158 545 1212 597 τῶν
1239 559 1310 620 προ-

35 654 232 714 έιστυπωθέντων
258 661 292 738 τῇ
320 657 386 738 αὐτῇ
414 663 484 738 μονῇ
510 659 712 737 τεσσαράκοντα
739 655 812 717 ότιτὼ
833 658 1004 737 τριπερσίλων
1027 659 1213 740 καινουργίων,
1238 657 1310 733 ἐξω-

35 779 148 852 ιτυμένων
176 775 258 837 είόῶν
284 777 331 838 ναὶ
358 780 517 860 όρισθέντων
545 779 752 854 όιαβιβόζεσθαι
778 779 825 840 ταὶ
852 781 951 841 τούτων
978 780 1219 862 σίτομμερτιεύτων,
1242 781 1312 842 ιιατόι

33 900 69 970 τὰς
86 901 247 978 τεριλήψεις
269 907 322 960 τῶν
344 900 406 982 περὶ
427 902 520 963 τούτου
541 903 696 981 προσόντων
717 909 751 984 τῇ
775 902 841 984 αὐτῇ
865 907 934 984 μονῇ
957 908 1149 982 προσκυνητῶν
1170 923 1311 984 προσταγι

35 1023 114 1101 μίτων,
140 1020 188 1080 καὶ
211 1022 392 1099 όεχθήσονται
412 1025 447 1083 ττί
460 1043 492 1083 τε
515 1019 712 1108 ό[οθησ]όμενα
734 1021 888 1099 νομίσματα
909 1021 957 1082 καὶ
978 1023 1012 1082 τὰ
1035 1022 1227 1102 ἀναλογοῦντα
1247 1025 1313 1104 ίατὲρ

34 1139 180 1222 νομμερνιίου
205 1146 263 1214 τοῖς
288 1141 491 1224 τεσσαράκοντα
517 1145 589 1205 όατιύ
617 1145 765 1220 νομίσμασι
792 1146 849 1216 τοῖς
875 1146 1070 1224 προτυπωθείσι
1098 1151 1132 1226 τῇ
1163 1152 1244 1228 μονῇ,
1275 1149 1314 1219 ὡς

34 1263 127 1340 εἴρηται,
154 1263 202 1326 παὶ
227 1269 285 1336 τοῖς
313 1266 345 1325 ἑτι
370 1273 425 1326 τῶν
452 1267 499 1328 δύο
521 1268 621 1348 λιτρῶν
645 1268 748 1346 ἑτέροις
771 1265 921 1326 δεκαπέντε
944 1262 1140 1351 [νο]μίσμασιν,
1165 1269 1203 1341 ὡς
1226 1267 1313 1343 δεθή-

33 1386 111 1445 “ιωται.
140 1385 200 1447 ἐπεὶ
227 1386 259 1446 a&
285 1387 324 1466 τῷ
352 1389 430 1468 μέρει
451 1394 501 1464 τῆς
527 1390 652 1465 τοιαύτης
680 1395 766 1464 μονῆς
792 1391 838 1448 τσῦ
860 1389 1041 1466 ἠγοπημένσυ
1064 1388 1218 1449 ἀποστόλου
1239 1411 1314 1469 παρ-

33 1509 94 1566 θένου
118 1507 165 1568 καὶ
193 1506 339 1588 Θεολόγου
365 1512 491 1590 πρόσεστι
518 1511 577 1569 θεία
604 1511 775 1591 προσκυνητὴ
799 1510 928 1585 βασιλικὴ
953 1509 1075 1582 ἐπίλυσις
1098 1504 1143 1570 ἐστὶ
1165 1509 1315 1586 ὑπομνήσει

33 1630 99 1706 σ’πῆς
128 1627 305 1708 ἐξενεχθεῖσα
332 1625 426 1716 [κατὰ]
452 1633 499 1692 τόν
525 1632 669 1712 νοέμβριον
697 1639 770 1707 μῆνα
796 1637 846 1706 τῆς
871 1630 1063 1712 παρελθούσης
1087 1631 1119 1692 ιε’
1139 1629 1314 1712 ίνθινιτιῶνσς,

34 1750 213 1828 ἐτιγιωσθεῖσα
239 1750 286 1811 νιαὶ
313 1755 370 1825 τοῖς
396 1754 458 1812 καθ’
473 1755 550 1830 ἡμᾶς
577 1755 714 1833 σενρέτοις
740 1753 811 1812 κατὰ
837 1752 882 1812 τόν
910 1753 1072 1832 θεαέμβριον
1094 1759 1144 1829 τἠς
1168 1755 1250 1828 αὐτῆς
1273 1752 1315 1812 ἰν-

33 1871 166 1952 θατιῶνος,
195 1873 367 1953 θιοριζομένη
395 1875 630 1950 συμπεπαθημένα
657 1870 724 1934 εἶναι
747 1881 780 1957 τῇ
809 1875 987 1957 θιαληρθείση
1010 1875 1146 1957 σεβασμία
1169 1881 1239 1957 μονῇ
1263 1875 1315 1935 ἀπό

33 1995 124 2053 τύπων
157 2001 212 2054 τῶν
241 1995 314 2054 πατὰ
343 1997 454 2075 καιρούς
484 1999 656 2072 ζητουμένων
690 1995 869 2072 τελεσμσίτων
898 1996 964 2076 ύπέρ
994 2001 1047 2054 τῶν
1075 1995 1151 2076 παρὰ
1181 1995 1317 2077 διαφόρων

35 2115 145 2174 ἐποπίων
169 2113 407 2196 οἰττοχαρισθέντων
434 2119 502 2200 αὐτῇ
530 2116 707 2193 οἱωνθήτινων
729 2113 898 2196 πραγμάτων
928 2116 1083 2192 νομίσματα
1108 2117 1260 2198 τρικέφαλα
1282 2117 1317 2177 τόν

33 2237 92 2294 νατέ
121 2233 216 2318 χώραν
246 2237 431 2313 ἀπαιτούμενα
459 2241 604 2318 τριάκοντα
632 2238 679 2299 ναὶ
707 2237 837 2316 δέχεσθαι
863 2235 911 2298 καί
936 2239 993 2308 τοῖς
1015 2237 1086 2298 κατὰ
1108 2239 1219 2316 καιρούς
1242 2235 1316 2312 όουξὶ

34 2363 73 2432 τῆς
97 2361 176 2433 νησου
198 2360 327 2439 Κρήτης,
349 2363 490 2440 γράφομεν
517 2365 550 2441 τῇ
577 2360 702 2444 εὐγενείᾳ
724 2381 772 2421 σου
797 2366 909 2437 ποιῆσαι
936 2361 1007 2420 νιατθ
1036 2359 1084 2435 τὴν
1114 2367 1164 2436 τῆς
1192 2361 1317 2437 τοιαύτης

34 2479 98 2551 θείας
117 2481 163 2540 καί
185 2487 373 2561 προσπυνητίγς
397 2482 548 2554 ἐπιλύσεως
568 2481 725 2561 περίληψιν,
747 2480 794 2541 καὶ
817 2477 953 2566 [τελέ]σαι
981 2480 1029 2542 καὶ
1051 2481 1216 2542 τὰτοιαῦτα
1238 2485 1316 2562 τρισί-

35 2621 105 2660 ιτντσ
128 2603 280 2682 τριαέραλα
307 2602 487 2682 ἀναπαίτητα,
515 2603 646 2682 δεχθῆναι
674 2603 837 2682 όρειλόντων
865 2602 913 2662 παὶ
944 2605 1031 2662 αὐτῶν
1057 2608 1090 2684 τῇ
1119 2603 1251 2686 ἐμηανεία
1272 2607 1319 2664 τοῦ

34 2721 83 2780 ’σου
107 2729 155 2801 τῆς
181 2725 321 2805 παρούσης
346 2727 485 2805 ἡμετέρας
511 2732 618 2806 γραφῆς
648 2724 694 2784 καί
723 2731 777 2784 τιῖιν
809 2725 973 2800 μελλουσῶν
1000 2723 1159 2805 ’προβαίνειν
1190 2724 1234 2784 ἐπὶ
1262 2728 1319 2797 τοῖς

31 2845 145 2916 τοιούτοις
167 2841 259 2930 τ[σἰσ]ι
284 2849 497 2920 πεπιστωμένων
526 2844 692 2918 ἀποδείξεων
714 2845 788 2926 παρὰ
811 2850 856 2906 τοῦ
879 2847 979 2926 μέρους
1001 2852 1050 2920 τῆς
1072 2847 1197 2920 τοιαύτης
1220 2852 1317 2922 μονῆς.

33 2967 47 3036 ί,
69 2965 96 3024 θέ
115 2972 236 3047 παροῦσα
257 2969 338 3043 ἡμῶν
359 2969 451 3049 γραφὴ
475 2964 674 3048 ἀντιστραμητω
695 2969 763 3047 πρός
784 2969 815 3027 τό
838 2969 923 3048 μέρος
947 2969 1039 3046 σίντης,
1062 2965 1096 3026 ἵν’
1112 2967 1319 3043 ύπσόειιινύηται

33 3085 74 3144 ταὶ
98 3093 149 3160 τοῖς
176 3091 323 3164 μετέπειτα
349 3089 396 3150 καί
425 3097 520 3151 ποιῶσι
544 3089 592 3150 καὶ
616 3088 690 3150 αὐτοὶ
712 3091 784 3150 κατὰ
805 3091 854 3166 τὴν
875 3091 975 3167 ταύτης
996 3089 1153 3171 περίληψιν.
1176 3091 1317 3170 πολυχρο-

33 3208 139 3284 νηθείης,
165 3209 243 3286 μηνί
266 3211 434 3292 νοεμβρίῳ
458 3209 666 3282 ίνθικτιιῖινος
690 3209 726 3271 α’.
751 3215 772 3292 †

127 3333 161 3391 'H
177 3333 366 3411 ύπσγραηή·
388 3333 460 3410 †‘0
476 3333 639 3408 σεβαστός
660 3331 716 3392 καὶ
740 3335 846 3410 μέγας
862 3332 1102 3413 λογαρισιστής,
1126 3331 1283 3410 ’ίωσίννης
1306 3331 1320 3392 ό

38 3451 306 3534 Βελισσαριώτης.
331 3455 351 3532 †

130 3569 209 3654 Εἶχε
235 3574 291 3636 ταί
315 3575 448 3636 όπισθεν
470 3578 521 3635 τό·
546 3577 567 3656 †
590 3577 811 3656 Κατεστρύθη
836 3577 869 3635 ἐν
892 3575 935 3655 τῷ
959 3578 1104 3658 σενιρέτῳ
1131 3581 1187 3638 τοῦ
1214 3580 1321 3657 μεγά-

38 3692 91 3751 λου
109 3695 332 3777 λογαριαστσύ
354 3695 431 3773 μηνὶ
462 3695 629 3778 νοεμβρίῳ
656 3695 864 3770 ίνόιιιτιῶνος
891 3695 928 3775 α’,
957 3683 1051 3770 ἔτους
1072 3695 1169 3780 ,ςψς’
1191 3694 1244 3758 διὰ
1266 3702 1322 3759 τοῦ

40 3815 171 3898 Σγσυρσῡ
194 3819 345 3897 Μιχαήλ.
369 3821 389 3898 †

131 3941 209 4018 †'0
239 3937 367 4025 κίριτὴς
398 3943 453 4000 τού
487 3941 593 4016 βήλου
629 3941 785 4016 Ἰωάννης
819 3942 833 4000 ό
868 3936 1094 4026 Με]λισσην“ος
1127 3942 1162 4002 τό
1196 3936 1323 4025 [παρ]θν

41 4049 125 4143 ί[τον]
150 4060 192 4140 τῷ
215 4063 453 4141 έμηανισθέντι
477 4084 532 4138 μοι
558 4065 762 4144 πρωτοτύπῳ
790 4060 915 4147 [ἰσάζον
943 4058 1056 4146 εύρὼν]
1086 4063 1272 4144 ὑπέγραψα.
1301 4063 1322 4142 ‘t

134 4188 291 4260 Εσστιιμίαπ.
315 4190 392 4246 Flor.
416 4207 466 4244 nro
490 4193 539 4246 49.
