3228 5294
569 673 611 738 X.
636 669 891 759 (6595-1087),
914 693 1024 736 mense
1046 672 1141 756 iunio,
1164 669 1228 748 ind.
1244 670 1287 735 X.

285 822 451 877 Patrz'archa
473 820 604 876 Νάσούαυσ
627 819 685 875 III.
714 817 917 873 Grammaticus
939 819 1073 890 permittit
1096 817 1195 874 Samala
1220 817 1397 887 masadam,
1420 823 1451 870 ιιι
1471 816 1576 870 amada!

286 945 299 981 e
329 927 459 996 σοονιούιδ,
489 926 623 980 ταιιιπίάεό
647 942 746 978 mamae
772 924 879 978 abbam
905 925 1063 978 monasterii
1084 921 1157 994 styli
1180 925 1209 978 ιἰι
1235 929 1321 978 monte
1343 923 1430 976 Latro
1460 927 1576 992 ωριτίρυτ

796 1029 882 1082 οῶαπι
904 1027 1064 1083 solitariam.

753 1133 837 1188 Initio
859 1139 884 1187 εί
900 1131 956 1202 fiae
978 1133 1110 1188 mutilam.

285 1669 428 1749 φυλάττειν
464 1708 1574 1730 .............................

286 1790 387 1874 κρίσεις
415 1790 520 1850 ἀθετεῖν
549 1790 620 1849 κατά
649 1808 673 1848 τι
699 1787 820 1863 ἐννόμως
844 1831 1439 1848 ................
1472 1784 1576 1858 δικαίας

286 1914 335 1974 ούκ
365 1913 410 1973 ἐπι
442 1953 1575 1974 .............................

287 2073 1085 2096 .....................
1110 2028 1319 2110 Χριοπόδουλον,
1343 2027 1402 2106 βίου
1417 2011 1447 2089 τε
1461 2031 1575 2106 κοσμιό-

284 2175 344 2233 τητι
362 2155 409 2215 καὶ
430 2155 535 2236 τρόπων
557 2155 719 2234 χρηστότητι
741 2149 787 2212 καὶ
811 2197 1211 2214 ...........
1234 2153 1442 2228 κεκοσμημένον
1456 2155 1514 2224 τοῖς
1526 2154 1576 2232 πρό

285 2277 364 2352 ἡμῶν
387 2277 550 2356 ἁγιωτάτοις
573 2275 740 2356 ἀρχιερεῦσιν
763 2273 941 2354 άναρανέντα,
968 2279 1018 2350 τῆς
1044 2293 1074 2332 τε
1100 2275 1165 2354 παρ’
1190 2275 1276 2334 αύτῶν
1299 2273 1441 2352 εύμενείας
1462 2279 1575 2356 τυχόντα

285 2397 331 2459 καὶ
353 2404 403 2474 τῆς
425 2404 478 2458 τῶν
511 2445 517 2458 .
550 2445 556 2458 .
590 2445 596 2457 .
629 2444 636 2458 .
664 2397 820 2478 φερομένων
843 2395 1000 2475 ἐλευθερίας
1022 2393 1069 2454 καί
1091 2397 1181 2473 πάσης
1210 2442 1413 2462 ......
1445 2398 1576 2478 ἐναντίας,

284 2521 333 2580 ούκ
355 2516 388 2597 ῆν
412 2517 486 2592 εἰκός
508 2520 546 2595 μὴ
569 2524 622 2578 τῶν
645 2517 710 2578 ῖσων
732 2521 824 2578 τοῦτον
846 2519 936 2596 τυχεῖν
958 2515 1005 2576 καὶ
1027 2515 1101 2598 παρὰ
1126 2522 1176 2596 τῆς
1202 2518 1282 2595 ἡμῶν
1309 2521 1484 2598 μετριότητος
1510 2521 1575 2582 ἑτο-

286 2645 376 2718 μένως
398 2636 536 2727 ἐ[κείνοις]
564 2638 610 2702 καί
641 2641 810 2722 πρεπούσης
839 2637 882 2700 ἀεὶ
912 2637 958 2700 καί
988 2639 1180 2718 λογιζομένης.
1225 2639 1272 2700 καὶ
1303 2639 1412 2722 ἐπείπερ
1442 2643 1457 2700 ό
1487 2641 1578 2722 ῥηθείς

285 2760 444 2850 ό[σιῶτατος
465 2759 523 2848 καὶ]
547 2763 620 2836 θεῖος
642 2762 711 2843 ἀνὴρ
733 2761 780 2822 καὶ
803 2761 954 2838 σεβάσμιος
975 2765 1094 2834 τοιούτος
1115 2762 1164 2842 ύν,
1191 2756 1247 2823 οἷον
1274 2763 1289 2822 ό
1315 2763 1402 2844 λόγος
1425 2761 1576 2839 ἀπέδειξεν,

284 2891 333 2961 τῆς
355 2886 384 2944 ἐν
406 2883 445 2964 τῷ
468 2884 524 2964 όρει
546 2888 592 2944 τοῦ
617 2885 723 2964 Λάτρου
746 2886 929 2963 εύαγεστάτης
952 2891 1038 2961 μονῆς
1059 2885 1120 2958 ἤτοι
1148 2889 1194 2944 τοῦ
1216 2885 1320 2946 Σπύλου
1348 2887 1397 2962 τῆν
1427 2887 1517 2966 ἀρχήν
1547 2907 1576 2946 τε

284 3007 331 3069 καί
354 3007 516 3089 προστασίαν
539 3004 653 3080 ἐδέξατο
674 3008 749 3087 παρὰ
770 3011 816 3068 τοῦ
838 3006 962 3081 ἀοιδίμου
977 3007 1006 3067 ἐν
1021 3009 1202 3088 πατριάρχαις
1216 3011 1297 3086 κυρού
1312 3008 1412 3084 Κοσμσῖ
1431 3007 1575 3088 καὶμέχρι

287 3132 337 3206 μέν
359 3151 438 3190 τινων
461 3131 510 3190 ούκ
532 3129 635 3208 ὀλίγων
657 3128 784 3190 ἐνιαυτῶν
807 3129 905 3201 καλῶς
926 3129 959 3188 τά
981 3135 1030 3206 τῆς
1052 3130 1234 3208 ἡγουμενείας
1256 3128 1342 3190 διεῖπε
1364 3129 1411 3191 καί
1430 3131 1461 3192 τό
1479 3133 1575 3212 προσόν

286 3251 356 3332 αύτῷ
378 3252 501 3328 ποίμνιον
527 3252 641 3331 λογικόν
667 3257 716 3328 τῆς
744 3249 848 3331 άλόγου
878 3257 931 3312 τῶν
962 3251 1117 3332 αἱμοβόρων
1147 3251 1231 3312 ἐθνῶν
1260 3252 1307 3313 καὶ
1337 3251 1461 3334 ὀλεθρίου
1491 3254 1576 3333 όρμῆς

285 3372 379 3451 άθιγές
401 3373 528 3454 διετῆρει.
574 3376 662 3434 πάντα
684 3393 714 3434 τε
736 3369 770 3434 τὰ
791 3376 859 3452 προς
880 3373 977 3454 χρείαν
1004 3374 1161 3450 σωματικὴν
1192 3373 1383 3452 ἐνδεχομένως
1413 3373 1485 3454 αύτῷ
1516 3375 1574 3434 ἐπι-

284 3501 424 3576 χορηγῶν,
448 3497 576 3573 ούμενοῦν
602 3497 705 3572 ἠμέλει
726 3501 775 3572 τῆς
801 3501 985 3572 πνευματικῆς
1010 3517 1041 3555 τε
1067 3495 1112 3556 καί
1142 3495 1269 3576 λογικῆς,
1300 3495 1377 3558 ἀλλὰ
1404 3496 1504 3572 ταύτης
1531 3495 1576 3555 καί

287 3617 398 3694 μᾶλλον
419 3619 477 3688 τοῖς
498 3617 542 3677 ὑπ’
559 3618 638 3678 αύτδν
660 3616 804 3694 μετεδίδου
826 3617 973 3698 πλουσίως,
995 3616 1227 3698 προσεπιβελτιῶν
1251 3618 1282 3678 δέ
1303 3625 1337 3702 τῆ
1360 3624 1430 3702 μονῆ
1449 3617 1496 3678 καί
1511 3619 1577 3700 πρός

286 3740 335 3816 τῆν
358 3737 471 3820 κρείττω
494 3739 554 3818 όψιν
581 3741 791 3818 μετασκευάζων
823 3739 905 3814 αύτὴν
936 3739 983 3801 καὶ
1010 3742 1055 3800 τόν
1083 3739 1122 3812 εἰς
1149 3739 1227 3800 ούδὲν
1248 3741 1451 3820 χρηματίζοντα
1473 3739 1575 3800 Στύλον

286 3861 333 3922 καὶ
354 3865 455 3942 πέτραν
479 3863 561 3937 μόνον
584 3863 723 3942 όρῶμενον
744 3866 802 3935 τοῖς
825 3867 960 3945 παριοῦσιν
983 3863 1091 3942 ὑψηλὴν
1114 3861 1153 3935 εἰς
1175 3864 1340 3924 καστέλλιον
1362 3863 1490 3944 ἀτῆρτισε
1510 3866 1576 3944 πρός

286 3984 420 4064 σωτηρίαν
442 3989 495 4044 τῶν
518 3985 547 4044 ἐν
567 3990 600 4068 τῆ
620 3991 691 4067 μονῆ
710 3986 861 4045 τελούντων
880 3984 1015 4046 ἁπάντων.
1049 3985 1084 4045 τά
1097 3988 1142 4044 νῦν
1163 3983 1203 4066 δέ,
1227 3987 1275 4046 ούκ
1294 3979 1346 4046 οἷδ’
1362 3986 1424 4046 ὅθεν
1444 3985 1575 4061 ὀκλάσας,

287 4106 338 4168 εἴθ’
353 4106 403 4166 aa
417 4107 521 4188 γῆρως,
541 4103 593 4166 εἴθ’
609 4105 653 4166 ὑπ’
670 4106 763 4182 άλλης
777 4107 948 4187 περιπετείας
962 4107 1043 4186 τινός,
1063 4105 1206 4189 ῆρετίσατο
1220 4107 1269 4182 τὴν
1283 4113 1334 4183 τῆς
1349 4105 1477 4188 ῥηθείοης
1491 4113 1576 4183 μονῆς

286 4227 449 4309 προστασίαν
470 4229 630 4289 καταλιπεῖν
652 4227 699 4288 καὶ
721 4229 767 4288 τόν
789 4230 876 4305 πάντη
901 4228 1030 4310 ἐρημικόν
1052 4249 1081 4288 τε
1104 4225 1151 4288 καί
1177 4229 1289 4307 ἡσύχιον
1312 4229 1369 4305 βίον
1397 4225 1576 4312 άπροσκόπως

287 4351 467 4430 μετέρχεσθαι
490 4353 573 4426 μόνος
594 4350 661 4430 πρός
684 4351 766 4426 μόνον
788 4352 819 4411 τό
841 4352 914 4410 θεῖον
936 4347 1082 4428 σχολάζων
1107 4349 1154 4411 καί
1177 4353 1247 4427 μήτε
1270 4349 1408 4424 βιωτικαῖς
1434 4371 1501 4413 τισιν
1530 4351 1575 4411 ἐν-

286 4472 459 4550 ηοχολῆοθαι
473 4473 627 4553 συγχύσεσι,
648 4475 718 4548 μήτε
737 4473 792 4549 μὴν
812 4472 887 4544 όλως
900 4473 969 4553 πρός
983 4473 1057 4533 ἀλλο
1072 4493 1097 4533 τι
1111 4469 1164 4532 τῶν
1179 4471 1242 4547 τούς
1255 4473 1379 4546 πολλούς
1395 4474 1576 4552 ἐμποιούντων

286 4594 488 4677 περισπασμούς
510 4594 644 4666 ἀκουσίως
665 4594 848 4654 καθέλκεοθαι
870 4594 1015 4654 κάντεῦθεν
1036 4600 1086 4670 τῆς
1107 4601 1290 4672 πνευματικῆς
1304 4591 1420 4676 ἡσυχίας
1434 4597 1481 4658 καί
1496 4597 1577 4678 ριλης

288 4715 428 4796 διαγωγῆς
451 4717 618 4798 ἐστερῆσθαι,
640 4717 659 4792 ῆ
683 4714 717 4792 δὴ
739 4721 785 4776 τόν
808 4717 948 4796 ἄνθρωπον
970 4717 1089 4798 θεοειδῆ,
1111 4717 1182 4777 κατὰ
1196 4719 1244 4794 τὴν
1259 4719 1389 4799 κυριακὴν
1404 4721 1504 4802 ρωνῆν,
1521 4721 1575 4779 ἀπ-
1601 4807 1602 4812 ¹
