3162 5278
1261 335 1325 400 349

43 527 129 602 ἐδέησε
151 529 182 586 τό
204 528 337 608 παρόντος
359 527 494 606 ἡμετέρου
522 526 748 603 ἐκκλησιαστικσῦ
776 531 883 607 φρικτοῦ
907 527 1048 606 ἐπιτιμίου,
1076 526 1123 586 καὶ
1146 527 1181 602 δὴ
1204 531 1325 608 γράφον-

41 669 77 720 τες
109 649 311 728 διποραινόμεθα
344 647 489 718 συνοδικῶς
524 647 594 722 μετὰ
627 655 680 706 τῶν
713 645 774 726 περὶ
803 649 878 722 ἡμᾶς
910 645 1063 726 ἱερωτάτων
1095 647 1245 728 ἀρχιερέων
1278 649 1325 710 καὶ

40 769 191 848 1’,τερτίμωη
218 777 272 830 τῶν
297 770 325 830 ἐν
348 769 419 848 ἁγίῳ
442 770 573 844 πνεόματι
597 767 746 847 ἀγαπητῶν
769 768 848 844 ήμῶν
877 768 1003 847 ἀδελφῶν
1026 768 1073 829 καί
1096 771 1325 852 σολλειτουργῶν,

40 891 78 950 καί
105 891 293 966 ἐντελλόμεθα
316 895 395 951 πᾶσιν
422 891 494 972 ὑμῖν,
523 891 596 962 ἐπως
620 889 770 970 ἐρχομένου
798 889 889 950 αὐτόθι
910 893 956 950 τοῦ
979 891 1109 970 ῥηθέντος
1130 899 1326 973 πατριαρχικοῦ

40 1015 108 1088 ήμῶν
137 1011 265 1093 ἐξάρχου,
296 1013 440 1074 όσιωτάτου
470 1011 498 1071 έν
526 1011 717 1092 ίερομονάχοις
743 1015 792 1091 κῦρ
816 1012 946 1091 Ἰωάσαφ,
975 1013 1032 1072 όσοι
1060 1011 1091 1086 ἐξ
1118 1015 1193 1090 ὑμῶν
1215 1035 1245 1074 τε
1272 1021 1326 1074 τῶν

41 1140 255 1214 μονασεηριανῶν
277 1131 399 1194 καὶτῶν
422 1134 527 1194 λαῦιῶν
549 1139 709 1213 χριστιανῶν
731 1135 892 1212 γινώσκουσι
914 1134 1010 1208 καλῶς
1033 1139 1111 1196 τόσον
1132 1135 1167 1195 τά
1190 1135 1250 1217 περὶ
1273 1143 1326 1197 τῶν

40 1256 144 1329 βιβλίων
171 1261 218 1316 τοῦ
246 1257 335 1316 αίιτόθι
362 1255 502 1334 σχολείου,
530 1257 579 1315 όοα
608 1255 718 1330 δηλαδὴ
742 1253 773 1327 ἐξ
796 1256 885 1336 ἀρχῆς
907 1255 1048 1336 ἐκέκτητο,
1072 1257 1174 1332 όμοίως
1196 1255 1326 1339 καὶπερὶ

40 1385 84 1436 τῶν
112 1380 333 1458 παρ-γραμμάτων
364 1381 409 1437 τοῦ
440 1375 590 1456 μακαρίτου
620 1375 787 1437 διδασκάλου
816 1377 970 1457 Μακαρίαν,
1005 1379 1067 1438 όσον
1100 1377 1146 1438 καὶ
1179 1377 1241 1458 περὶ
1273 1385 1326 1438 τῶν

40 1495 140 1578 έστρων
172 1503 219 1559 τοῦ
255 1499 334 1559 οιῦτοῦ
362 1498 502 1577 σχολείου,
537 1499 603 1558 όποῦ
633 1498 678 1558 διά
707 1501 802 1580 χειρός
830 1503 877 1558 τοῦ
907 1499 1036 1580 ῥηθέντος
1067 1499 1243 1584 διδασκάλου,
1277 1503 1327 1580 κῦρ

40 1620 184 1698 θεοιλείου,
214 1615 282 1680 εἶναι
310 1619 447 1695 δεδομένα
476 1620 643 1700 δανειακῶς,
672 1618 714 1680 ἐπὶ
741 1627 807 1679 πᾶσι
830 1618 860 1680 δέ
883 1621 986 1694 τούτοις
1008 1619 1054 1680 καὶ
1076 1622 1139 1702 περί
1161 1627 1206 1682 τοῦ
1228 1625 1327 1702 τρόπου

38 1749 79 1816 τῆς
106 1741 269 1816 διοικήσεως
294 1746 340 1802 τοῦ
369 1742 448 1802 αὺτοῦ
475 1741 605 1820 οχολείου
634 1742 662 1800 ἐν
690 1741 851 1816 διαστήματι
877 1745 984 1822 χρόνων
1006 1743 1060 1818 ήδη
1088 1746 1241 1822 τριάκοντα,
1268 1749 1327 1816 πῶς

39 1864 158 1940 δηλονότι
183 1866 294 1946 ἐφέρετο
318 1865 332 1923 ό
356 1863 448 1945 ρηθεὶς
472 1863 654 1942 διδάσκαλος,
680 1868 729 1943 κῦρ
753 1863 913 1938 Βασίλειος,
941 1863 1002 1942 περὶ
1032 1865 1132 1924 τούτων
1162 1867 1269 1924 πάντων
1299 1866 1327 1924 έν

39 1985 106 2064 φόβῳ
128 1987 191 2046 θεοῦ
213 1983 261 2046 καί
282 1986 396 2066 καθαρῷ
419 1991 509 2064 ψυχῆς
532 1985 662 2046 συνειδότι
684 1985 718 2044 νά
740 1981 914 2066 φανερώσωσι
936 1984 983 2044 καί
1005 1985 1039 2043 νά
1062 1985 1256 2064 ὁμολογήσωσι
1278 1987 1326 2066 τὴν

39 2106 173 2184 ἐλήθειαν,
194 2107 239 2167 διὰ
258 2107 291 2166 να
312 2106 494 2186 άποδειχθῶσι
516 2105 563 2166 καί
582 2107 617 2166 νόι
638 2107 879 2167 άποκατασταθῶσι
901 2107 935 2166 τόν
959 2107 1051 2168 δίκαια
1078 2113 1127 2184 τῆς
1149 2108 1258 2186 σχολῆς
1280 2108 1326 2168 καί

37 2229 65 2286 νά
93 2230 169 2311 λάβῃ
200 2231 250 2304 τὴν
280 2229 479 2307 άπαιτουμένην
507 2231 630 2290 σόσταοιν
656 2231 724 2309 πρός
750 2231 843 2304 κοινήν
871 2233 916 2288 τοῦ
938 2231 1037 2308 γένους
1063 2229 1210 2309 ὠφέλειαν.
1235 2231 1328 2302 όποῐος

39 2349 63 2406 δέ
92 2349 121 2422 ἐξ
148 2351 224 2426 ὑμῶν
252 2351 377 2411 ἁπάντων
403 2357 457 2411 τῶν
483 2349 639 2431 ἱερωμένων
661 2353 679 2426 ἡ
703 2349 809 2410 λαϊκιῖνν
834 2351 1047 2430 φιλοτροοωπῶν
1074 2349 1121 2410 καὶ
1146 2354 1328 2431 χαριζόμενος

38 2471 118 2554 'Qu
144 2471 190 2531 καὶ
219 2475 343 2555 σιωπήσῃ
370 2473 419 2548 τήν
446 2473 580 2546 ἀλήθειαν
602 2475 620 2547 ή
644 2477 714 2554 φανῇ
743 2471 863 2544 ἐναντίος
891 2470 930 2544 είς
956 2472 991 2532 τὰ
1017 2471 1164 2546 συνοδιηῑις
1185 2473 1240 2548 ἤδη
1262 2475 1326 2554 πσιρ1

37 2593 110 2665 ήμῶν
138 2593 323 2672 άποφανθέντα
350 2591 397 2654 καὶ
424 2593 564 2673 ἀφορῶντα
593 2591 632 2664 είς
659 2594 783 2654 σῦσταοιν
810 2597 856 2653 τοῦ
883 2593 1013 2670 σχσλείου
1040 2595 1132 2654 τοῦτον
1161 2593 1208 2654 καὶ
1235 2596 1328 2671 κοινὴν

38 2713 168 2792 ὠφέλειαν
190 2719 236 2775 τοῦ
258 2718 354 2792 γένους
380 2714 427 2775 καί
455 2715 513 2790 ἅμα
539 2715 619 2791 τιμὴν
646 2721 694 2790 τῆς
716 2715 845 2795 πατρίδος
867 2716 957 2795 ἡμῶν,
985 2717 1000 2774 ό
1022 2721 1142 2788 τοιοῦτος
1165 2717 1204 2787 ῶς
1228 2717 1327 2776 ἐθελο-

38 2835 125 2894 κανιῶν
150 2835 198 2896 καί
224 2835 360 2918 προδότης
388 2839 549 2916 φαινόμενος
575 2841 621 2897 τοῦ
647 2841 737 2898 κοινοῦ
764 2837 853 2896 καλοῦ
881 2835 1066 2917 ἀφωρισμένος
1094 2835 1135 2913 εἴη
1163 2837 1237 2916 παρὰ
1266 2839 1330 2896 θεοῦ

38 2955 122 3036 κυρίου
143 2961 364 3040 παντοκράτορος
385 2959 432 3019 καὶ
454 2960 644 3040 κατηραμένος
666 2956 713 3018 καί
736 2953 931 3036 άουγχώρητος
957 2955 1004 3016 καί
1026 2957 1097 3032 μετά
1119 2959 1234 3017 θάνατον
1258 2958 1327 3017 οἷλυ-

38 3098 79 3150 τος
103 3079 151 3140 καί
177 3081 362 3156 τυμπανιαῐος.
394 3079 422 3140 αἱ
448 3083 543 3160 πέτραι
570 3079 617 3140 καί
643 3081 659 3138 ό
681 3079 789 3160 σίδηρος
816 3077 988 3158 λυθήσονται,
1017 3079 1097 3151 αὐτός
1125 3078 1156 3138 δέ
1185 3079 1327 3158 οῦδαμῶς,

38 3200 250 3280 ιληρονομήσειε
277 3197 330 3286 Ιδέ]
356 3203 405 3276 τὴν
429 3202 534 3282 λέπραν
561 3205 606 3260 τοῦ
630 3201 709 3276 Γιεζῆ
737 3198 784 3260 καί
811 3201 859 3274 τήν
887 3199 1009 3278 ἀγχόνην
1031 3203 1078 3260 τοῦ
1101 3199 1200 3278 Ἰούδα,
1229 3201 1328 3260 στένων

40 3319 76 3398 εἴη
104 3321 152 3382 καί
182 3325 290 3402 τρέμων
318 3321 362 3382 ἐπὶ
384 3329 451 3403 γῆς,
483 3324 521 3396 ῶς
548 3325 563 3382 ό
587 3317 667 3402 Καίν,
690 3323 708 3396 ή
731 3321 800 3401 όργη
827 3325 872 3381 τοῦ
898 3323 961 3381 θεοῦ
988 3320 1030 3398 εἴη
1060 3319 1101 3381 ἐπὶ
1128 3323 1177 3397 τὴν
1204 3321 1329 3400 κεφαλὴν

40 3445 111 3503 οῦτοῦ
131 3443 180 3504 καί
202 3445 221 3519 ή
244 3443 322 3524 μερίς
350 3443 431 3506 αῦτοῦ
458 3441 528 3520 μετὰ
554 3449 601 3505 τοῦ
621 3443 754 3524 προδότου
777 3443 877 3522 Ὶοόδα,
907 3441 954 3504 καί
981 3444 1122 3523 προκοπήν
1151 3443 1181 3503 οῦ
1209 3445 1247 3519 μὴ
1274 3443 1329 3504 ’ίδοι

39 3567 140 3625 πώποτε
171 3567 234 3626 καθ’
258 3565 327 3640 όλην
354 3565 404 3644 τὴν
431 3567 503 3642 ζωὴν
530 3568 620 3644 αὐτοῦ,
651 3565 711 3625 οὔτε
737 3570 882 3645 πρόσωπον
910 3565 984 3642 θεοῦ,
1013 3565 1087 3644 έχων
1113 3563 1160 3624 καὶ
1186 3565 1235 3638 τόις
1262 3561 1330 3647 ἀράς

39 3691 86 3742 τῶν
109 3687 195 3765 ἁγίων
216 3687 376 3766 τριακοσίων
400 3687 469 3748 δέκα
491 3685 538 3748 καί
561 3687 633 3748 όκτὼ
655 3687 791 3768 θεοφόρων
813 3687 937 3767 πατέρων
959 3691 1014 3746 τῶν
1037 3685 1065 3746 ἐν
1085 3685 1187 3770 Νικαίφι
1208 3689 1255 3746 καί
1276 3693 1330 3746 τῶν

39 3805 136 3868 λοιπῶν
165 3807 252 3888 ἁγίων
274 3811 403 3872 συνόδων.
431 3811 510 3886 ὑμεῖς
532 3809 564 3870 δέ
587 3813 687 3882 πάντες
710 3810 749 3882 ῶς
772 3809 881 3884 εὐπειθῆ
904 3807 950 3868 καί
972 3812 1071 3888 γνήσια
1093 3811 1176 3868 τέκνα
1198 3811 1277 3884 ήμῶν
1299 3829 1329 3868 τε

40 3927 79 3986 καί
99 3936 149 4006 τῆς
172 3929 254 4008 ἁγίας
268 3935 325 3992 ’τοῦ
348 3933 463 4012 Χριστοῦ
490 3929 620 4010 μεγάλης
647 3931 797 4006 ἐκκλησίας
818 3933 959 4010 ποιήσατε,
987 3932 1024 4002 ῶς
1047 3931 1196 4010 γράφομεν,
1220 3927 1267 3990 καί
1290 3930 1328 4004 μὴ

42 4045 146 4132 αλλως,
178 4049 210 4124 ἐξ
238 4051 415 4134 ἀποφάσεως,
445 4052 488 4112 ἵνα
519 4051 565 4112 καὶ
591 4053 610 4130 ἡ
641 4055 686 4112 τοῦ
713 4053 776 4112 θεοῦ
802 4054 884 4131 χάρις
909 4051 956 4112 καί
982 4053 1013 4112 τό
1040 4053 1150 4132 άπειρον
1178 4051 1259 4123 έλεος
1286 4050 1328 4125 είη

42 4168 108 4242 ῦμῑν·
132 4171 250 4254 ,αψξθᾏ
275 4173 309 4232 ἐν
332 4172 409 4250 μηνὶ
432 4173 568 4252 μαρτίῳ,
594 4171 804 4244 ἰνδικτιῶνος
826 4172 862 4246 β’.
886 4175 908 4250 †

41 4291 111 4366 †‘0
134 4295 285 4366 Κυζίκου
309 4291 520 4374 Ἀνθιμοςή
709 4295 788 4374 †‘0
812 4293 1044 4370 Νικομηδείας
1069 4289 1214 4366 Παίσιος.
1238 4295 1259 4374 †

42 4415 58 4486 †
79 4415 113 4473 ‘0
136 4415 392 4493 θεσοαλονίκης
414 4415 610 4488 Θεοδόσιος.
634 4417 656 4495 †
709 4419 730 4496 †
753 4417 789 4474 ‘0
811 4415 975 4497 Τυρνόβου
999 4417 1193 4497 Παρθένιος.
1217 4417 1239 4496 †

42 4537 114 4612 's‘O
138 4539 310 4617 Λαρίσσης
334 4538 512 4610 Μελέτιος.
537 4539 558 4616 †
708 4539 729 4617 †
753 4539 788 4597 Ὀ
812 4537 974 4618 Βερροίας
996 4537 1188 4619 Ἀβράμιος.
1213 4539 1234 4614 †

41 4657 59 4734 ί
81 4659 114 4720 Ὀ
136 4661 304 4742 Δρῦστρας
329 4660 524 4739 Παρθένιος.
548 4661 570 4740 †
709 4661 730 4738 †
753 4659 789 4718 ‘0
812 4660 943 4738 Βάρνης
966 4660 1156 4740 Γεράσιμος.
1180 4661 1201 4740 †
