3184 5288
143 551 225 630 †A‘2
249 551 436 632 ὑπογραφαὶ
457 559 520 612 τῶν
544 554 715 632 μαρτύρων
738 555 767 632 †.

143 675 164 750 ψ
186 673 412 753 Καλλίνικος,
429 673 541 753 ίερεὺς
562 671 618 733 καὶ
638 670 848 751 σκευορύλαξ
864 679 923 750 τῆς
939 673 1188 753 μητροπόλεως,
1212 675 1340 754 πάρημι

58 794 99 854 ἐπὶ
117 801 153 878 τῇ
183 796 332 877 παρούσῃ
361 797 494 878 καθαρᾷ
524 794 679 856 διαλύσει
700 795 756 856 καὶ
786 803 823 878 τῇ
851 796 942 855 δόσει
964 801 1026 854 τῶν
1050 795 1104 856 δύο
1127 797 1249 874 λιτρῶν
1273 797 1340 854 θεο-

56 916 174 996 τοκέων,
198 917 240 988 ὡς
262 918 296 976 τό
318 918 396 995 ὑρος
420 917 528 996 δηλοῖ,
550 917 606 976 καὶ
630 923 804 996 μαρτυρῶν
827 918 1001 996 ὑπέγραψα
1023 917 1051 996 †

143 1039 165 1117 ’ψ-
187 1037 389 1119 Δημήτριος,
412 1039 554 1112 εὑτελὴς
577 1038 686 1118 ἱερεύς
708 1037 763 1098 καί
780 1037 982 1118 δευτερεύων
1004 1043 1063 1113 τῆς
1086 1039 1340 1119 μητροπόλεως,

57 1164 181 1239 πάρειμι
197 1157 249 1220 ἐπὶ
263 1166 301 1242 τῇ
317 1161 467 1244 παρούσῃ
483 1160 613 1242 καθαρᾷ
630 1159 783 1220 διαλύσει
801 1158 857 1220 καί
880 1167 917 1242 τῇ
941 1160 1033 1220 δόσει
1056 1165 1118 1220 τῶν
1142 1159 1197 1221 δύο
1220 1161 1341 1241 λιτρῶν

56 1282 231 1361 θεοτοκίων,
256 1284 300 1354 ὡς
320 1283 355 1341 τό
377 1283 455 1360 ύρος
479 1281 592 1362 δηλοῖ,
615 1281 670 1340 καὶ
693 1287 864 1362 μαρτυρῶν
888 1283 1062 1362 ὑπέγραψα
1084 1283 1114 1362 †

145 1405 166 1484 ψ·
188 1403 347 1483 Νικήτας,
372 1403 513 1478 εὑτελὴς
534 1403 645 1483 ἱερεύς
664 1405 749 1464 ότοὺ
772 1404 1039 1484 Σκευορύλακος,
1065 1406 1205 1484 πάρειμι
1229 1399 1282 1464 ἐπὶ
1304 1411 1340 1488 τῇ

55 1527 189 1608 παρούσῃ
210 1525 343 1607 καθαρᾷ
366 1525 517 1585 διαλύσει
548 1524 603 1585 καὶ
631 1531 668 1607 τῇ
700 1525 790 1585 δόσει
819 1531 881 1585 τῶν
912 1525 967 1584 δύο
997 1526 1175 1586 θεοτοκίων
1205 1527 1341 1607 λιτρῶν,

56 1649 90 1717 ῶς
110 1650 144 1707 τό
165 1649 244 1727 ύρος
268 1647 377 1727 δηλοῖ,
399 1645 455 1706 καί
479 1653 649 1726 μαρτυρῶν
672 1647 846 1725 ὑπέγραψα
867 1647 896 1726 †.

147 1771 167 1848 †
188 1771 378 1849 Δημήτριος
400 1768 589 1847 ναύκληρος
611 1769 625 1826 ό
648 1769 808 1844 Κομητᾶς
830 1770 968 1846 πάρειμι
992 1765 1043 1826 ἐπὶ
1059 1774 1096 1850 τῇ
1111 1771 1259 1852 παρούσῃ
1283 1793 1341 1830 κα-

56 1891 128 1972 θαρᾷ
158 1889 311 1950 διαλύσει
341 1888 396 1950 καὶ
425 1897 458 1973 τῇ
489 1890 580 1950 δόσει
609 1897 672 1949 τῶν
705 1889 759 1950 δύο
791 1889 970 1950 θεοτοκίων
997 1890 1188 1971 λιτρῶν,ῶς
1210 1893 1245 1950 τό
1267 1893 1343 1972 ὑρος

56 2013 152 2092 δηλοῖ,
174 2011 232 2073 καί
255 2019 428 2094 μαρτυρῶν
450 2013 626 2092 ὑπέγραψα
648 2013 676 2090 †.

146 2137 166 2214 γι
188 2135 214 2194 Ν
222 2137 348 2216 ικητας,
372 2134 513 2208 εύτελὴς
534 2133 703 2212 διάκονος,
719 2133 906 2209 λογοθέτης
929 2139 987 2209 τῆς
1010 2133 1199 2212 ἁγιωτάτης
1223 2155 1342 2216 μητρο-

54 2257 175 2328 πόλεως
204 2254 260 2315 καὶ
289 2257 430 2331 νομικός
459 2259 514 2316 τού
545 2253 733 2334 Χάνδακος,
757 2255 771 2312 ό
794 2258 848 2314 τού
877 2254 1024 2334 Κοντόρη
1057 2253 1111 2314 καί
1139 2255 1236 2326 αὑτός
1266 2277 1343 2332 συμ-

55 2383 214 2459 μαρτυρῶν
239 2378 369 2456 ἔγραψα
391 2374 446 2436 καί
468 2377 643 2456 ὑπέγραψα
664 2377 693 2454 †

146 2502 166 2578 †
187 2501 232 2558 Τό
255 2493 443 2579 παρδνίσον
458 2497 747 2576 τῷέμρανισθέντι
764 2518 817 2572 μοι
837 2499 1037 2576 πρωτοτύπῳ
1059 2497 1194 2577 παλαιῷ
1216 2497 1352 2578 χαρτίῳ.

55 2620 233 2696 ἀντιβολῶν
260 2618 316 2680 καὶ
343 2618 456 2690 ἰσάζον
484 2618 585 2700 εὑρὼν
608 2619 783 2699 ὑπέγραψα
811 2622 888 2694 μηνί
911 2617 1022 2698 ίουνίῳ
1045 2618 1081 2698 α’,
1105 2622 1214 2700 ἡμέρᾳ
1237 2619 1273 2700 β’,
1299 2620 1343 2679 ίν-

55 2739 218 2812 δικτιῶνσς
242 2739 271 2820 ι’,
296 2742 387 2813 ἔτους
416 2739 479 2824 Ιςψ’
503 2741 538 2820 †.

147 2865 167 2942 †
192 2863 340 2941 Παῦλος,
364 2863 521 2935 ταπεινός
544 2861 724 2934 ἐπίσκοπος
745 2869 803 2938 τῆς
822 2856 1008 2924 θεοσώστου
1030 2864 1163 2936 πόλεως
1187 2865 1343 2925 Κνωσσοῦ

54 2982 119 3055 ἤτοι
139 2989 193 3044 τοῦ
217 2984 394 3054 Χάνδακος
415 2985 445 3063 †.

149 3112 300 3182 Εαστιιρύιν
322 3111 408 3166 chart.
432 3112 508 3166 θύον.
532 3129 582 3165 nro
607 3113 655 3165 87.

430 3415 555 3479 XXIV.
581 3413 656 3479 Sine
680 3437 765 3480 anno
789 3425 962 3480 otmense.

59 3577 200 3647 Imperator
224 3581 339 3635 Ιοατιυαε
364 3582 509 3634 ίθωκαιιω
532 3579 672 3649 confirmat
698 3581 886 3651 exemptionem
917 3582 997 3634 navis
1014 3581 1166 3651 peculiaris
1189 3583 1348 3636 monasterii

61 3685 191 3738 σύτθιιιιζι
206 3691 231 3738 et
246 3685 402 3738 ἀοκαιίυιισε
411 3684 508 3752 factae
524 3686 647 3738 coenobio
662 3685 697 3738 ab
719 3686 881 3754 imperatore
896 3685 991 3738 Alexio
1009 3686 1032 3740 Ι,
1052 3689 1189 3753 &omne-no,
1214 3686 1347 3756 donatque

177 3789 203 3842 ei
223 3789 322 3843 alteros
345 3795 449 3842 centum
471 3789 572 3842 modios
589 3787 725 3857 fntmenle'
746 3808 759 3842 e
782 3790 957 3860 υσσύίραὶίύιιε
980 3791 1085 3844 ιἰιεαίωα
1111 3792 1213 3844 Oratae.

152 3955 172 4034 θ
196 3952 284 4034 ’ύὶρθη
309 3957 360 4030 μέν
378 3956 391 4014 ό
408 3953 636 4034 όξιομακάριστος
659 3953 705 4016 καὶ
729 3954 853 4032 ἀοίδιμος
877 3957 1015 4034 βασιλεύς,
1040 3958 1169 4031 αὑθέντης
1190 3955 1237 4015 καὶ
1259 3956 1348 4036 πατὴρ

61 4077 105 4146 τῆς
132 4075 274 4149 βασιλείας
298 4098 358 4157 μου,
391 4074 422 4150 ἐξ
444 4075 578 4152 αἰτήσεως
608 4081 654 4137 τού
684 4078 712 4137 έν
740 4079 861 4161 μακαρίᾳ
883 4085 916 4160 τῇ
939 4077 1019 4153 λήξει
1042 4080 1091 4152 τήν
1115 4079 1187 4152 ζωὴν
1210 4077 1347 4158 ἐκμετρη-

64 4215 150 4269 οαντος
170 4201 331 4275 τιμιωτάτου
356 4198 459 4259 ἐκείνου
483 4207 605 4278 μοναχοῡ
626 4198 674 4260 καί
696 4202 858 4278 ἠσυχαστοῦ,
890 4204 972 4279 κυροὺ
994 4198 1196 4280 Χριστοδοὺλου
1218 4203 1263 4258 τοὺ
1287 4199 1349 4258 Λα-

64 4323 158 4398 τρηνοῶ,
181 4319 356 4400 δωρήσασθαι
378 4328 411 4403 τῇ
437 4317 509 4381 κατὰ
534 4323 583 4398 τὴν
611 4327 691 4396 νῆσον
722 4323 834 4398 Πάτμον
862 4318 1038 4402 ἀνεγερθείσῃ
1065 4322 1129 4399 παρ’
1147 4320 1251 4380 ἐκείνου
1279 4330 1349 4403 μονῇ
1401 4303 1405 4314 ’

67 4435 150 4496 ἄδειαν
182 4439 358 4514 ἐξκουσσείας
391 4443 488 4503 πλοίου
523 4441 686 4522 ίδιοκτιψτου,
720 4446 872 4521 χωρησεως
906 4441 1008 4517 μοδίων
1045 4443 1229 4502 πεντακοσίων
1263 4443 1350 4523 μικρῷ

64 4555 176 4636 πλέονῆ
199 4565 327 4644 ἔλασσον,
351 4566 420 4624 ῶστε
444 4563 488 4624 διὰ
510 4564 602 4624 τούτου
626 4563 676 4639 μὲν
699 4563 732 4622 τὰ
754 4565 876 4642 χρειώδη
900 4567 956 4635 τοῖς
980 4565 1111 4642 μοναχοῖς
1135 4565 1349 4641 διακομίζεσθαι.

67 4679 122 4738 αὑτό
143 4682 171 4742 δέ
193 4685 222 4744 τό
244 4687 342 4745 πλοῖον
366 4685 470 4764 όρείλει
493 4685 653 4762 ἀποπλέειν,
679 4687 742 4744 ἔνθα
769 4685 802 4760 δὴ
829 4683 875 4745 καί
904 4688 949 4745 ότε
971 4689 1028 4756 τοῖς
1051 4691 1184 4764 μοναχοῑς
1207 4687 1350 4765 βσυλητόν,

1107 4805 1138 4860 *ἲ*
