3184 5288
249 341 311 404 130

350 535 371 612 †
394 533 588 611 Γρηγόριος,
612 530 788 606 βασιλικὸς
811 531 965 608 νοτάριος
987 533 1041 589 τοῦ
1063 529 1223 609 σεκρέτου
1245 533 1302 602 τῆς
1325 527 1508 606 θαλάσσης,
1528 527 1540 583 δ

247 652 505 734 Τριβλαττίτης.
529 655 550 732 †

352 777 373 854 †
396 775 432 833 ‘0
456 773 633 848 βασιλικὸς
648 775 806 852 νοτάρισς
828 773 884 832 τοῦ
907 773 1066 852 σεκρέτου
1087 775 1147 846 τῆς
1170 770 1344 844 θαλάσσης
1366 768 1541 848 Θεόδωρος

248 899 262 956 ὁ
286 898 499 976 Καρυστινάς.
525 898 546 976 †

351 1021 372 1098 γ
396 1019 430 1077 Ὀ
454 1016 631 1091 βασιλικὸς
653 1019 805 1096 νοτάριος
831 1019 890 1076 τοῦ
913 1017 1071 1096 σεκρέτου
1093 1021 1150 1090 τῆς
1173 1014 1346 1088 θαλάσσης
1368 1011 1540 1092 Θεόδωρος

248 1142 262 1200 ὁ
285 1137 477 1218 Ταρωνίτης
500 1141 521 1218 †

352 1264 373 1342 †
395 1241 431 1320 Ὅ
456 1260 636 1334 βασιλικὸς
658 1263 813 1341 νστάριος
835 1263 890 1318 τοῦ
912 1261 1072 1340 σεκρέτου
1093 1264 1153 1334 τῆς
1175 1257 1347 1330 θαλάσσης
1366 1259 1540 1316 Κωνσταν-

247 1387 335 1454 τῑνος
355 1383 370 1441 δ
391 1383 571 1462 Ἰκριὼτης.
592 1383 613 1461 †

352 1504 431 1584 †‘0
456 1504 488 1564 ἐν
511 1503 554 1582 τῷ
584 1501 668 1581 αὐτῷ
696 1503 843 1582 σεκρέτῳ
871 1502 1017 1582 ἐνεργῶν
1044 1501 1162 1580 δικαίῳ
1191 1505 1245 1562 τοῦ
1274 1501 1433 1562 αθθὲντου
1456 1500 1540 1560 θείου

249 1645 309 1701 μου
339 1629 393 1684 τοῦ
428 1623 749 1702 μεγαλοδοξοτοίτου
783 1625 1120 1705 τρωτονοβελισίμου
1154 1629 1253 1704 κυροῡ
1283 1625 1453 1704 Στεφάνου
1489 1630 1542 1681 τοῦ

250 1747 396 1828 Ιάβαλᾶ,
423 1751 478 1807 τοῦ
508 1746 686 1820 βασιλικοῦ
719 1747 872 1827 νοταρίσυ
906 1751 960 1808 τοῦ
995 1749 1091 1806 αὺτοῦ
1122 1747 1281 1828 σεκρέτου
1311 1746 1501 1823 Ἔτιροίνισς
1529 1745 1541 1802 ἑ

250 1869 430 1948 Κρατερὸς.
455 1871 477 1949 †

352 1993 373 2070 †
397 1990 431 2048 '0
454 1994 508 2050 τοῦ
537 1991 635 2050 αὺτοῦ
662 1991 822 2070 σεκρέτου
850 1989 1028 2063 βασιλικδς
1056 1991 1209 2070 νοτάρισς
1236 1987 1413 2068 Θεόδωρος
1435 1987 1450 2046 ὁ
1474 1988 1541 2046 Μα-

249 2113 441 2192 δεινος-ί

357 2237 378 2312 †
402 2233 437 2292 '0
466 2233 614 2313 ἐνεργῶν
640 2235 698 2309 τὴν
724 2240 784 2311 τῆς
809 2232 980 2309 θαλάσσης
1009 2233 1166 2294 δουλείαν
1197 2233 1313 2312 δικαίῳ
1342 2235 1397 2291 τοῦ
1426 2251 1542 2290 πανσε-

250 2355 372 2428 βοίστου
404 2355 571 2430 σεβαοτσῦ
606 2353 730 2416 οἰκείου
760 2363 817 2415 τοῦ
846 2359 1005 2436 κραταιοῦ
1030 2353 1086 2416 καὶ
1120 2355 1215 2432 άγίου
1248 2356 1340 2429 ἡμῶν
1379 2353 1543 2428 βασιλέως

249 2475 305 2536 καί
334 2478 525 2555 τιγκέρνης,
559 2481 659 2557 κυρσῦ
680 2478 848 2538 γ’ίιυσίννου
877 2481 933 2538 τοῦ
962 2477 1207 2558 Σεργοτοθλσυ,
1231 2477 1390 2549 Ἰωάννης
1417 2476 1433 2534 ὁ
1463 2475 1542 2552 Χρίι-

249 2598 378 2669 σανθος.
403 2599 424 2678 †

353 2719 431 2800 †‘O
460 2719 605 2799 ἐνεργῶν
632 2722 689 2795 τὴν
715 2727 774 2796 τῆς
801 2721 975 2797 θαλάσσης
1002 2721 1160 2780 δουλείαν
1190 2714 1308 2798 δικαίῳ
1338 2722 1394 2778 τοῦ
1424 2738 1541 2778 πανσε-

248 2841 369 2915 βάστου
398 2841 560 2915 σεβαστοῦ
589 2841 645 2901 καί
674 2843 921 2922 τριμμικηρίσυ
951 2849 1012 2902 τῶν
1045 2842 1298 2922 Βαρδαριιοτῶν,
1328 2845 1430 2922 κυροῦ
1454 2841 1541 2898 Κων-

248 2961 423 3022 σταντίνου
445 2961 534 3040 Ταρό
551 3009 684 3026 ......
693 2985 711 3039 η
735 2965 905 3043 Γεώργιος
928 2966 943 3022 ὁ
965 2965 986 3023 Σ
1004 3009 1115 3026 .....
1140 2967 1161 3044 †

351 3083 430 3161 †‘0
455 3082 600 3162 ἐνεργῶν
628 3083 747 3164 δικαίῳ
777 3089 833 3145 τοῦ
862 3086 1018 3145 αθθέντου
1048 3090 1103 3144 τοῦ
1134 3085 1189 3144 καὶ
1220 3085 1366 3164 ἀδελφοῦ
1390 3103 1460 3163 μου,
1491 3089 1541 3142 τοῦ

246 3203 746 3286 πρωτονοβελισιμοϋτερτάτου
777 3211 875 3287 κνρσῦ
900 3207 1039 3285 Μιχαὴλ
1069 3211 1123 3267 τοῦ
1155 3207 1453 3288 Μεσοτοταμίτου,
1478 3206 1540 3264 Ἰω-

248 3329 348 3400 άννης
371 3327 386 3384 δ
409 3327 703 3404 Μεσοποταμίτης.
727 3330 747 3406 †

353 3454 399 3506 Ea:
426 3455 576 3523 examplari
605 3455 675 3510 adid,
701 3457 724 3510 I.
754 3454 896 3510 salanam
926 3457 954 3509 ιἰι
982 3459 1121 3526 periodica
1158 3450 1302 3531 Πανδώρα,
1337 3457 1389 3511 val.
1426 3456 1540 3518 XVIII,

242 3575 275 3624 p.
300 3559 480 3612 228-230.
505 3559 581 3613 Flar.
605 3575 655 3612 ara
680 3563 728 3614 55.

428 3841 586 3908 XXXVI.
611 3843 836 3928 6705-1196,
861 3867 969 3910 mense
993 3846 1172 3926 novembri,
1196 3847 1261 3912 ind.
1284 3847 1359 3912 XV.

249 4007 403 4076 Imperator
425 4007 537 4061 Αίεαὶιιυ
554 4009 612 4062 III.
637 4009 755 4078 Αιι-ρείασ
793 4010 966 4079 supplicante
999 4013 1096 4066 abbate
1123 4012 1236 4067 Ανσσιιίο
1267 4014 1350 4068 donat
1384 4015 1539 4068 ιιιοιιιιείιτίο

328 4112 479 4165 caenobium
502 4113 601 4165 dictum
626 4113 725 4166 Νοτίου
748 4115 775 4167 ia
798 4114 888 4167 imula
915 4117 994 4168 Orata
1017 4134 1077 4168 aum
1099 4117 1173 4168 bonis
1196 4117 1374 4170 ιἰνιιιιοθίίιῖιαυ
1397 4119 1464 4172 eius.

352 4295 475 4369 Δέησις
499 4296 684 4375 Ἀρσενίσυ,
714 4302 870 4359 ταπεινοῦ
901 4304 1059 4380 μοναχοῦ,
1090 4302 1348 4378 καθηγουμένου
1371 4309 1430 4377 τῆς
1454 4303 1485 4360 ἐν
1507 4309 1539 4382 τῇ

247 4419 334 4494 νήσῳ
366 4417 489 4497 Πάτμῳ
528 4419 721 4495 σεβασμίας
755 4425 861 4494 μονῆς
899 4425 954 4478 τοῦ
987 4422 1209 4498 ἡγαιιημὲνου
1244 4423 1430 4482 ἀποστόλου
1463 4445 1538 4502 παρ-

247 4539 342 4596 θένου
362 4535 417 4597 καὶ
437 4537 612 4618 Θεολὸγου
634 4539 689 4599 καί
712 4548 773 4599 τῶν
797 4541 850 4599 σὺν
874 4541 959 4620 αθτῷ
983 4549 1148 4622 μοναχῶν,
1173 4543 1315 4616 ἀναξίων
1338 4545 1468 4604 δούλων
1490 4543 1539 4603 καὶ

247 4660 403 4734 εθχετῶν.
