3186 5286
257 333 321 400 368

257 529 289 590 δέ
317 528 463 608 ἀμφότεροι
490 530 732 606 μεταμεληθέντες
757 529 800 590 ἐπί
823 533 881 602 ταῖς
903 532 1047 610 προτέραις
1072 529 1212 610 διαφοραῖς
1234 528 1281 590 καὶ
1305 529 1463 610 ἐγκλήμασι
1483 551 1551 611 προ·

256 651 348 726 θῦμως
374 653 444 710 πάνυ
467 650 619 726 πειθηνίους
640 651 804 734 παρείχοντο
828 651 938 723 ἑαυτοὺς
960 649 1007 711 καὶ
1030 650 1107 724 εὐθίις
1130 652 1285 732 ἑκάτερος,
1299 652 1329 711 δν
1353 652 1447 732 ἔφερεν
1470 651 1550 730 ὄγκον

255 769 302 830 καὶ
323 770 431 847 πλῆθος
453 775 634 853 γραμμάτων,
662 775 728 850 ἡμῖν
752 774 839 853 φέρων
868 773 1040 852 ἐνεχείρισεν,
1070 772 1267 852 ἀφιερώσαντες
1294 772 1401 850 ἐκείνην
1427 775 1476 848 τὴν
1504 773 1550 834 ἐκ-

254 893 373 967 κλησίαν
401 891 440 965 εἰς
466 895 514 968 τὴν
541 895 778 974 σταυροπηγιακίην
807 893 929 966 ἐξουσίαν
955 901 1005 970 τῆς
1031 895 1094 954 καθ’
1117 898 1192 970 ἡμᾶς
1218 899 1265 956 τοῦ
1288 896 1403 974 Χριστοῦ
1425 896 1550 974 μεγάλης

256 1013 417 1094 ἐκκλησίας,
440 1017 565 1075 τοσοῦτὸν
584 1035 619 1094 γε
642 1017 697 1092 μὴν
722 1014 886 1098 ἐξῃτήσαντο
909 1017 974 1095 παρ’
994 1017 1083 1096 ἡμῶν,
1107 1018 1182 1088 ὅπως
1205 1016 1234 1075 ἐν
1256 1023 1289 1098 τῇ
1314 1015 1449 1098 ἐκκλησίᾳ
1469 1017 1548 1096 ταθτη

256 1133 294 1207 εἰς
322 1133 407 1195 αἰῶνα
433 1138 479 1196 τδν
508 1139 612 1197 ἅπαντα
640 1137 686 1198 διὰ
707 1139 822 1216 ψυχικὸν
849 1138 1021 1214 μνημάουνον
1048 1139 1269 1214 μνημονεθωνται
1296 1137 1330 1197 τὰ
1356 1138 1478 1213 ὀνόματα
1499 1138 1548 1196 τῶν

254 1259 392 1338 τεσσάρων
415 1259 514 1318 τούτων
537 1265 652 1338 γενεῶν,
677 1259 787 1335 δηλαδὴ
809 1263 855 1320 τοῦ
880 1261 995 1340 Μάρκου
1019 1259 1143 1336 Ῥάλλη,
1171 1263 1217 1320 τοῦ
1239 1258 1305 1319 ποτὲ
1329 1259 1474 1338 Γεωργίσυ,
1496 1257 1548 1317 υίσῦ

254 1384 304 1456 της
328 1377 497 1459 Θεολογοῦς,
521 1385 570 1456 της
593 1381 743 1461 Κυριακῆς,
766 1382 893 1458 γυναικδς
915 1384 961 1440 τοῦ
985 1382 1143 1458 Φωκιανοῦ,
1170 1378 1217 1440 καί
1240 1385 1286 1440 τοῦ
1308 1381 1396 1458 χατζῆ
1420 1381 1547 1459 Δημήτρη

255 1503 406 1582 Μαρκάκη.
439 1501 533 1576 ἐπειδὴ
562 1499 607 1560 οὖν
633 1505 742 1562 τοιαῦτα
771 1501 980 1580 ἐνεφανίσθησαν
1002 1503 1068 1578 ἡμῖν
1090 1501 1124 1560 τά
1147 1501 1263 1581 ῥηθέντα
1285 1504 1437 1582 γράμματα
1458 1499 1506 1560 καί
1528 1499 1548 1558 σί

255 1622 503 1703 ἀντιδιαφερόμενοι
527 1625 647 1693 εὐπετῶς
669 1624 738 1682 πάνυ
762 1623 957 1698 διαλυσάμενοι
979 1624 1047 1702 πρὸς
1070 1621 1214 1698 ἀλλήλους
1237 1622 1270 1681 τά
1293 1621 1460 1700 ἐγκλήματα
1481 1620 1547 1695 ὑπη-

253 1745 334 1816 κάους
361 1749 427 1824 σφάς
455 1745 549 1816 αὐτοὺς
575 1743 740 1823 παρείχοντο
766 1750 799 1826 τῇ
822 1745 945 1825 ἡμετέρᾳ
968 1749 1151 1825 πατριαρχικῇ
1178 1741 1225 1804 καὶ
1248 1743 1374 1825 συνοδικῇ
1397 1741 1546 1822 συμβουλῇ,

254 1863 300 1926 διὰ
321 1870 405 1926 ταῦτα
425 1871 476 1944 τῆς
498 1871 684 1946 χριστιανικῆς
707 1865 858 1936 εὐπειθείας
882 1866 1071 1936 ἐπαινέσαντες
1099 1864 1193 1934 αὐτοίις
1217 1861 1412 1940 ἀπεδεξάμεθα
1434 1862 1546 1938 κοίτην

254 1985 358 2060 αἴτησον
385 1989 423 2057 ὡς
451 1985 567 2065 εάλογον
594 1985 640 2046 καί
668 1985 776 2047 δικαίαν
799 1985 890 2066 οὖσαν,
917 1987 1170 2067 προσδιορισάμενοι
1193 1985 1238 2045 διά
1260 1987 1290 2046 τδ
1313 1985 1424 2062 μᾶλλον
1447 1985 1546 2046 ἀοκαν·

254 2109 382 2170 δάλιστον
409 2107 455 2169 καὶ
482 2109 630 2190 ἀτάραχον,
659 2109 732 2180 ὅπως
761 2108 859 2185 μηδείς
881 2129 948 2170 ποτε
980 2109 1013 2168 ἐκ
1041 2113 1096 2168 τῶν
1126 2109 1253 2188 ἀνωτέρω
1283 2109 1419 2189 τεσσάρων
1447 2113 1546 2186 γενεῶν

254 2231 306 2313 ἔχη
334 2231 429 2291 ἀδειαν
457 2229 605 2311 ἱερουργεῖν
634 2231 662 2290 ἐν
689 2236 721 2312 τῇ
746 2228 877 2314 εἰρημένη
901 2231 1047 2312 ἐκκλησίᾳ.
1080 2231 1121 2291 διδ
1150 2228 1198 2290 καί
1224 2233 1375 2310 γράφοντες
1401 2229 1545 2307 ἀποφαινέ-

253 2354 325 2428 μεθα
358 2352 506 2424 συνοδικῶς
540 2353 610 2428 μετά
643 2357 696 2411 τῶν
729 2351 790 2433 περὶ
821 2354 896 2428 ἡμᾶς
930 2350 1085 2433 ἱερωτάτων
1118 2352 1269 2432 ἀρχιερέων
1303 2349 1351 2412 καὶ
1384 2351 1545 2431 ὑπερτέρων,

251 2479 305 2533 τῶν
336 2475 365 2533 ἐν
396 2473 467 2553 ἁγίῳ
500 2474 632 2550 πνεύματι
667 2472 816 2550 ἀγαπητῶν
845 2475 925 2548 ἡμῶν
959 2475 1084 2554 ἀδελφῶν
1118 2471 1166 2532 καὶ
1195 2472 1423 2554 συλλειτσυργῶν,
1458 2471 1501 2531 ἵνα
1529 2473 1545 2544 ἡ

253 2595 366 2676 ρηθεῖσα
390 2595 462 2655 κατὰ
488 2596 536 2670 τὴν
554 2601 644 2670 νῆσον
669 2596 781 2670 Πάτμον
809 2595 945 2671 ἐκκλησία
971 2599 1017 2655 τοῦ
1045 2595 1131 2674 άγίου,
1163 2592 1272 2667 ἐνδόξου
1304 2593 1547 2673 μεγαλομάρτυρος

253 2715 390 2797 Γεωργίσυ
405 2719 451 2776 τοῦ
466 2717 677 2800 Τροπαιοφάρου,
696 2717 882 2796 ἐπιλεγομένη
899 2712 954 2802 [δὲ]
969 2722 1019 2795 τῆς
1036 2716 1137 2797 Πόθας,
1161 2718 1233 2792 μετά
1246 2720 1354 2776 πάντων
1369 2721 1423 2776 τῶν
1438 2717 1545 2790 κτημά-

252 2859 315 2917 των,
343 2840 512 2918 πραγμάτων
536 2836 582 2898 καί
606 2837 801 2918 ἀφιερωμάτων
826 2839 923 2920 αὐιῆς,
951 2845 1005 2898 τῶν
1027 2859 1057 2898 τε
1079 2837 1132 2916 ἤδη
1157 2838 1239 2898 ὄντων
1266 2837 1389 2898 καὶτῶν
1414 2835 1546 2898 εἰσέπειτα

251 2961 523 3040 προσγενησομένων,
546 2959 656 3041 ὑπάρχῃ
671 2965 717 3020 τοῦ
732 2960 829 3022 λοιποῦ
844 2961 967 3040 ἡμετέρα
982 2963 1180 3040 πατριαρχική,
1204 2962 1442 3040 οταυροττηγιακη,
1462 2979 1545 3038 προσ-
1584 2997 1585 3000 =

252 3082 385 3158 ηλωμένη
409 3103 440 3142 τε
464 3081 511 3142 καί
538 3079 710 3162 ἀφιερωμένη
734 3082 919 3162 ἀναφαιρέτως
946 3081 993 3142 καὶ
1017 3082 1233 3154 ἀναποσπάστως
1261 3079 1299 3152 εἰς
1322 3082 1352 3141 τδ
1375 3081 1456 3162 ῥηθὲν
1478 3078 1546 3139 κατά
1584 3125 1585 3146 ,

251 3206 333 3264 τόπον
357 3204 430 3285 ίερδν
457 3203 502 3264 καί
530 3204 677 3280 σεβάσμιον
700 3205 833 3283 ἡμέτερον
856 3205 1051 3283 πατριαρχικδν
1078 3201 1125 3262 καὶ
1147 3204 1382 3282 σταυροοτηγιακδν
1410 3203 1545 3278 μοναστη-
1584 3233 1585 3236 ¹

252 3347 308 3406 ριον
330 3330 376 3386 τοῦ
399 3326 477 3405 ἀγίου
493 3326 621 3385 Ἰωάννου
644 3329 689 3385 τοῦ
704 3324 858 3406 Θεελόγου,
881 3331 974 3401 κτῆμα
997 3325 1101 3385 ἐκείνου
1125 3323 1191 3384 οὖσα
1205 3345 1235 3384 τε
1257 3321 1305 3384 καί
1326 3325 1479 3403 λεγομένη,
1501 3319 1544 3381 καί

252 3452 297 3508 τοῦ
329 3447 358 3508 ἐν
385 3450 452 3530 αὐτῇ
482 3448 553 3507 κατὰ
582 3447 691 3530 καιροὺς
722 3447 922 3527 ἰερευργοῦντος
952 3446 1204 3522 ἀποκαθισταμένου
1230 3467 1259 3506 τε
1289 3443 1336 3504 καὶ
1366 3445 1544 3526 διοριζομένον

252 3569 326 3648 παρά
352 3573 399 3628 τοῦ
427 3569 555 3649 ῥηθέντος
583 3567 771 3648 μοναστηρίου,
802 3570 1050 3644 μνημονευομένων
1081 3567 1110 3626 ἐν
1141 3567 1208 3650 αῦτη
1238 3567 1292 3626 τῶν
1323 3567 1464 3644 ὀνομάτων
1493 3569 1543 3624 τῶν

252 3689 380 3771 ἀνωτέρω
410 3688 561 3770 εἰρημένων
592 3693 729 3769 τεσσάρων
756 3695 860 3769 γενεῶν
891 3688 1076 3761 ἀδιαλείπτως
1105 3687 1152 3749 καί
1181 3686 1220 3762 εἰς
1247 3685 1332 3748 αἰῶνα
1359 3689 1406 3748 τδν
1433 3689 1544 3764 ἅπαντα,

252 3811 363 3889 δηλαδὴ
386 3815 432 3873 τοῦ
455 3813 570 3892 Μάρκου
591 3811 713 3890 Ῥάλλη,
736 3815 782 3871 τοῦ
804 3811 871 3871 ποτὲ
894 3809 1041 3890 Γεωργίσυ,
1064 3810 1120 3870 υἱοῦ
1140 3817 1190 3887 της
1211 3811 1278 3872 ποτὲ
1301 3807 1474 3890 Θεολογοῦς,
1496 3813 1545 3883 τῆς

251 3934 406 4014 Κυριακῆς,
433 3935 561 4014 γοναικδς
586 3937 633 3992 τοῦ
656 3933 814 4009 Φωκιανοῦ,
841 3931 888 3992 καὶ
911 3936 956 3992 τοῦ
978 3934 1068 4010 χατζῆ
1092 3935 1224 4012 Δημήτρη
1249 3932 1401 4012 Μαρκάκη,
1428 3929 1544 4008 μηδενές
1584 3931 1585 3938 ’

250 4057 343 4132 μέντοι
375 4055 534 4130 τολμῶντος
556 4033 613 4114 τοῦ
643 4053 740 4114 λοιποῦ
770 4053 917 4132 ἐπιχειρεῖν
949 4059 982 4134 τῇ
1014 4054 1150 4136 ἐκκλησίᾳ
1178 4054 1260 4135 ταίτη
1294 4054 1333 4126 ῶς
1361 4057 1543 4133 προπατσρικῄ
1584 4089 1585 4096 1

250 4183 410 4259 κτητσρικῇ,
442 4177 514 4254 μηδὲ
541 4175 691 4257 ἱερουργεῖν
720 4175 748 4235 ἐν
777 4175 843 4258 οιύτῇ
866 4196 938 4248 τινος
966 4176 999 4236 ἐκ
1025 4182 1080 4236 τῶν
1108 4177 1235 4256 ἀνωτέρω
1258 4173 1410 4255 εἰρημένων
1432 4179 1542 4253 γενεῶν.

251 4300 323 4372 ὅστις
345 4299 377 4359 δέ
400 4299 447 4360 καί
469 4301 562 4373 θπσῑος
585 4299 639 4358 τῶν
662 4306 822 4378 χριστιανῶν
846 4301 942 4379 μινρδς
964 4302 982 4374 ὴ
1006 4301 1096 4377 μέγας
1119 4299 1186 4374 ἀνὴρ
1208 4301 1227 4371 ἢ
1249 4299 1332 4376 γυνή,
1356 4296 1541 4378 ίερωμένοςῆ
1584 4359 1585 4376 ,

250 4419 358 4504 λαϊκές,
381 4421 508 4504 τολμηση
529 4425 576 4482 τοῦ
602 4421 699 4481 λοιποῦ
726 4419 950 4481 ἀνακαλέσασθαι
978 4419 1112 4500 οίῳδήτινι
1140 4423 1231 4500 τρόπῳ
1256 4419 1305 4494 τὴν
1331 4419 1394 4498 περὶ
1419 4425 1468 4494 τῆς
1492 4415 1542 4474 ἐκ·
1584 4479 1585 4498 ,

249 4541 367 4617 κλησίας
393 4542 492 4616 ταῦτ-ης
520 4540 688 4620 διαφοράνῆ
716 4540 864 4620 ἀνατρέψαι
890 4543 939 4615 τἠν
966 4543 1201 4620 σταυροπηγιακὴν
1233 4542 1316 4616 αὐτῆς
1347 4538 1466 4614 ἐξουσίαν
1492 4533 1541 4596 καὶ
1584 4527 1585 4548 ’

249 4663 298 4737 τὴν
326 4661 366 4734 εἰς
391 4664 422 4723 τέ
450 4662 530 4740 ῥηθὲν
557 4663 737 4738 μοναστήριον
764 4663 907 4741 ἀφιέρωσιν
932 4664 952 4735 ἡ
980 4662 1159 4737 μετακινῆοαί
1185 4683 1209 4722 τι
1235 4667 1290 4722 τῶν
1317 4663 1443 4742 ἀνωτέρω
1471 4662 1541 4719 ἀπο-
1584 4681 1585 4744 ,
