3160 5292
249 329 313 394 250

247 532 297 603 τῆς
325 525 467 602 βασιλείας
494 549 546 600 μου
575 527 638 589 ουδὲ
669 527 694 588 οἱ
724 528 878 604 μέλλοντες
907 534 1017 606 ποιῆσαι
1048 521 1235 610 ἀπογραρικὴν
1262 527 1475 590 ἀποκατάστασιν
1508 531 1532 588 ἐν

247 652 305 720 ταῖς
336 647 517 723 θηλωθείσαις
545 651 653 730 νήσοις,
684 651 748 710 ἔνθα
778 649 943 728 εὑρίσκονται
973 651 1007 710 τά
1037 654 1170 730 προσόντα
1199 657 1232 732 τῇ
1261 653 1372 732 τοιαύτη
1402 651 1532 730 σεβασμίᾳ

248 777 317 852 μονῇ
345 772 460 849 μετόχιά
481 791 512 831 τε
542 771 588 832 καί
618 772 702 832 λοιπά
728 775 865 850 κτήματα,
899 774 1004 851 ἔχουσιν
1033 759 1126 834 ἀθειάν
1154 771 1286 834 εἰσελθεῖν
1309 771 1355 832 καὶ
1376 779 1485 848 ποιῆσαι
1508 773 1533 830 ἑν

249 894 338 963 αὐτοῖς
360 893 408 968 τἠν
429 897 560 971 παροῦσαν
583 894 768 974 ἀναθεώρησιν
790 893 837 954 καὶ
860 894 1088 974 ἀποκατάστασιν,
1116 895 1193 956 ἀλλὰ
1213 892 1324 968 καθέξει
1346 893 1392 955 καὶ
1414 895 1533 970 νεμηθή-

248 1035 323 1074 σεται
349 1018 432 1075 ταῦτα
461 1000 549 1076 πάντα
578 1015 752 1094 ἀνενόχλητα
781 1015 827 1076 καί
856 1016 1023 1096 ἀόιάσειστα,
1052 1018 1090 1076 ἔτι
1117 1015 1281 1096 ἀναροίρετά
1302 1037 1333 1076 τε
1358 1015 1405 1076 καὶ
1431 1016 1532 1076 ἀναπό-

247 1157 364 1198 σπαστα·
390 1135 433 1198 ἐπὶ
454 1139 538 1216 τούτῳ
558 1137 612 1217 γάρ
632 1139 732 1217 γέγονε
755 1140 770 1198 ό
791 1139 885 1219 παρὼν
907 1138 1114 1220 χρυσόβουλλος
1136 1140 1223 1216 λόγος
1244 1145 1293 1214 τῆς
1316 1137 1457 1212 βασιλείας
1473 1159 1531 1216 μου,

248 1258 391 1332 ἀπολυθείς
424 1260 508 1320 κατά
541 1266 628 1336 μῆνα
662 1261 862 1341 δεκέμβριον
896 1267 954 1336 τῆς
985 1261 1204 1339 ἐνισταμένης
1239 1259 1421 1334 ἑνδεκάτης
1455 1259 1531 1320 ίνθι-

246 1389 398 1454 κτιῶνος
436 1387 496 1443 τοῦ
528 1381 823 1461 έξαιιισχιλιοστοίι
861 1384 1119 1444 όκτακοσιοστοῦ
1156 1388 1354 1462 τριακσσιοῡ
1389 1385 1532 1457 πέμπτου

247 1505 353 1583 έτους,
378 1505 406 1564 ἐν
422 1500 445 1585 ᾧ
462 1504 509 1565 καὶ
530 1507 560 1565 τό
582 1506 716 1586 ἡμέτερον
740 1505 852 1577 είισεβὲς
874 1503 920 1566 καί
944 1505 1147 1585 θεοπρόβλητον
1169 1506 1362 1581 θπεσημηνσιτο
1384 1507 1492 1584 κράτος
1514 1506 1532 1578 †

349 1627 615 1708 γἈνδρόνικσς,
650 1627 683 1687 ἐν
711 1626 838 1709 Χριστῷ
867 1625 910 1706 τῷ
936 1627 1000 1706 θεῷ
1025 1629 1139 1700 πιστός
1169 1626 1328 1701 βασιλεὺς
1358 1625 1416 1686 καὶ
1443 1628 1531 1686 αυτο-

245 1751 373 1829 κράτωρ
397 1749 577 1828 Ῥωμαίων,
601 1750 616 1809 ό
640 1749 932 1828 Παλαιολιόγος.γ

348 1877 491 1952 Ατσίιοίμμ.
518 1880 627 1935 membr.
655 1879 731 1934 Flor.
760 1897 810 1934 ιιτο
832 1880 881 1934 37.
911 1878 1062 1949 Εασοιρίστ
1089 1878 1153 1933 ibid.
1182 1895 1232 1932 nro
1253 1880 1302 1934 38.
1328 1878 1417 1932 Ιθιτοτ
1444 1877 1472 1932 ίιι
1497 1877 1533 1928 ιἰι-

245 1983 367 2039 dictim.

458 2271 577 2337 CVIII.
602 2269 826 2352 6837-1329,
849 2293 960 2336 mense
982 2273 1135 2356 ianuario,
1160 2269 1225 2336 ind.
1248 2269 1324 2335 XII.

246 2422 398 2492 Imperator
420 2421 588 2476 Αιοάνοιιίωω
604 2421 664 2476 ΙΙΙ.
688 2421 868 2493 Ραίαατίυρυε
896 2422 1055 2476 monasterio
1078 2419 1218 2489 confimat
1240 2436 1329 2473 οοιιιοσ
1346 2419 1532 2488 possessiones.

349 2605 469 2686 γ’θιιεὶ
499 2607 524 2668 οἱ
553 2608 746 2683 ἐνασκοίιμενσι
773 2604 890 2684 μσναχοί
917 2613 950 2690 τῇ
973 2607 1045 2667 κατά
1065 2607 1115 2681 τὴν
1137 2609 1217 2680 νῆσον
1241 2605 1290 2679 τὴν
1315 2604 1427 2679 Πάτμον
1451 2603 1532 2677 σεβα-

245 2727 311 2811 σμίᾳ
337 2735 406 2810 μονῇ
432 2737 465 2813 τῇ
494 2727 533 2800 είς
560 2729 647 2805 ὄνομα
673 2731 813 2811 τιμωμένη
840 2733 886 2789 τοῦ
914 2727 942 2788 ἐν
969 2727 1131 2800 ἀποστόλοις
1156 2727 1337 2806 ἠγαπημένον
1367 2723 1405 2803 τῷ
1436 2729 1532 2803 σωτῆρι

245 2849 350 2930 Χριστῷ
383 2853 515 2932 παρθένου
546 2853 673 2912 Ἰωάννου
705 2856 751 2912 τοῦ
781 2850 925 2930 Θεολόγου
961 2851 1118 2930 ἐνεφάνισαν
1153 2847 1193 2921 εἰς
1229 2848 1278 2923 τὴν
1312 2845 1455 2922 βασιλείαν
1486 2868 1533 2920 μου

242 2972 449 3052 χρυσόβουλλον
475 2977 521 3032 τοῦ
545 2974 623 3052 ἀγίου
646 2995 698 3048 μου
721 2974 846 3034 αὺθέντου
872 2970 919 3033 καὶ
943 2972 1092 3052 βασιλέως,
1115 2974 1161 3031 τοῦ
1182 2972 1293 3030 πάππου
1316 2989 1377 3046 μου,
1400 2971 1532 3046 προστάσ-

245 3114 289 3154 οον
323 3095 369 3156 καί
404 3094 586 3174 ἀισριζόμενον
620 3095 784 3172 κατέχεσθαι
817 3093 892 3173 παρὰ
925 3099 973 3168 τῆς
1006 3093 1068 3152 κατ’
1101 3091 1195 3163 αθτοθς
1228 3091 1355 3166 τοιαίιτης
1389 3089 1533 3164 σεβασμίας

244 3223 328 3293 μονῆς
362 3220 450 3276 πάντα
482 3217 516 3276 τὰ
544 3219 679 3296 προσόντα
711 3218 777 3296 αθιῄ
811 3213 858 3276 καί
891 3213 962 3274 κατὰ
993 3216 1077 3292 μέρος
1108 3213 1136 3273 ἐν
1169 3211 1240 3291 αυτῷ
1270 3211 1309 3291 τῷ
1337 3211 1531 3292 γρυσοβσθλλῳ

244 3338 490 3413 όιαλαμβανόμενα
508 3338 701 3415 ἀνενοχλήιως
724 3335 771 3397 καί
787 3335 962 3407 ἀθιασείστως
983 3334 1030 3396 καί
1046 3335 1231 3415 ἀναραιρέτως
1250 3333 1297 3396 καὶ
1314 3335 1530 3407 ἀναποσπάστως,

244 3462 261 3518 ἀ
289 3459 323 3534 όὴ
353 3457 401 3518 καὶ
433 3460 541 3537 ἔχουσιν
571 3461 667 3531 οθτως·
696 3461 713 3534 ἡ
737 3459 894 3534 θηλωθείσα
926 3464 1008 3535 νῆσος
1037 3460 1055 3535 ἡ
1083 3458 1196 3534 Πάτμος
1229 3458 1300 3518 κατὰ
1332 3458 1382 3532 τὴν
1416 3457 1530 3518 καθόλου

244 3579 402 3639 δεσποτείαν
424 3579 471 3640 καί
497 3583 650 3660 κυριότητα,
678 3581 717 3653 ὡς
739 3580 889 3661 εὑρίσκεται
915 3581 1090 3658 κατεχομένη
1117 3579 1181 3658 παρ’
1206 3581 1293 3640 αὐτῶν
1321 3577 1374 3638 τιῖιν
1397 3583 1530 3656 μοναχῶι,

243 3701 277 3760 τά
298 3699 359 3780 περὶ
382 3703 463 3777 αιίτὴν
487 3702 532 3762 δύο
555 3703 672 3780 νησίόια,
696 3705 726 3764 τό
748 3708 798 3779 τῆς
821 3703 938 3778 Λειψοῦς
961 3699 1007 3762 καὶ
1029 3703 1059 3762 τό
1082 3701 1274 3780 Ἀγαθονησιον
1295 3701 1454 3776 λεγόμενα·
1478 3695 1531 3776 περὶ

243 3825 288 3882 τὀν
312 3823 468 3902 Μαίανδρον
495 3827 624 3902 μετόχιον
651 3824 798 3904 όΠίιργος
825 3823 895 3897 μετὰ
920 3828 974 3882 τῶν
999 3823 1153 3903 προσόντων
1182 3822 1253 3902 αὐτῷ
1282 3821 1394 3884 δικαίων
1428 3819 1475 3880 καί
1506 3821 1530 3875 το

244 3943 360 4020 πλησίον
390 3946 481 4004 τοότου
510 3949 649 4025 χωράριον
679 3948 710 4006 τό
739 3951 790 4021 της
816 3945 919 4017 Γωνίας
950 3945 1197 4023 ἐπονομαζόμενον,
1230 3942 1294 4004 ὡσεί
1326 3943 1475 4022 ζευγαρίων
1506 3945 1530 3996 ὀν

244 4069 389 4145 τεσσάρων.
425 4069 553 4146 μετόχιον
585 4067 613 4126 ἐν
642 4075 674 4150 τῇ
706 4071 780 4146 νήσῳ
807 4065 857 4146 Κῷ
889 4066 927 4140 εἰς
955 4067 1041 4142 ὄνομα
1071 4070 1224 4142 τιμώμενον
1254 4071 1303 4142 τῆς
1332 4068 1530 4143 πανυπεράγιου

246 4187 388 4264 όετπσίνης
414 4189 461 4249 καί
484 4191 651 4270 θεομήτορος
677 4189 724 4250 καὶ
749 4189 964 4265 ἐπικεκλημένον
987 4194 1040 4249 τῶν
1063 4189 1193 4249 Σπονθῶν
1217 4189 1287 4262 μετὰ
1309 4195 1362 4248 τῶν
1384 4191 1529 4266 προσόντων

246 4309 316 4388 αὐτῲ
348 4310 469 4391 δικαίων,
499 4311 583 4389 ἤγουν
609 4319 662 4372 τῶν
688 4311 835 4392 χωραρίων
861 4316 915 4370 τῶν
943 4311 971 4370 ἐν
998 4314 1055 4382 τοῖς
1079 4311 1251 4391 Περιπάτοις,
1278 4313 1335 4381 τοῖς
1359 4306 1528 4390 Πετρωρείοις

245 4429 290 4490 καί
316 4434 372 4502 τοῖς
398 4439 446 4507 της
471 4433 660 4511 Ἀντιμαχίας,
693 4435 731 4494 ἔτι
760 4433 790 4494 δὲ
817 4431 864 4494 καί
890 4437 936 4492 τοῦ
965 4433 1091 4508 μόλωνος
1117 4435 1163 4491 τοῦ
1189 4429 1381 4511 περιελθόντος
1407 4439 1438 4513 τῇ
1465 4431 1526 4506 μονῇ

247 4551 279 4610 ἐκ
299 4552 486 4630 προσενέξεως
508 4559 553 4613 τοῦ
576 4555 722 4634 Διογένους
743 4552 790 4614 καί
813 4553 985 4628 διακειμένου
1009 4555 1037 4613 ἐν
1060 4557 1115 4623 τοῖς
1137 4557 1184 4612 τοῦ
1207 4553 1393 4634 Ευόρομαρίου
1415 4551 1459 4612 καὶ
1480 4559 1527 4610 των

248 4673 275 4732 ἐν
297 4663 335 4751 τῷ
363 4674 434 4751 αὐτῷ
462 4675 583 4754 μετοχίῳ
609 4675 840 4755 προσκαθημένων
862 4674 947 4748 ξένων
974 4674 1020 4736 καί
1047 4673 1085 4754 τῷ
1113 4674 1236 4753 δημοσίῳ
1263 4675 1474 4753 ἀνεπιγνιθστων.
1500 4671 1525 4728 ἐν
