3162 5278
1254 341 1318 407 319

37 535 73 592 καί
99 533 229 610 είδήσεως
257 540 307 611 τῆς
337 531 474 605 συνάξεως
503 539 556 594 τῶν
586 536 711 614 πατέρων
740 535 775 594 τθι
800 539 909 594 τοιαῦτα
937 533 1043 614 όρρίκια
1069 533 1235 594 διδόσθωσαν
1262 540 1318 608 τοῖς

36 663 119 727 κοινῶς
140 655 310 734 ἀναφανεῖσιν
334 653 429 728 ἀξίοις.
457 657 471 714 ό
495 655 526 716 δέ
550 655 647 727 ἀλλως
668 677 727 728 πως
749 655 847 730 λαβεῖν
870 655 1013 730 τολμήσας
1036 655 1154 736 δρρίκιον
1178 676 1318 733 μοναστη-

38 779 97 856 ρικον
117 779 274 857 καθαιρέσει
296 775 343 836 καί
366 776 506 856 ἀρορισμῷ
533 777 603 852 μετὰ
625 780 708 836 ταῦτα
730 777 794 854 παρ’
817 777 896 851 ἡμῶν
919 776 1211 852 καθυποβληθήσεται·
1234 781 1318 836 ταῦτα

36 901 78 978 γἰρ
94 903 181 958 τάντα
200 904 345 978 προφανῶς
360 897 425 958 εἰσιν
445 897 543 978 ἄτοπα,
567 899 779 978 ἀπηγορευμένα
801 897 847 957 καὶ
871 898 1005 978 ἀλλότρια
1027 903 1076 974 τής
1100 905 1319 979 μοναστηριακῆς

36 1019 145 1093 εὐταξίας
167 1019 215 1080 καὶ
234 1027 284 1097 τῆς
303 1025 540 1100 σταυροπηγιακῆς
562 1025 643 1095 τιμῆς
666 1019 712 1079 καὶ
736 1015 815 1092 ἀξίας
837 1023 883 1079 τοῦ
907 1019 1085 1100 μοναστηρίου
1107 1023 1209 1097 τούτου,
1232 1041 1318 1081 κατε-

35 1145 165 1218 γιωομένα
187 1162 218 1201 τε
247 1141 294 1200 καί
322 1141 461 1216 έπίμωμα.
488 1142 519 1212 δς
547 1141 571 1200 δ’
595 1144 628 1200 ἀν
650 1142 778 1223 τολμήσῃ
800 1162 824 1200 τι
851 1147 905 1200 τῶν
931 1143 1057 1202 τοιοότων
1090 1142 1242 1221 ἀντιλέγων
1273 1141 1319 1203 καὶ

35 1264 226 1338 έντιντιοθμενος
253 1265 309 1335 τοῖς
336 1262 485 1334 συνοδικῶς
506 1263 572 1338 ἡμῖν
600 1263 775 1342 ἀπορανθεῑοι
805 1261 851 1322 καὶ
882 1261 1050 1344 διορισθεῖσιν
1082 1263 1110 1322 έν
1139 1265 1178 1343 τῷ
1208 1266 1319 1344 παρόντι

33 1383 70 1442 καὶ
96 1385 207 1466 θηλήση
236 1385 484 1464 καταθρασὺνεσθοιι
513 1388 560 1442 τοῦ
586 1385 740 1461 ἡγουμένου
770 1382 816 1444 καὶ
846 1390 895 1460 τῆς
926 1387 1082 1460 κοινότητος
1110 1391 1164 1444 τῶν
1193 1388 1319 1466 πατέρων

34 1509 146 1584 συγχέων
174 1507 224 1582 τὴν
247 1507 467 1586 μοναστηριακὴν
491 1502 615 1578 εθταξίαν
639 1505 725 1566 αθτῶν
748 1505 795 1566 καί
818 1506 866 1581 τὴν
889 1508 1126 1586 σταυροπηγιακὴν
1151 1506 1318 1588 ἐλευθερίαν,

31 1629 175 1700 ότοιοῡτος
205 1632 251 1688 τοῦ
278 1627 413 1708 ἱερατικοῦ
443 1627 495 1703 μὲν
522 1631 560 1688 ῶν
587 1629 744 1707 καταλόγου
771 1628 856 1709 ἀργός
885 1627 926 1703 εἴη
954 1630 1044 1704 πόσης
1072 1625 1245 1708 ἱεροπραξίας
1272 1627 1319 1688 καὶ

32 1750 200 1829 ἐστερημένος
232 1750 333 1821 παντὸς
368 1750 594 1823 έκκλησιαοτικοῦ
626 1747 819 1829 εἰσοδήματος,
854 1749 953 1821 λαϊκδς
983 1749 1014 1808 δὲ
1046 1749 1232 1830 ἀφωρισμένος
1266 1751 1319 1808 ἀπό

30 1872 82 1930 θεοῦ
102 1871 195 1952 κυρίου
218 1874 437 1952 παντοκράτορος
464 1871 511 1932 καὶ
533 1873 724 1952 κατηραμένος
750 1869 798 1931 καὶ
826 1871 1020 1951 ἀσυγχώρητος
1047 1872 1076 1930 ἐν
1102 1871 1142 1950 τῷ
1169 1876 1213 1932 νῦν
1242 1869 1319 1932 αἰῶνι

29 1991 68 2052 καὶ
93 1995 121 2052 ἐν
149 1992 188 2072 τῷ
217 1993 350 2068 μέλλοντι
377 1991 424 2052 καί
452 1993 522 2067 μετὰ
548 1994 663 2053 θοίνατον
692 1988 793 2066 ἀλυτος
820 1992 867 2052 καὶ
894 1996 994 2065 πόσαις
1021 1995 1081 2065 ταῖς
1103 1995 1246 2075 πατρικαῖς
1272 1991 1320 2052 καὶ

30 2115 173 2188 τινοδικαῖς
201 2115 280 2196 ἀραῖς
306 2113 413 2193 καὶτῷ
438 2113 537 2194 αἰωνίῳ
560 2115 711 2190 ἀναθέματι
737 2115 864 2186 ὑπόδικος
890 2115 937 2175 καὶ
965 2116 1063 2194 ένοχος
1089 2119 1135 2176 τοῦ
1161 2117 1244 2196 πυρδς
1270 2121 1320 2190 τῆς

28 2239 135 2312 γεέννης
164 2235 213 2296 καί
240 2243 291 2313 τῆς
322 2237 503 2312 ἀτελευτήτου
533 2235 580 2298 καὶ
609 2237 827 2312 διαινωνιζοθοης
853 2234 1007 2309 κολάσεως.
1042 2238 1104 2296 ὅθεν
1136 2236 1175 2309 εἰς
1206 2234 1319 2309 ἔνδειξιν

29 2357 131 2433 ἐγένετο
161 2357 209 2419 καί
235 2361 266 2420 τδ
292 2361 380 2439 παρόν
401 2360 597 2440 πατριαρχικδν
619 2361 699 2436 ἡμῶν
721 2357 838 2438 γράμμα
864 2357 912 2418 καὶ
939 2359 1057 2434 ἐπεδόθη
1084 2356 1122 2438 τῷ
1146 2357 1321 2439 διαληφθέντι

28 2481 193 2558 μονοιστηρίῳ
219 2485 265 2540 τοῦ
289 2479 443 2558 Θεσλόγου.
474 2479 581 2562 Ιαψιέ,
611 2481 644 2538 ἐν
667 2479 746 2556 μηνὶ
773 2479 975 2560 δεκεμβρίῳ,
1004 2479 1212 2553 ἰνδικτιῶνος
1238 2479 1273 2540 θ’.
1298 2482 1319 2560 †

27 2601 99 2676 †‘0
123 2601 330 2681 Καισαρείας
354 2603 542 2680 Γερόσιμος.
566 2603 587 2682 †
698 2603 718 2682 †
742 2602 777 2661 ‘0
800 2601 1024 2677 Χαλκηδόνος
1047 2602 1227 2682 Κόριλλος.
1251 2604 1272 2682 †

26 2722 97 2796 †‘0
122 2722 356 2799 Νικομηδείας
379 2717 527 2794 Παίοιος.
551 2725 572 2802 †
697 2723 718 2801 γ
741 2721 773 2780 ‘0
799 2721 941 2794 Κυζίκου
964 2721 1155 2796 Αὺξέντιος.
1180 2726 1201 2804 †

26 2845 98 2920 †'0
122 2845 328 2924 Ἡρακλείας
352 2845 535 2917 Γεννόδιος.
559 2845 579 2922 †
697 2843 718 2921 †
742 2843 777 2902 ‘0
801 2844 997 2920 Μυτιλήνης
1019 2844 1266 2924 Νικόδημοςγ

122 2973 270 3044 Ατοίισόμμ.
295 2973 372 3030 Flor.
390 2974 432 3028 ΙΙ.
455 2991 506 3026 nro
524 2973 572 3028 61.

226 3294 361 3360 CXLII.
387 3291 612 3376 7227-1719,
635 3315 746 3358 mense
769 3295 923 3377 ianuari0,
946 3291 1012 3357 ind.
1037 3292 1113 3358 XII.

27 3415 188 3499 Ραίέτὶκτσθα
203 3445 332 3498 Ieremias
349 3443 408 3496 ΠΙ.
427 3442 550 3496 Ραίιιιίτιιι
573 3447 598 3494 εί
619 3441 737 3510 synodus
757 3441 888 3494 dirimunt
911 3441 1119 3494 σοιιίτουανεία-ιιι
1141 3441 1211 3496 αἰτίαν
1231 3459 1320 3495 mona·

58 3551 171 3602 sterium
195 3555 220 3604 et
241 3548 405 3602 habitatores
428 3545 534 3599 insulae
556 3545 625 3598 Lerz'
644 3545 676 3598 de
699 3545 811 3599 ecclesia
835 3543 863 3599 S.
886 3545 1006 3616 Viryinis
1028 3543 1077 3614 τῆς
1093 3537 1278 3616 Ὑπαποιντῇς.

121 3747 353 3830 ήἹερεμίας,
389 3747 475 3826 έλέῳ
507 3747 582 3805 θεοῦ
614 3745 882 3825 ἀρχιεπίσκοπος
913 3747 1320 3829 Κωνσταντινουπόλεως,

25 3867 107 3943 Νέας
131 3872 281 3950 Ῥώμης,
303 3869 359 3929 καὶ
382 3867 617 3944 οἰκουμενικδς
638 3870 857 3948 πατριάρχης.
881 3869 902 3948 †

123 4064 145 4142 †
170 4061 223 4136 Μὴ
251 4059 388 4120 ἐκκλίνειν
415 4057 455 4132 εἰς
481 4059 515 4118 τά
542 4055 620 4130 δεξιὰ
642 4062 660 4133 ἢ
684 4057 723 4128 είς
750 4059 785 4118 τά
811 4059 938 4139 ἀριστερὰ
964 4059 981 4132 ή
1011 4058 1056 4118 διά
1079 4060 1206 4130 Μωσέως
1234 4057 1320 4138 διορί-

26 4183 92 4252 ζεται
122 4184 260 4262 διαθήκη,
291 4183 409 4242 τουτέστι
436 4181 484 4256 τἠν
512 4179 572 4254 ἴσην
601 4181 703 4239 όδεθειν
730 4186 780 4255 τῆς
808 4181 978 4256 δικαιοσύνης
1006 4179 1069 4240 δδδν
1096 4179 1142 4240 καί
1171 4181 1220 4257 τήν
1251 4182 1320 4240 ἑκα-

24 4307 136 4386 τέρωθεν
162 4304 294 4386 ἀμετρίαν
317 4305 496 4384 φυλάττεσθαι
518 4307 537 4376 ἢ
559 4303 657 4381 κρίνειν
680 4302 742 4373 τοὺς
764 4303 954 4380 κρινομένους,
983 4303 1054 4375 μήτε
1076 4303 1132 4372 τοῖς
1156 4301 1189 4360 έκ
1213 4299 1320 4382 δεξιῶν,

25 4441 88 4500 μήτε
121 4429 181 4500 τοῖς
213 4423 244 4499 ἐξ
274 4426 421 4506 ἀριστερῶν
452 4421 676 4503 ἀποβλέποντας,
709 4423 786 4484 ἀλλὰ
816 4423 847 4482 τδ
878 4421 982 4482 δίκαιον
1011 4419 1055 4480 ἐπὶ
1085 4427 1149 4481 πᾶσι
1178 4421 1225 4482 καὶ
1254 4424 1322 4502 πρὸς

24 4553 122 4622 τάντας
150 4549 366 4624 νομοθετοῦντας
391 4546 438 4608 καὶ
465 4540 644 4628 διορίζοντας·
668 4543 823 4624 ἀρετήκαὶ
848 4543 902 4624 γὰρ
928 4548 1017 4625 κριτοῦ
1044 4541 1181 4617 ἐξετάζειν
1208 4543 1321 4625 ἐρευνη-

23 4679 100 4746 τικῶς
122 4671 189 4742 τοὺς
211 4676 264 4730 τῶν
288 4669 501 4750 ἀντιρερομένων
524 4669 626 4746 λόγους
648 4664 696 4726 καὶ
718 4666 767 4738 τὰς
790 4667 1001 4746 προσαγομένας
1023 4672 1077 4726 τῶν
1099 4666 1252 4725 ὑποθέσεων
1274 4664 1322 4726 καὶ
