3160 5292
252 353 317 419 234

252 549 338 608 αὐτῶν
365 547 411 608 καί
438 551 477 624 μὴ
503 552 574 609 κατά
596 569 654 610 τινα
683 549 868 628 εύρεσιλογίαν
895 550 1117 634 κατεπεμβαίνης
1143 553 1246 625 τούτοις
1274 551 1320 612 καὶ
1349 549 1459 634 ἀθικῄς,
1485 553 1544 612 ἐπεί
1577 627 1579 634 Α

251 669 292 731 τοί
313 692 347 750 γε
373 674 406 754 τῇ
434 672 606 752 πολυχρονίῳ
632 672 708 754 χαρᾷ
735 675 781 731 τοῦ
807 677 934 750 κραταιοῦ
961 672 1007 732 καὶ
1034 673 1111 751 ἁγίου
1132 675 1211 749 ήμῶν
1239 675 1364 738 αύθέντου
1391 673 1438 734 καὶ
1461 675 1541 749 βασι-

251 793 326 864 λέως
345 795 485 872 γινώσκειν
502 815 531 852 σε
556 793 701 872 βούλομαι,
725 795 763 865 ὡς
787 794 882 872 ἔρορός
899 791 953 870 είμι
978 795 1068 874 ἔγωγε
1090 801 1139 872 τῆς
1161 796 1286 871 τοιαύτης
1308 802 1402 871 μονῆς.
1426 797 1542 874 ἀνυπερ-

251 916 335 986 θέτως
362 914 475 974 οὖνκαὶ
502 913 568 993 δίχα
594 917 665 987 τινος
692 915 816 994 ἀρορμής
842 915 964 997 ποίησον,
992 918 1085 988 καθώς
1107 938 1149 977 σοι
1170 920 1275 996 γράφω,
1304 913 1478 996 ἀντιστρέψας
1505 918 1543 995 τῷ

193 1019 198 1030 ’
252 1037 329 1117 μέρει
351 1043 400 1112 τής
422 1044 507 1113 μονῆς
529 1035 576 1098 καὶ
598 1039 646 1114 τήν
664 1040 802 1118 παροῦσάν
818 1057 869 1113 μου
884 1039 990 1118 γραφὴν
1013 1038 1053 1110 εἰς
1076 1039 1236 1118 άσράλειαν.
1265 1037 1341 1115 μηνὶ
1366 1041 1544 1118 αύγούστῳ,
1578 1035 1579 1058 ’

253 1157 456 1232 ίνθικτιῶνος
480 1157 517 1220 α’.
541 1161 562 1240 †

353 1282 373 1360 †
397 1327 564 1344 ......
590 1283 682 1340 ὁτοῦ
705 1281 846 1355 Κανιήλ.
870 1281 891 1360 †

353 1401 394 1466 Π.
419 1405 440 1482 †
456 1403 634 1479 Πανσέβοιστε
649 1402 775 1483 σεβαστέ,
792 1401 876 1462 οίκεῖε
891 1407 937 1462 τοῦ
952 1407 1081 1483 κραταιοῦ
1104 1403 1151 1464 καί
1166 1405 1244 1482 ἁγίου
1260 1407 1339 1482 ἡμῶν
1355 1407 1481 1464 αύθὲντοο
1497 1405 1545 1464 καὶ

251 1523 388 1597 βασιλέως
418 1523 464 1585 καί
494 1526 658 1603 ήγαπημένε
685 1545 730 1600 μοι
762 1525 898 1606 σύντροφα,
930 1529 988 1605 κῦρι
1016 1526 1036 1583 Γ
1038 1525 1171 1586 ουθάλλιε
1199 1527 1325 1603 Κανάβη.
1357 1528 1375 1601 ή
1406 1527 1546 1602 σεβασμία

251 1647 378 1722 βασιλικὴ
407 1647 476 1724 μονὴ
505 1651 551 1706 τοῦ
577 1647 758 1725 ήγαπημένου
782 1646 926 1724 θεολόγου
952 1652 998 1706 τοῦ
1026 1647 1054 1707 ἐν
1077 1654 1110 1729 τῇ
1132 1649 1236 1727 Ιίάτμιρ
1261 1655 1295 1731 τῇ
1318 1652 1392 1727 νήσῳ
1414 1650 1548 1722 κέκτηται
1578 1679 1579 1690 ι

251 1769 279 1827 ἑν
302 1777 335 1852 τῇ
358 1765 437 1850 χώρᾳ
463 1776 516 1828 τῶν
540 1769 700 1848 Φυγέλλων
722 1769 870 1849 παροίκους
891 1766 979 1850 τινάς,
1007 1771 1053 1842 οῦς
1076 1771 1136 1848 ἔχει
1159 1769 1193 1830 δι’
1216 1772 1327 1851 ὁρισμοῦ
1347 1774 1394 1830 τοῦ
1417 1773 1546 1830 αὐθέντου
1578 1785 1579 1832 ί

249 1893 328 1968 ήμῶν
358 1896 405 1952 τοῦ
435 1891 573 1966 βασιλέως
603 1896 648 1952 τοῦ
679 1891 756 1971 ἁγίου
783 1889 830 1950 καὶ
858 1891 891 1951 ἐκ
916 1892 1093 1968 παλαιγενῶν
1121 1891 1322 1967 δικαιωμάτων.
1351 1895 1467 1970 τήρησον
1499 1892 1547 1953 σῦν
1578 1919 1579 1932 ¹

248 2013 412 2074 τὰτοιαῦτα
435 2014 605 2089 δικαιώματα
628 2012 675 2073 καί
697 2013 769 2073 κατὰ
791 2014 839 2085 τὰς
861 2013 1024 2092 περιλήψεις
1047 2015 1133 2073 αὐτῶν
1154 2015 1266 2090 ποίησον
1288 2013 1336 2072 καὶ
1358 2016 1397 2089 μὴ
1420 2015 1549 2096 θελήσῃς
1578 2009 1579 2052 3

247 2136 332 2197 πλέον
356 2138 512 2217 ἐπιβαρῦναι
534 2138 583 2212 τὴν
605 2139 728 2214 τοιαύτην
753 2141 847 2212 μονήν.
885 2138 1071 2214 άνυιιερθέτως
1094 2135 1139 2196 σύν
1169 2135 1216 2196 καὶ
1239 2137 1304 2214 δίχα
1325 2139 1397 2209 τινὀς
1419 2139 1549 2216 ἀφορμῆς
1578 2137 1579 2198 ί

246 2256 369 2336 ποίησον,
392 2263 484 2331 καθώς
507 2281 548 2318 σοι
571 2263 676 2338 γράφω.
701 2259 781 2335 μηνί
804 2260 985 2338 αῦγούστῳ,
1012 2258 1217 2331 ίνθικτιιῦνος
1240 2259 1275 2322 α’.
1300 2261 1320 2338 †

351 2381 885 2462 †‘0....6105Kavu5x.†

350 2511 455 2565 Archa.
482 2511 560 2563 Deest
581 2510 658 2578 apud
673 2510 750 2563 θίαν.
773 2508 854 2564 Salck.
871 2527 920 2562 ara
938 2511 1010 2565 112.
1039 2510 1147 2563 Tabala
1170 2511 1277 2564 videtur
1299 2527 1353 2566 οισι
1375 2511 1443 2563 anai
1459 2513 1551 2564 1273
1578 2511 1579 2514 ’

248 2611 366 2682 (6781).
1236 2636 1237 2639 ’

484 2899 636 2967 XCVHI.
661 2901 737 2967 Sine
760 2923 854 2984 anna,
877 2923 988 2966 mense
1012 2900 1142 2984 octobri,
1167 2899 1233 2965 ind.
1258 2901 1300 2964 Π.

248 3070 339 3124 eamd
368 3071 439 3122 iubet
468 3070 627 3123 monaam'o
656 3067 772 3122 Sanctae
793 3067 904 3120 Mariae
924 3067 1042 3120 Nivoaae
1072 3069 1180 3120 restitui
1207 3068 1319 3120 liberam
1346 3069 1548 3136 possessiouem
1578 3135 1579 3140 γ

732 3172 797 3241 aqri
814 3188 901 3240 prope
924 3151 1048 3225 Palatia.
1578 3151 1579 3154 Ἴ

349 3357 470 3437 ήἘπεὶ
503 3359 623 3435 πρόσεισι
658 3363 690 3438 τῇ
723 3353 785 3434 περὶ
816 3355 849 3413 τά
877 3355 1003 3414 Παλάιια
1039 3356 1198 3437 διακειμένη
1232 3355 1368 3436 σεβασμίᾳ
1402 3363 1472 3436 μονῇ
1509 3365 1547 3435 τῇ
1578 3399 1579 3402 ¹

246 3479 354 3538 οὑτωσὶν
384 3479 608 3559 ἐπονομαζομένῃ
635 3485 683 3554 τῆς
710 3479 861 3556 ύιτεράγνου
885 3497 936 3551 μου
964 3480 1131 3554 θεομήτορος
1161 3483 1208 3550 τῆς
1232 3477 1448 3553 Κεχιονιομ-ἑνης
1470 3499 1549 3555 χρυ·
1578 3501 1579 3522 ³

247 3601 393 3673 σὸβουλλοι
416 3601 496 3678 λύγοι
523 3598 569 3658 καὶ
592 3598 771 3680 προσκυνητοί
798 3597 904 3678 θρισμοὶ
927 3599 1048 3678 θιάροροι
1069 3605 1115 3659 τοῦ
1138 3603 1265 3677 κραταιοῦ
1292 3597 1339 3657 καὶ
1361 3597 1439 3675 ἁγίου
1461 3601 1548 3673 ήμῶν

246 3724 372 3782 αύθέντου
395 3719 441 3780 καὶ
465 3721 603 3796 βασιλέως
625 3721 747 3780 καὶτῶν
771 3721 902 3795 ἀοιδίμων
923 3721 1007 3796 ἁγίων
1023 3722 1101 3795 ήμῶν
1123 3723 1256 3780 αὐθεντῶν
1271 3721 1317 3779 καὶ
1333 3719 1473 3797 βασιλέων
1496 3720 1550 3778 καὶ

246 3846 479 3915 ἀποκαταστάσεις
501 3849 554 3902 τῶν
577 3843 648 3902 κατα
671 3843 781 3920 καιρούς
805 3842 987 3902 θουκευάντων
1010 3841 1049 3914 είς
1071 3841 1119 3916 τήν
1141 3845 1236 3922 χώραν
1257 3849 1311 3900 τῶν
1328 3841 1476 3900 Παλατίων
1500 3842 1549 3900 ἐπὶ

245 3968 283 4047 τῷ
306 3969 380 4048 παρὰ
399 3971 444 4028 τοῦ
460 3969 624 4046 Μονοχυτρά
649 3966 751 4026 ἐκείνου
773 3966 1033 4046 προοκαθιερωθέντι
1057 3964 1096 4037 εἰς
1117 3966 1166 4038 τἠν
1189 3966 1312 4037 τοιαύτην
1335 3963 1419 4038 μονήν
1442 3984 1549 4041 χωρα-

246 4093 305 4170 ρίῳ,
329 4089 367 4168 ·ῷ
391 4091 621 4167 ἐπονομαζομὲνῳ
643 4094 689 4148 τοῦ
713 4089 900 4168 Βαρυκαλήγη
925 4087 1039 4166 ἐκείνου,
1062 4085 1109 4146 καὶ
1132 4088 1260 4163 κατεῖχον
1283 4088 1359 4144 τοῦτο
1383 4087 1549 4161 άνενοχλή-

245 4235 298 4286 τως
321 4211 368 4272 καὶ
391 4211 568 4282 ἀθιασείστως
594 4214 710 4291 χρόνους
732 4211 786 4286 ήδη
816 4213 864 4270 ούκ
887 4210 1010 4288 ὀλίγους·
1042 4208 1140 4289 ἀρτίως
1167 4207 1221 4286 γάρ
1248 4208 1374 4278 ἐλθόντες
1401 4205 1447 4266 καί
1477 4211 1551 4285 προς

247 4335 297 4409 ἐμὲ
320 4335 346 4394 οἱ
367 4335 395 4392 ἐν
414 4341 447 4414 τῇ
471 4334 579 4414 τοιαύτη
602 4338 673 4413 Ιμονή
697 4333 891 4407 ἑνασκούμενοι
915 4329 1032 4408 μοναχοὶ
1054 4329 1161 4403 ἐξεῖπον
1185 4351 1240 4410 μοι,
1267 4331 1305 4401 ὡς
1328 4329 1476 4406 ἀμετάχως
1500 4330 1552 4388 καὶ

246 4455 394 4533 θυναοτικῷ
417 4459 506 4534 τροπῳ
530 4452 577 4513 καὶ
599 4453 786 4531 πλεονεκτικῷ
809 4457 934 4532 πειρᾶται
956 4454 971 4510 ὁ
994 4452 1032 4522 είς
1053 4453 1082 4511 τ“ο
1102 4452 1292 4512 Μελανούθιον
1314 4451 1553 4531 προσκαθήμενος

245 4579 423 4658 Νεροκράτης
449 4577 605 4636 ἀποσπάσαι
627 4576 658 4634 τὸ
680 4579 799 4634 τοιοῦτον
820 4577 960 4654 χωράριον
984 4576 1036 4634 ἀπο
1058 4580 1106 4649 της
1128 4575 1252 4647 τοιαύτης
1276 4581 1375 4648 μονής·
1392 4575 1476 4648 ἡμεῖς
1500 4573 1549 4632 οὖν

246 4696 422 4772 ἐξετάσαντες
449 4698 482 4755 τὰ
504 4695 565 4776 περὶ
588 4697 681 4755 τούτου
706 4695 826 4775 ἀκριβῶς
853 4694 900 4755 καί
923 4695 1046 4776 εύρύντες
1068 4697 1097 4754 τ“ο
1124 4695 1226 4755 δίκαιον
1250 4696 1324 4772 ἔχειν
1347 4695 1395 4768 τὴν
1418 4697 1554 4772 τοιαύτην
