3162 5278
251 332 315 396 304

248 527 334 585 αθτών
363 525 586 606 ἀπαρασοίλευτον
613 524 688 606 παρὰ
713 526 820 584 πάντων
849 524 901 584 ἀεί.
934 523 979 582 διά
1004 527 1082 584 τοῦτο
1105 525 1246 604 γράφομεν
1272 521 1319 582 καὶ
1341 523 1539 602 ἀποφαινόμεθα
1569 501 1570 508 ¹

247 647 407 727 συνοδικώς,
435 647 479 706 ἵνα
506 649 600 720 καθώς
627 647 731 707 ἀνωθεν
754 644 801 706 καὶ
825 644 855 718 ἐξ
878 647 967 727 ἀρχῆς
991 646 1085 726 διῆγον
1109 645 1138 706 ἐν
1160 651 1194 728 τῇ
1218 647 1284 726 αὐτῇ
1309 643 1455 723 ἐκκλησία,
1477 645 1539 702 οῦτω

248 767 295 828 καί
317 774 362 828 νῦν
386 770 513 848 διάγωσιν
537 767 678 850 εἰρηνικῶς
705 766 752 827 καὶ
774 767 938 848 ἐλευθέρως,
970 767 1017 827 καὶ
1045 768 1083 845 μὴ
1105 766 1269 849 νεωτερίζῃς
1297 766 1326 826 ἐν
1353 767 1454 844 αθτοῑς,
1477 767 1538 839 μήτε

250 891 370 970 ἐνοχλῇς
394 889 439 950 καὶ
463 888 618 972 ἐπηρεάζῃς
641 890 735 962 ατίτοὶις
757 891 930 963 καταβιάζων
954 889 994 962 εἰς
1017 890 1133 965 ἀσυνήθη
1157 891 1221 970 πρά·
1232 909 1305 964 ματα
1327 886 1375 948 καί
1398 889 1437 963 μὴ
1457 889 1537 968 ἀρρέ-

250 1015 329 1084 ζοντα
355 1013 411 1083 τοῖς
434 1013 563 1084 παλαιοῖς
589 1010 746 1091 προνομίσις
774 1012 876 1071 αθτῶν·
905 1013 935 1070 οθ
957 1011 1011 1091 γὰρ
1040 1009 1152 1092 ἔξεστιν,
1180 1013 1219 1082 ώς
1241 1009 1356 1091 εἴρηται,
1378 1013 1538 1069 καταπατεῖ-

250 1134 312 1193 σθαι
337 1133 386 1208 τὴν
414 1134 650 1214 σταυροπηγιακὴν
679 1133 789 1209 δύναμιν
821 1131 868 1194 καί
897 1133 1103 1212 ἐλευθεροποιδν
1134 1129 1212 1204 ἀξίαν
1243 1137 1293 1208 τῆς
1323 1132 1471 1208 βασιλικῆς
1499 1130 1538 1190 καί

251 1255 479 1331 ἐκκλησιαστικῗης
508 1256 655 1336 ὑπεροχῆς.
688 1256 758 1314 οῦτω
781 1256 911 1334 γενέσθω,
940 1257 979 1326 ώς
1001 1257 1152 1334 γράφομεν,
1179 1253 1226 1312 καὶ
1253 1253 1291 1328 μὴ
1322 1254 1420 1326 ἄλλως
1447 1255 1537 1332 ποιήσῃ

250 1397 305 1452 τις,
332 1374 428 1447 ὁποίας
455 1379 488 1436 ἂν
516 1376 558 1452 είη
587 1374 706 1457 τάξεως,
739 1377 768 1436 ἐν
797 1376 875 1454 βάρει
903 1373 1001 1456 ἀργίας
1028 1374 1074 1435 καί
1102 1375 1200 1434 ἀλύπου
1228 1375 1382 1456 ἀφορισμοῦ.
1407 1377 1425 1450 ἠ
1449 1375 1480 1434 δὲ
1500 1379 1538 1432 τοῦ

251 1499 313 1558 θεοῦ
340 1501 422 1578 χάρις
445 1497 487 1573 είη
511 1499 581 1573 μετὰ
601 1501 709 1560 πάντων
731 1499 816 1574 ὑμῶν.
849 1495 964 1579 ,αχογ’,
988 1497 1021 1556 ἐν
1046 1495 1124 1572 μηνί
1146 1490 1246 1576 μαίῳ,
1271 1495 1477 1567 ίνδικτιώνος
1499 1493 1537 1555 ια’.

355 1620 583 1700 γόιονῦσιος,
618 1621 704 1699 ἐλέῳ
738 1621 815 1680 θεοῦ
850 1619 1113 1699 ἀρχιεπίσκοπσς
1145 1617 1538 1694 Κωνσταντινουπόλεως,
1569 1597 1570 1662 Ῐ

252 1741 341 1813 Νέας
365 1742 506 1822 Ῥώμης,
529 1740 584 1800 καί
608 1739 842 1817 οἰκουμενικδς
864 1743 1083 1820 πατριάρχης.
1107 1743 1128 1821 θ·

252 1863 331 1942 †'0
349 1863 551 1942 Ἡρακλείας
571 1864 876 1944 Βαρθολομαῖοςίη
928 1855 1007 1942 †‘0
1045 1861 1274 1938 Νικομηδείας
1310 1861 1538 1942 Πορφῦριος.·ῐ”

252 1985 331 2065 †‘0
356 1985 577 2062 Χαλκηδόνος
600 1986 772 2066 Ἱερεμίας.
797 1988 818 2064 †
928 1984 1005 2063 †‘0
1029 1984 1200 2064 Δρθστρας
1223 1984 1401 2054 Μεθόδιος.
1425 1983 1447 2060 θ’
1569 1983 1570 1986 ’

252 2108 273 2186 †
297 2106 331 2164 ‘0
360 2152 692 2170 ..........
719 2109 739 2186 †
928 2106 949 2180 †
973 2105 1008 2163 'O
1031 2107 1162 2184 Σερρῶν
1186 2106 1387 2184 Χρῦσανθσς.
1411 2104 1430 2182 †

357 2235 499 2306 Archetyp.
525 2235 601 2288 Flor.
620 2237 660 2289 ΙΙ.
685 2253 734 2288 ατο
752 2237 800 2288 53.

424 2519 593 2584 CXXXV.
621 2518 867 2608 [7189-1680],
891 2543 1001 2584 mense
1025 2519 1209 2605 septembri,
1232 2517 1297 2583 ind.
1322 2517 1380 2582 IV.
1569 2599 1570 2644 γ

255 2667 422 2722 Ραίνίανσίια
444 2667 607 2721 Parthen-im
632 2671 650 2720 I
656 2671 686 2726 V.
714 2669 884 2740 Μοπφέίαίυσ
914 2675 939 2722 σε
969 2669 1086 2738 synodus
1116 2673 1224 2720 ίυιιτιωι·
1254 2668 1319 2721 iura
1349 2673 1373 2719 εί
1404 2665 1541 2720 libertatem
1569 2675 1570 2748 γ

250 2772 449 2840 ροσιωσίωιαιιι
480 2778 504 2824 εί
533 2772 722 2826 monachorum
755 2775 913 2827 monasterii
941 2779 1035 2826 contra
1068 2773 1186 2826 iniurias
1221 2789 1240 2824 a
1274 2771 1435 2840 φιιιῦιωάαιπ
1466 2769 1541 2823 archi·
1569 2759 1570 2778 ¹

744 2878 876 2947 episcopis
899 2878 936 2930 εἰσ
958 2877 1061 2930 illam.

359 3044 380 3124 †
405 3043 605 3124 Παρθένιος,
636 3043 723 3120 ἐλέῳ
754 3044 829 3103 θεοῦ
862 3043 1123 3122 ἀρχιεπίσκοπσς
1151 3040 1541 3110 Κωνσταντινουπόλεως,
1569 3057 1570 3114 ι

215 3209 217 3212 -
255 3165 345 3237 Νέας
367 3166 511 3244 Ῥώμης,
535 3163 590 3224 καί
613 3161 848 3240 σίκουμενικδς
870 3169 1090 3244 πατριάρχης.
1115 3167 1135 3242 †

360 3323 380 3400 ’γ
403 3319 517 3395 Ἐπειδὴ
545 3321 605 3379 ότε
628 3321 774 3392 ὁσιώτατος
801 3322 1010 3400 καθηγούμενος
1036 3326 1085 3396 τῆς
1112 3325 1311 3401 πατριαρχικῆς
1337 3317 1385 3379 καὶ
1408 3317 1540 3394 βασιλικῆς
1569 3335 1570 3384 γ

257 3449 344 3518 μονῆς
365 3446 411 3502 τοῦ
434 3443 522 3522 ἁγίου,
546 3439 656 3514 ἐνδόξου
678 3441 725 3502 καὶ
747 3445 922 3520 πανευφήμου
951 3442 1102 3502 ἀποστόλου
1126 3442 1251 3502 Ἰωάννου
1273 3444 1320 3500 τοῦ
1340 3439 1482 3520 θεολόγον
1502 3445 1540 3510 τῆς

258 3564 287 3623 ἐν
310 3569 343 3644 τῇ
370 3565 443 3643 νήσῳ
468 3563 572 3642 Πάτμῳ
598 3561 646 3622 καὶ
671 3565 771 3636 πάντες
798 3563 823 3624 οἱ
846 3565 1054 3638 συνασκοῦμενοι
1082 3562 1154 3641 αὐτῷ
1180 3565 1298 3643 πατέρες
1325 3563 1451 3641 ἀνέφερον
1477 3563 1539 3635 ἡμῖν,

257 3688 298 3746 δτι
324 3687 373 3760 τὴν
400 3685 558 3766 ἐλευθερίαν
587 3683 634 3744 καὶ
662 3683 815 3764 ἀσυδοσίαν,
843 3688 877 3760 ἢν
906 3685 965 3762 ἔχει
992 3685 1022 3742 τό
1048 3683 1121 3764 ἱερόν
1151 3685 1213 3744 αθτδ
1241 3686 1419 3763 μοναστήριον
1446 3680 1490 3742 καὶ
1514 3679 1540 3738 τί

258 3807 424 3885 ὑποκείμενα
448 3805 520 3887 αῦτῷ
543 3809 660 3885 μετόχια
688 3806 726 3880 είς
750 3807 891 3887 διαφόρους
914 3807 1048 3886 ἐπαρχίας
1071 3804 1116 3866 διὰ
1137 3812 1191 3866 τῶν
1214 3803 1400 3884 σιγιλλιωδιῖιν
1421 3823 1539 3882 πατριαρ-

257 3937 344 4010 χικών
367 3931 537 4011 γραμμοίτων
563 3935 617 3988 τῶν
645 3927 777 4004 ἀοιδίμων
803 3927 945 4007 πρόπαλαι
972 3933 1147 4008 πατριαρχών
1175 3931 1220 3986 τοῦ
1247 3925 1434 4003 οίκουμενικοῦ
1460 3925 1539 4006 θρόνου

1569 3845 1570 3876 ί

1569 3881 1570 3974 ί

257 4053 350 4114 τοῦτου
380 4057 430 4126 τῆς
457 4051 784 4131 Κωνσταντινουπόλεως,
815 4049 886 4120 τινὲς
915 4055 968 4108 τῶν
1002 4049 1151 4130 ἀρχιερέων
1182 4055 1231 4126 τῆς
1257 4049 1380 4130 Ἀσπρης
1414 4045 1539 4117 θαλάσσης

1569 4177 1570 4204 ί

1569 4209 1570 4234 ί

257 4178 395 4254 παρορῶσι
425 4170 471 4232 καί
503 4176 712 4252 καταφρονοῦσιν
744 4172 906 4248 ἀνευλοιβώς
932 4169 980 4232 καὶ
1007 4171 1190 4249 ἀναισχύντως
1216 4169 1263 4230 καί
1290 4171 1466 4250 ἐπηρεάζουσι
1490 4168 1539 4235 τοῦς
1569 4235 1570 4256 γ

259 4293 443 4374 διατρίβοντας
464 4290 572 4363 εἰςτὰς
593 4293 727 4374 ἐπαρχίας
747 4291 834 4355 αὐτών
853 4293 1050 4373 ίερομονσίχους
1072 4291 1119 4352 καὶ
1141 4293 1262 4372 πατέρας
1282 4296 1328 4352 τοῦ
1352 4309 1538 4372 σταυροπηγια-

259 4420 308 4476 κοῦ
336 4414 524 4497 μοναστηρίου,
553 4415 608 4476 εἴτε
636 4415 675 4488 εἰς
702 4417 819 4493 μετόχια
846 4416 942 4494 αῦτῶν,
973 4413 1027 4474 εἴτε
1055 4413 1102 4474 καὶ
1129 4413 1168 4486 εἰς
1194 4411 1329 4486 ταξείδιον
1358 4413 1537 4489 ἐλεημοσθνης,
1569 4401 1570 4410 ³

260 4537 316 4598 εἴτε
342 4536 382 4609 είς
405 4538 550 4618 ὑπηρεσίαν
578 4537 670 4612 ἀλλην
696 4541 742 4598 ταῦ
766 4537 946 4617 μονοστηρίου
968 4540 986 4612 ἢ
1010 4538 1130 4613 ζητοῦσιν
1158 4533 1188 4608 ἐξ
1211 4537 1299 4595 αὐτῶν
1322 4533 1490 4611 δικαιώματα
1509 4530 1537 4605 μὴ

261 4660 396 4734 ἀνήκοντα
423 4661 513 4730 αὺτοῖς
538 4662 556 4732 ἢ
584 4659 633 4728 τάς
659 4659 847 4739 κληρονομίας
876 4667 930 4718 τῶν
961 4661 1094 4718 θανόντων
1122 4659 1246 4738 πατέρων
1276 4662 1330 4718 τών
1362 4657 1478 4737 ἐχόντων
1501 4653 1538 4725 τὴν
