3162 5278
262 353 326 416 336

261 547 383 626 άγιάζειν
411 547 481 621 ῦμάς
508 546 664 627 ίερατικῶς,
691 547 792 627 κρίνειν
814 567 844 606 τε
871 546 918 607 καί
946 546 1097 626 ἀνακρίνειν
1120 552 1209 608 πᾶσαν
1233 548 1462 624 έκκληοιαστικὴν
1489 549 1562 606 ῦπέ-

260 671 332 730 θεοιν
360 667 406 728 καὶ
435 667 475 740 είς
501 669 546 728 τόν
573 672 619 728 τοῦ
647 667 752 728 δικαίου
778 669 860 728 τόσον
884 668 1067 730 ἀποκαθιστᾶν
1094 667 1141 729 καί
1162 669 1299 730 παιδεύειν
1323 669 1562 744 ἐκκλησιαστικῶς

259 794 348 852 πάντα
370 791 486 850 άτακτον
513 789 560 850 καί
582 789 679 865 ἀπειθῆ
704 791 863 870 φαινόμενον
888 789 959 868 αὑτῷ
982 789 1130 872 ἱερωμένον
1153 789 1199 852 καί
1222 791 1328 852 λαϊκόν.
1352 791 1413 850 ὅθεν
1435 794 1562 870 γράφον-

259 934 305 984 τες
336 911 381 971 &a
410 915 456 972 τοῦ
486 913 618 992 παρόντος
650 911 840 986 ἐντελλόμεθα
871 913 941 990 ῦμῑν,
976 913 1049 984 ὅπως
1082 913 1263 990 γινώσκοντες
1295 913 1341 972 τὀν
1374 913 1562 992 ἀιαληφθέντο

260 1035 405 1094 ὁσιώτατον
438 1035 645 1112 καθηγούμενον
678 1037 723 1093 τοῦ
757 1033 829 1114 ίεροῦ
863 1034 1042 1114 μοναοτηρίου
1075 1035 1182 1114 τοῦτου,
1221 1035 1250 1094 ἐν
1284 1033 1475 1114 ἱερομονάχοις
1510 1039 1562 1114 κῦρ

260 1155 465 1237 Θεοφῦλακτον,
490 1156 630 1236 ἐπίτροπον
653 1159 699 1216 τοῦ
722 1156 850 1234 ῥηθέντος
872 1157 1020 1216 καθολικοῦ
1042 1158 1122 1232 ἡμῶν
1146 1153 1273 1237 ἐξάρχου,
1296 1161 1390 1232 τιμᾶτε
1412 1155 1459 1216 καί
1484 1156 1561 1235 άγοι-

260 1284 329 1339 πάτε
355 1275 403 1338 καὶ
431 1277 614 1352 ἀιευλαβῆοθε
637 1277 716 1337 αὐτόν
742 1275 789 1336 καί
811 1277 939 1352 πείθησθε
966 1275 1012 1336 καί
1036 1278 1221 1354 ίνποτάσσησθε
1245 1278 1315 1357 αθτῷ
1342 1278 1413 1337 κοιτά
1434 1279 1464 1337 τό
1488 1279 1560 1356 πρέ-

260 1421 311 1460 πον
337 1399 384 1458 κοιί
408 1399 511 1459 δίκαιον
538 1396 585 1458 καὶ
610 1399 752 1478 παρέχητε
781 1396 937 1477 εἰρηνικῶς,
966 1398 1095 1472 εὐπειθῶς
1117 1419 1147 1459 τε
1173 1397 1221 1458 καί
1248 1399 1427 1478 εὐγνωμόνως
1451 1401 1560 1458 ἅπαντα

259 1521 293 1580 τά
317 1520 482 1598 ἐμπίπτοντα
505 1518 576 1598 αὐτῷ
601 1517 733 1598 ἐξαρχικά
755 1539 786 1579 τε
811 1517 859 1579 καὶ
882 1519 1097 1594 ἐκκλησιαστικά
1119 1518 1289 1596 είοοάήματα
1314 1519 1361 1580 καί
1385 1519 1558 1596 δικαιώματα

258 1649 308 1718 τῆς
337 1643 520 1716 ἐλευσομένης
547 1640 666 1718 δεκάτης
692 1641 817 1716 πέμπτης
844 1638 1009 1713 ίνόικτιῶνος
1037 1647 1095 1702 σῶα
1116 1639 1163 1701 καί
1186 1642 1353 1722 ἀνελλειτῆ,
1381 1641 1511 1718 δηλονότι
1536 1642 1557 1702 οἱ

261 1765 311 1841 μέν
332 1764 417 1846 ἱερεῖς
439 1763 472 1824 τά
494 1767 625 1824 κανονικοὶ
646 1763 694 1824 καί
713 1763 850 1842 φιλότιμα,
875 1761 898 1822 οί
920 1763 952 1824 δὲ
971 1761 1064 1823 λαῖκοί
1084 1763 1118 1822 τά
1140 1766 1299 1838 συνοικέεια,
1324 1763 1441 1840 ζητείας,
1465 1786 1556 1840 πανη-

260 1889 350 1966 γόρεις
373 1884 419 1946 καί
443 1885 469 1945 εί
487 1906 512 1945 τι
536 1881 610 1945 ἀλλο
632 1883 671 1962 τῷ
693 1887 767 1964 τόπῳ
791 1885 913 1960 σθνιηθες.
937 1885 1009 1956 όστις
1032 1883 1056 1942 θ’
1072 1887 1105 1944 ἀν
1127 1883 1175 1944 καί
1197 1885 1290 1956 όποῖος
1313 1881 1344 1958 ἐξ
1366 1885 1442 1961 ὑμῶν
1464 1907 1555 1966 παρα-

259 2009 344 2091 κούσῃ
371 2006 417 2067 καί
445 2012 515 2088 φανῇ
543 2005 656 2081 ἀπειθὴς
681 2004 728 2065 καί
755 2006 938 2078 ἀνυπότακτος
966 2004 1078 2084 αθτῷη
1105 2006 1211 2090 θελήσῃ
1238 2013 1442 2087 κατακρατῆοαι
1473 2005 1553 2086 ἐξαρ-

260 2131 339 2208 χικόν
372 2127 418 2188 καί
449 2128 674 2204 ἐκκλησιαστικόν
700 2147 724 2187 τι
759 2121 899 2202 δικαίωμα
931 2128 1020 2206 αὺτοῦ,
1055 2128 1070 2186 ό
1101 2131 1220 2199 τοιοῦτος
1253 2127 1403 2209 ίερωμένος
1436 2132 1489 2203 μέν
1520 2133 1553 2187 ῶν

261 2250 346 2331 ἀργός
374 2253 443 2333 μένῃ
469 2253 560 2326 πάσης
586 2249 724 2329 ἱερατικῆς
747 2249 887 2328 ἐνεργείας
914 2247 961 2308 καί
982 2245 1088 2321 τάξεως
1111 2246 1158 2308 καί
1181 2248 1359 2329 ἐστερημένος
1381 2251 1483 2322 παντός
1507 2251 1551 2308 ἐκ·

259 2373 452 2450 κληοιοιοτικοῦ
483 2370 677 2452 είσοθήματος,
709 2369 807 2441 λαϊκός
840 2371 870 2430 όέ
902 2369 1086 2450 ἀφωρισμένος
1114 2370 1155 2447 εἴη
1187 2371 1239 2431 ἀπό
1266 2373 1327 2431 θεοῦ
1357 2371 1405 2432 καὶ
1432 2394 1551 2452 κατηρα-

261 2497 344 2570 μένος
366 2492 413 2552 καί
436 2493 630 2572 άσυγχῶρητος
656 2488 702 2550 καί
727 2487 780 2563 ἐξω
803 2496 853 2567 τῆς
874 2495 920 2552 τοῦ
943 2493 1058 2574 Χριστοῦ
1081 2493 1232 2570 ἐκκλησίας
1257 2493 1285 2552 ἐν
1309 2493 1390 2576 ἀργίᾳ
1416 2493 1464 2554 καί
1489 2495 1549 2574 ἀρο-

262 2613 362 2696 ρισμῷ,
395 2611 425 2685 ἐξ
456 2612 627 2691 ἀποφάσεως.
661 2614 791 2687 ποιήσατε
822 2610 866 2672 οὗν
898 2613 1028 2692 ἅπαντες,
1062 2615 1146 2674 τέκνα
1176 2613 1204 2673 ἐν
1234 2614 1317 2696 κυρίῳ
1348 2614 1477 2694 ἀγαπητά
1506 2623 1549 2690 τῆς

260 2739 340 2812 ἡμῶν
367 2737 555 2815 μετριότητος,
584 2735 622 2806 ὡς
646 2734 772 2816 ἀνωτέρω
794 2737 944 2818 γράφομεν,
971 2736 1015 2795 ἵνα
1037 2734 1084 2796 καί
1107 2738 1124 2811 ἠ
1147 2739 1228 2818 χάρις
1254 2741 1300 2796 τοῦ
1324 2735 1401 2816 άγίου
1424 2739 1487 2798 θεοῦ
1508 2735 1547 2795 καί

258 2861 276 2934 ἡ
310 2859 375 2939 παρ’
409 2859 488 2934 ἡμῶν
523 2858 605 2936 εῦχή,
645 2856 758 2937 εὐλογία
794 2855 841 2918 καί
868 2853 1051 2938 ισυγχὼρησις
1089 2857 1131 2934 είη
1170 2859 1240 2933 μετὰ
1272 2849 1384 2919 Ιπάντων
1422 2860 1504 2934 Ιόμῶν.
1529 2859 1545 2931 †

259 2983 279 3060 †
304 2977 428 3063 ,αψλςᾏ
453 2979 486 3038 ἐν
510 2977 590 3054 μηνί
613 2980 839 3062 σεπτεμβρίῳ,
864 2978 1076 3052 ίνθικτιῶνος
1099 2979 1145 3041 ιε’.
1171 2981 1192 3060 †

361 3107 467 3161 Ασολεί.
493 3107 568 3161 Flor.
587 3108 629 3162 II.
650 3125 699 3162 aro
718 3109 766 3179 69,
791 3110 840 3179 ηαί
861 3109 956 3162 tribuit
979 3109 1100 3164 tabulam
1118 3106 1298 3180 patriarchae
1313 3109 1409 3164 Ραίοίο
1425 3109 1466 3164 Π.

480 3391 631 3459 CXLIX.
657 3392 883 3480 7253-1745‚
906 3418 1016 3461 mense
1039 3397 1134 3480 iunio,
1157 3395 1221 3460 ind.
1239 3395 1330 3460 VIII.

260 3543 426 3598 Ραινίαοοίια
452 3543 562 3596 Ραιὶιιύε
588 3543 629 3597 ΙΙ.
664 3550 689 3596 et
717 3544 884 3614 patriarcha
917 3545 1166 3614 hierosolymitanus
1198 3545 1362 3598 Parthenias
1396 3543 1539 3612 confirmant

258 3650 435 3718 ιίυιιαίίοιιστιι,
469 3667 548 3719 quam
582 3647 719 3719 collegium
750 3651 977 3720 pellioaariorum
1006 3652 1034 3704 ιἰι
1065 3651 1133 3705 Urba
1160 3649 1229 3719 fecit
1262 3649 1367 3704 scholae
1401 3651 1536 3704 ίίίίενιιπυιι

445 3771 606 3824 arancarum
629 3755 788 3808 monasterii
808 3757 836 3808 ia
859 3753 1010 3824 heneficium
1035 3757 1143 3825 inopum
1167 3754 1371 3825 άιζεοίμκίοικωιι.

362 3915 559 4001 γΠαίοιος,
602 3920 688 3992 ἐλέῳ
730 3923 806 3982 θεοῦ
847 3922 1111 4002 άρχιεπίοκοπος
1148 3923 1535 3992 Κωνσταντινουπέλεως.

257 4044 347 4115 Νέας
370 4044 513 4122 Ῥώμης,
536 4041 592 4102 καί
615 4040 851 4119 οίκουμενικός
873 4047 1092 4126 πατριάρχης.
1117 4046 1137 4124 †

362 4200 382 4278 †
407 4199 501 4258 Πάντα
523 4199 557 4258 τὰ
578 4199 642 4280 παρ’
667 4199 817 4280 ἀνθρώποις
839 4201 1033 4276 θαυμαζόμενα
1055 4202 1129 4280 πένῳ
1150 4205 1265 4260 κτῶνται
1293 4199 1340 4262 καί
1363 4203 1461 4282 μόχθῳ
1481 4219 1532 4258 κατ-

257 4321 405 4400 ορθοῦνται.
436 4319 551 4380 πολλῶν
574 4319 619 4381 οῦν
644 4319 692 4380 καί
715 4321 848 4402 διαφόρων
875 4323 974 4382 τούτων
1002 4321 1085 4382 όντων
1107 4325 1125 4397 ἡ
1147 4329 1197 4400 της
1219 4321 1363 4396 Ἑλλάδος
1390 4329 1478 4404 φωνῆς
1498 4317 1531 4380 καὶ

256 4446 309 4500 τῶν
339 4441 493 4517 έλληνικῶν
520 4444 689 4519 μαθημάτων
718 4443 830 4519 άοκηοις
856 4443 903 4504 καί
930 4443 1041 4506 παιδεία
1062 4447 1080 4519 ἡ
1104 4444 1215 4520 μᾶλλον
1243 4443 1328 4504 εἰπεῖν
1356 4445 1488 4520 ἐπίκτησις
1508 4441 1531 4498 τί

256 4565 376 4643 πρωτεῖα
398 4565 472 4644 φέρει
498 4563 544 4624 καί
567 4565 720 4644 ὑπέρκειται
747 4564 793 4625 καί
816 4566 985 4646 ῦπερίάρυται
1011 4565 1058 4626 καί
1080 4567 1226 4648 τιμιωτέρα
1247 4573 1302 4626 τῶν
1326 4567 1423 4628 ἀλλων
1444 4570 1530 4626 πάντων

257 4684 435 4762 καθέστηκεν,
459 4685 498 4755 ῶς
519 4685 595 4765 πηγη
616 4683 664 4744 καί
687 4685 745 4765 ῥίζα
767 4685 814 4746 καί
836 4684 967 4768 πρόξενος
991 4688 1101 4748 ἐκείνων
1124 4692 1295 4768 τυγχάνουσα
1316 4689 1364 4749 καὶ
1387 4691 1416 4750 τό
1438 4689 1529 4765 λογικιι
1556 4709 1557 4769 γ
