3160 5292
1262 344 1325 410 223

52 543 123 614 ἀλλος
144 543 218 602 ἀλλο
246 547 300 601 τῶν
322 547 371 618 τῆς
399 549 486 618 μονῆς
510 587 692 603 ........
706 561 744 600 ων
767 539 813 600 καὶ
837 539 934 601 ἀλλων
957 541 1090 614 ἀκινήτων
1115 585 1323 600 .........

50 665 186 744 διαρπάζειν
210 709 419 728 .........
443 665 474 724 σὺ
501 665 591 740 μόνων
618 663 649 723 δὲ
676 665 706 722 τό
731 670 780 739 τῆς
802 670 887 738 μονῆς
909 663 1068 742 κτητορικδν
1092 705 1322 723 ..........

49 831 159 846 ......
185 785 263 846 ἀλλά
448 791 501 844 τῶν
528 785 737 864 ριλη.......
761 787 812 864 πρό
835 785 941 865 χρόνων
968 784 1122 864 ἱκανῶντῄ
1146 789 1216 864 μονή
1239 803 1324 864 προσ-

49 911 181 986 οριέρωσαν
203 903 333 992 ψυχήκῆς
357 901 451 992 ἐνείκσ
473 902 608 987 σωτηρίας
631 908 727 988 αἰετῶν,
753 951 1011 968 ...........
1036 905 1164 984 ἀπόγονοι
1193 905 1242 977 τάς
1272 911 1325 966 τῶν

47 1031 168 1107 προγόνων
197 1029 286 1088 αὐτῶν
312 1027 425 1107 πράξεις
452 1029 566 1109 ἀκυροῦν
588 1028 699 1089 θέλουσι
724 1027 771 1088 καί
793 1024 827 1088 τέ
848 1023 1090 1112 προσγενε]χθέντα
1111 1033 1145 1106 τῇ
1169 1033 1239 1110 μονή
1261 1025 1324 1106 παρ’

46 1150 139 1209 ἐκείνων
159 1145 298 1236 ἀτήίνητα]
322 1151 448 1226 κτήματα
470 1150 652 1232 παραποστᾶν
676 1146 706 1222 ἐξ
728 1150 818 1229 ἀρχῆς
841 1143 911 1210 οάτοι
933 1150 1122 1228 φιλονεικοῦσι,
1150 1149 1188 1224 μὴ
1212 1146 1324 1223 εἰδότες,

45 1273 74 1342 ὡς
93 1271 127 1349 τῷ
148 1277 201 1348 τῆς
223 1271 377 1352 ἱεροσυλίας
401 1271 559 1352 ἐγκλήματι
582 1273 692 1344 ἑαυτοὺς
713 1267 897 1356 θπ[ευθόνο]υς
920 1266 1138 1356 ἐγνήοιθι]στῶσι·
1162 1271 1196 1330 τά
1214 1270 1267 1350 γὰρ
1287 1269 1325 1348 τῷ

44 1393 87 1472 θεῷ
111 1392 240 1466 καθάπαξ
266 1395 450 1476 ἀριερωθέντα
479 1395 544 1472 ἀγιά
571 1391 621 1454 είσι
646 1393 694 1454 καί
716 1393 910 1454 ἀναπόσταστα
932 1393 966 1452 τά
988 1399 1041 1452 τῶν
1065 1393 1220 1470 ἐκκλησιῶν
1243 1393 1325 1474 μέχρι

42 1518 127 1587 παντός
154 1516 295 1592 διαμένειν
322 1515 484 1596 όρειλουσιν.
512 1517 574 1576 ὅθεν
601 1513 649 1576 καίΙ
670 1517 688 1590 ή
712 1517 854 1594 μετριότης
877 1515 956 1590 ἡμῶν
983 1519 1061 1576 τοῦτο
1088 1514 1139 1590 μέν
1161 1521 1211 1592 τῆς
1234 1512 1273 1586 εἰς
1295 1515 1324 1575 τδ

42 1634 96 1711 ἐζής
121 1641 274 1710 συστάσεως
301 1637 348 1698 καὶ
375 1638 549 1714 βελτιώσεως
574 1645 624 1714 τῆς
651 1643 738 1713 μονῆς
764 1643 818 1697 τῶν
840 1639 965 1716 Σροντῶν
988 1635 1170 1716 ρρσντίζουσα,
1194 1637 1232 1706 ὡς
1255 1636 1324 1694 ἀνό

41 1761 95 1838 προς
120 1761 184 1820 θεον
211 1761 295 1836 θμνος
321 1759 367 1820 καὶ
394 1761 412 1836 ἡ
439 1759 506 1841 ὑπὲρ
532 1763 578 1820 τοῦ
604 1758 746 1840 κρατίστου
772 1757 818 1820 καὶ
846 1757 925 1836 ἁγίου
948 1777 999 1832 μου
1023 1759 1149 1818 αθθέντου
1172 1755 1219 1817 καί
1242 1756 1324 1830 βασι-

40 1881 102 1952 λέως
125 1883 194 1960 ε”τχὴ
219 1877 414 1962 συντονώτερον
437 1881 466 1942 ἐν
490 1882 556 1964 αὐτή
579 1881 748 1962 ἐπιτελῆται,
767 1885 848 1940 τοῦτο
872 1877 971 1940 δὲκαὶ
994 1881 1056 1952 τους
1074 1885 1123 1954 της
1142 1882 1224 1954 νήσου
1244 1877 1324 1955 οἰκή-

40 2023 109 2082 τορας
138 2001 186 2064 καὶ
217 2005 279 2076 τοθς
309 2004 469 2084 κτητορικόν
491 2025 515 2062 τι
547 2003 650 2064 δίκαιον
679 2001 707 2062 ἐν
734 2007 767 2083 τῇ
798 2007 869 2082 μονῇ
895 2001 1136 2074 ἀνακαλουμένους
1161 2007 1207 2062 τοῦ
1234 2005 1323 2080 ψυχο-

41 2124 148 2199 ρλσβοῦς
180 2125 342 2206 όρμήματσς
369 2125 558 2186 ἀνακόπτουσα
586 2123 728 2205 διορίζεται
756 2123 785 2182 ἐν
812 2123 883 2201 ἀγίῳ
905 2124 1036 2198 πνεὺμστι
1058 2122 1103 2183 διὰ
1125 2128 1171 2184 τοῦ
1192 2125 1324 2204 παρόντος

41 2249 110 2322 σὐτής
128 2249 304 2326 γράμματος,
330 2248 478 2328 ἐλευθέραν
500 2242 570 2306 είνοιι
592 2245 639 2306 καὶ
662 2245 901 2324 ἀκαταδοίιλωτον,
925 2246 963 2317 ὡς
985 2247 1015 2305 τό
1037 2245 1177 2327 πρότερον,
1200 2247 1249 2321 τήν
1271 2251 1324 2306 τῶν

39 2367 151 2445 Σροντῶυ
180 2371 267 2444 μονὴν
297 2368 345 2430 καί
371 2371 500 2448 κατέχειν
524 2369 605 2442 αυτὴν
632 2365 678 2428 καὶ
700 2369 831 2442 νέμεσθαι
853 2367 1024 2448 ἀπερικόπως
1046 2367 1080 2426 τὰ
1101 2369 1325 2449 προσκυρωθέντα

38 2492 107 2571 τείσῃ
132 2491 247 2567 ἀκίνητα
270 2494 407 2570 κτήματα,
436 2491 490 2550 εἴτε
516 2491 677 2569 χωραριανά
703 2491 782 2550 τόπια
805 2487 882 2570 εἰσίν,
907 2489 961 2550 εἴτε
983 2490 1141 2572 ίιποίμπελοι,
1165 2490 1219 2551 είτε
1242 2491 1323 2572 ὑδρο-

38 2613 130 2684 μολικά
158 2613 334 2693 ἐργαστήρια,
362 2611 418 2673 εἴτε
444 2613 502 2672 τινὰ
530 2615 620 2692 ἕτερα,
649 2611 756 2688 μηδένα
782 2617 835 2672 τῶν
862 2619 910 2688 τῆς
937 2616 1020 2688 νήσου
1046 2611 1195 2694 οἰκητόρων
1217 2615 1324 2688 τολμᾶν

38 2733 130 2793 ἀδικεῖν
159 2737 241 2810 αὐτὴν
264 2739 282 2810 ή
307 2735 431 2796 ἀποσπᾶν
460 2731 490 2807 ἐξ
519 2737 602 2812 αὐτῆς
624 2735 776 2809 όποιονδήτι
803 2742 896 2811 κτῆμα
919 2737 1049 2814 προράσει
1071 2737 1152 2812 τυχόν
1175 2741 1222 2795 τοῦ
1244 2737 1322 2796 ἀτω-

35 2854 90 2936 λεία
111 2857 301 2938 παραδοθῆναι
323 2857 359 2916 τά
379 2855 494 2936 χαρτῷα
517 2858 599 2933 αὺτής
622 2856 794 2932 δικαιώματα
816 2859 833 2928 ἢ
856 2861 902 2916 τοῦ
925 2852 995 2916 είναι
1017 2858 1152 2934 ἀπόγονον
1178 2855 1225 2918 καί
1246 2858 1321 2934 κλη-

34 2981 140 3052 ρονόμον
164 2983 210 3038 τοῦ
234 2978 319 3038 πόλοι
341 2979 407 3038 ποτέ
430 2979 628 3058 ἀριερὼοαντος
651 2985 683 3060 τῇ
706 2984 776 3060 μονῇ
801 2981 938 3040 ὁποιονοῦν
961 2985 1063 3060 κτῆμα,
1085 2979 1129 3038 ίνα
1152 2980 1190 3055 μὴ
1213 2978 1251 3055 τῷ
1273 2985 1322 3055 τής

34 3097 196 3177 ἰεροσουλίσς
218 3103 233 3161 ό
256 3105 375 3173 τοιοῦτος
397 3103 531 3183 περιπέσῃ
555 3101 711 3178 ἐγκλήματι
734 3100 782 3160 καί
803 3105 850 3162 τοῦ
872 3101 934 3160 θεοῦ
963 3101 1232 3180 ἀλλοτριωθήσεται·
1256 3103 1321 3182 ὅπερ

33 3223 77 3298 γόρ
99 3243 140 3292 τις
168 3224 207 3302 τῲ
229 3221 285 3294 θεῷ
314 3223 447 3302 ἀριέρωσε
475 3223 521 3283 διὰ
546 3223 595 3296 τὴν
622 3221 724 3283 οἰκείαν
751 3225 859 3294 πάντως
881 3225 980 3301 ψυχήν,
1004 3222 1117 3299 ουδεμία
1138 3226 1195 3295 τοῖς
1218 3223 1325 3284 ἐκείνουΙ

33 3343 210 3422 κληρονόμοις
233 3345 338 3422 μετοχὴ
363 3343 408 3404 ἐπί
429 3345 468 3423 τῷ
491 3343 563 3423 αὐτῷ
585 3351 735 3424 πράγματι,
759 3343 905 3404 ἀλλὰκαὶ
928 3339 1023 3424 οἷσπερ
1045 3349 1090 3405 τοῦ
1114 3345 1148 3406 ἐκ
1169 3347 1253 3421 μέσου
1272 3352 1322 3422 τῆς

34 3471 109 3540 μονῆς
134 3464 320 3546 ἐξερχομένου
341 3466 439 3538 ὓδατος
461 3467 495 3526 τό
518 3467 620 3526 ἑαυτῶν
644 3466 803 3546 ἀρδεύοντος
824 3469 952 3542 κτήματα
974 3465 1108 3547 όρείλουσι
1131 3467 1321 3542 καταβάλλειν

32 3588 90 3662 τρὶς
116 3589 148 3646 τό
176 3591 260 3667 μέρος
289 3594 339 3664 τῆς
370 3595 471 3667 μονῆς,
500 3589 567 3668 ὅπερ
594 3585 627 3665 ἦν
655 3587 776 3669 ἀρχῆθεν
798 3589 925 3663 συνήθεια
952 3587 1072 3649 δίδοσθαι
1094 3592 1175 3670 χάριν
1197 3595 1246 3666 τῆς
1268 3597 1321 3651 τῶν

34 3705 132 3768 οἰκείων
159 3712 305 3784 κτημάτων
332 3709 497 3790 ἀρδείισεως.
530 3709 658 3782 ὡσαύτως
684 3710 717 3783 δέ
746 3708 794 3769 καὶ
820 3711 834 3768 ό
862 3710 1070 3788 θεοφιλέστατος
1098 3711 1243 3784 ἐπίσκοπος
1270 3713 1320 3772 Κῶ

33 3827 145 3905 Μιχαὴλ
172 3828 299 3910 ἀφέξεται
325 3835 372 3892 τοῦ
398 3838 451 3892 τῶν
483 3838 532 3907 τῆς
554 3838 751 3910 πατριαρχικής
779 3838 864 3906 μονῆς
886 3831 1114 3908 κατεπεμβαίνειν
1137 3833 1248 3893 δικαίων
1274 3831 1320 3894 καί

32 3951 89 4030 ὑπὲρ
116 3957 165 4014 τοῦ
191 3955 231 4028 μὴ
258 3954 407 4028 ἀνήκοντος
433 3953 506 4033 αὐτῷ
531 3953 629 4025 θόατος
655 3953 737 4025 τέλος
765 3952 884 4014 ἀπαιτῶν
914 3954 947 4013 ἐκ
972 3961 1021 4030 τῆς
1048 3961 1134 4030 μονῆς
1160 3955 1319 4036 ἀμετόχως,

32 4071 90 4150 ότερ
117 4073 248 4136 οὐδέποτέ
270 4095 310 4146 τις
336 4081 389 4136 τῶν
416 4078 468 4155 πρό
495 4075 574 4134 αἰετοῦ
602 4075 754 4136 ἐπισκόπων
781 4075 928 4159 ἀπῄτησεν,
956 4075 1000 4136 ἵνα
1023 4077 1061 4152 μὴ
1083 4079 1142 4147 ταῖς
1165 4079 1320 4148 κανονικαῖς

32 4193 145 4276 Ιἰποττέοη
170 4197 299 4268 σθθάναις.
329 4196 388 4256 ἐπεὶ
415 4196 457 4276 δέ,
484 4198 523 4268 ὡς
550 4198 707 4273 όπεμνήοθη
730 4199 747 4272 ή
771 4199 913 4276 μετριότης
934 4200 1023 4277 ήμῶν,
1051 4198 1125 4279 παρὰ
1154 4205 1207 4258 τῶν
1235 4198 1263 4257 ἐν
1286 4203 1319 4280 τῇ

32 4318 133 4398 τοιαίτῃ
168 4324 235 4400 μονῇ
270 4324 400 4396 μοναχῶν
434 4317 480 4378 καὶ
513 4318 587 4398 παρὰ
617 4325 670 4378 τῶν
702 4317 730 4377 ἐν
760 4323 793 4398 τῇ
821 4317 871 4396 Κῷ
901 4320 934 4376 τά
964 4318 1082 4394 δημόσια
1112 4320 1319 4399 διενεργοίντων

33 4435 219 4516 ἐπηρεάζονται
235 4437 267 4512 ἐξ
281 4440 421 4516 ὑποθήκης
440 4445 517 4500 τινῶν
540 4442 715 4519 χαιρεκοίκων
738 4441 885 4520 ἀνθρώπων
909 4439 1060 4520 ἐγχωρίων,
1091 4437 1251 4524 (πειρῶνται
1265 4443 1319 4524 γὰρ

32 4559 194 4634 ἑνιομιοίζειν
220 4561 253 4621 τά
281 4563 379 4642 μέτρια
405 4561 464 4640 ζῷα
489 4561 536 4622 καὶ
563 4562 597 4622 τά
624 4561 761 4641 μελίσσια,
789 4564 806 4620 ἀ
829 4562 900 4636 μετὰ
925 4562 1032 4622 πολλοῦ
1061 4565 1165 4641 μόχθου
1187 4563 1234 4623 καί
1257 4565 1319 4638 βίας

33 4679 55 4738 τί
76 4681 195 4760 μσναχοὶ
217 4680 463 4768 προσεκτήσαντο),
494 4683 637 4764 διορίζεται
669 4683 716 4744 καί
746 4685 848 4758 τοίντοις
879 4685 907 4744 ἐν
937 4683 1007 4764 ἁγίῳ
1036 4686 1177 4765 πνεύματι,
1206 4685 1250 4746 ἵνα
1279 4689 1318 4763 μὴ
