3162 5278
235 322 299 386 312

443 511 666 578 CXXXVIII.
691 511 917 598 7210-1702,
940 535 1050 578 mense
1074 519 1169 598 mai0,
1192 511 1258 578 ind.
1281 513 1324 578 X.

236 638 403 716 Ραινάάτοάα
428 661 574 716 Gallim
594 661 636 716 II.
665 667 689 715 εί
716 662 834 731 synodus
859 667 952 716 σείααί
979 662 1120 716 monachos
1147 663 1265 716 deserere
1291 663 1484 716 ιπσιιαοίειάιιιπ
1510 669 1531 715 εί

432 767 533 837 υσρατι·
554 783 655 836 eosque,
680 767 729 836 qui
748 784 802 820 ιιοπ
818 767 967 836 paruerim
989 767 1079 834 ιἰιιεῶ,
1103 768 1340 822 excommunicant.

340 935 362 1012 †
386 931 611 1011 Καλλίνικος,
635 931 722 1012 ἐλέῳ
745 933 820 992 θεοῦ
843 932 1108 1012 ἀρχιεπίσκοπος
1131 934 1530 1012 Κωνοταντινουπόλεως,

237 1055 326 1126 Νέας
350 1051 494 1135 Ῥώμης,
516 1053 574 1113 ααὶ
597 1052 833 1130 οἰκουμενικός
855 1058 1075 1135 πατριάρχης.
1099 1056 1120 1133 †

342 1248 363 1326 †
387 1245 598 1324 Θεοριλέστατοτ
629 1239 844 1326 ἀρχιεπίσκοποι,
875 1248 942 1306 ὅτε
969 1246 1132 1326 Σαντορίνης
1160 1245 1207 1306 καὶ
1234 1247 1329 1326 Σίρνσυ
1358 1245 1406 1307 καὶ
1436 1249 1531 1322 Μήλου

238 1366 285 1428 καὶ
307 1369 401 1444 Σάμου
424 1366 470 1426 καὶ
494 1369 553 1448 Κῶ,
583 1368 612 1426 ἐν
635 1367 706 1448 ἁγίῳ
729 1370 860 1442 πνεύματι
884 1365 1019 1446 ἀγαπητοὶ
1042 1369 1121 1443 ήμῶν
1145 1367 1259 1448 ἀδελφοὶ
1286 1367 1333 1428 καὶ
1358 1369 1530 1448 συλλειτσυρ-

238 1487 292 1570 γοί,
325 1490 493 1564 ἐντιμότατοι
522 1488 660 1570 κληρικοί,
691 1489 889 1565 εῦλαβέστοτοι
919 1489 1015 1570 ἱερεῖς,
1047 1492 1175 1569 χρήσιμοι
1208 1493 1339 1570 ἄρχοντες
1368 1489 1416 1550 καὶ
1447 1489 1532 1550 λοιποὶ

238 1609 387 1691 χριστιανοὶ
409 1616 462 1670 τῶν
485 1613 572 1670 αὐτῶν
596 1611 745 1690 ἐπαρχιῶν,
775 1614 857 1691 χάρις
880 1610 922 1687 εἴη
946 1613 1006 1687 ὑμῖν
1033 1609 1080 1671 καὶ
1103 1610 1196 1690 εἰρήνη
1219 1611 1294 1692 παρὰ
1316 1614 1386 1672 θεοῦ.
1417 1613 1431 1671 ό
1456 1613 1533 1671 ὀσιώ-

239 1755 319 1804 τατος
341 1733 548 1811 καθηγούμενος
570 1738 619 1808 τῆς
643 1733 671 1792 ἐν
695 1740 728 1815 τῆ
749 1737 823 1812 νήσῳ
846 1733 949 1812 Πάτμῳ
972 1732 1125 1808 σεβασμίας
1148 1733 1306 1812 βασιλικῆς,
1328 1739 1532 1814 πατριαρχικής,

240 1861 477 1934 σταυροπήγιακής
501 1861 587 1930 μονῆς
609 1859 655 1914 τοῦ
681 1855 768 1934 ἁγίου,
798 1851 909 1926 ἐνδόξου
937 1855 1091 1914 ἀποστόλου
1118 1855 1164 1914 καὶ
1189 1857 1385 1934 εῦαγγελιστοῦ
1410 1857 1532 1916 Ἰωάννου

241 1980 286 2036 τοῦ
311 1974 454 2054 Θεολόγου
482 1976 649 2054 ἀνήγγειλεν
672 1978 747 2056 ήμῖν,
776 1977 815 2036 ότι
837 1975 909 2049 τινὲς
934 1982 988 2035 τῶν
1016 1973 1069 2036 ἀπό
1096 1981 1142 2036 τοῦ
1171 1978 1249 2037 αῦτοῦ
1277 1978 1457 2057 μοναοτηρίου
1483 1999 1532 2036 τα-

241 2099 325 2178 τέρων
352 2097 579 2178 παραβλέποντες
605 2096 653 2156 καὶ
679 2097 893 2176 παραβαίνοντες
919 2097 981 2170 τοῦς
1008 2097 1167 2170 κανονικοὶις
1194 2100 1273 2177 όρους
1299 2097 1346 2158 καὶ
1373 2099 1470 2171 τύπους
1490 2105 1533 2174 τῆς

241 2220 392 2294 μοναδικῆς
422 2219 570 2294 εόλαβείας
604 2216 651 2278 καὶ
680 2219 821 2291 πολιτείας
855 2219 1033 2294 ἀποτολμῶσι
1066 2220 1285 2295 καταλιμπάνειν
1314 2220 1363 2295 τὴν
1395 2224 1533 2297 μετάνοιαν

244 2343 331 2400 αάτῶν
357 2338 404 2400 καὶ
431 2341 585 2420 ἀναχωρεῖν
613 2338 659 2399 καὶ
688 2338 848 2420 ἐξέρχεσθαι
875 2345 920 2400 τσῦ
943 2341 1133 2422 μοναοτηρίου,
1162 2343 1191 2401 ἐν
1219 2336 1242 2421 ᾧ
1268 2341 1468 2422 ἐκληρῶθησαν
1493 2343 1534 2401 και

243 2463 426 2541 ὑπετάγησαν,
455 2461 637 2542 διατρίβοντες
665 2463 741 2521 ἐνθεν
768 2462 905 2540 κάκεῖθεν,
937 2464 975 2534 ὡς
1002 2463 1165 2538 άνευλαβεῖς
1195 2461 1241 2522 καὶ
1272 2463 1443 2542 ἀναίσχυντοι
1470 2465 1534 2523 ἀτο-

244 2581 338 2643 στάται
371 2581 418 2642 καὶ
451 2582 652 2664 καταφρονηταὶ
681 2585 824 2662 γενόμενοι
855 2587 901 2643 τοῦ
933 2583 1005 2656 ἅπαξ
1035 2587 1183 2662 γεγονότος
1215 2585 1304 2656 αὺτοῖς
1335 2584 1535 2660 ἐνδιαιτήματσς

243 2704 292 2764 καὶ
322 2700 420 2777 ἀνάξια
450 2707 647 2783 μετερχόμενοι
679 2705 877 2784 ἐπιχειρήματα
906 2703 952 2763 καὶ
980 2703 1116 2784 ἀλλότρια
1144 2711 1194 2781 τῆς
1222 2705 1373 2783 μοναδικῆς
1403 2702 1534 2766 καταστά-

245 2847 324 2898 σεως.
356 2827 449 2886 τοῦτον
471 2825 550 2906 χάριν
573 2829 714 2906 γράφομεν
741 2826 787 2886 καὶ
811 2827 1014 2904 ἀποφαινόμεθα
1043 2827 1189 2898 συνοδικῶς
1216 2827 1286 2902 μετὰ
1308 2825 1362 2886 τῶν
1384 2825 1447 2904 περὶ
1468 2830 1534 2902 ήμέις
1570 2871 1571 2874 ι

246 2947 398 3028 ίερωτάτων
429 2949 578 3030 ἀρχιερέων
609 2947 656 3008 καί
686 2949 846 3028 όπερτίμων,
880 2954 932 3007 τῶν
963 2948 991 3007 ἐν
1023 2949 1093 3028 άγίῳ
1122 2949 1254 3024 πνεύματι
1284 2949 1434 3027 ἀγαπητῶν
1464 2950 1533 3022 ήμῶν

246 3070 372 3150 ἀδελφῶν
406 3069 453 3132 καὶ
486 3070 716 3151 συλλειτουργῶν,
750 3070 794 3128 ἵνα
825 3069 849 3128 οἱ
879 3071 1107 3150 ἀναχωρήσαντες
1136 3074 1182 3130 τοῦ
1215 3070 1286 3149 ἱεροῦ
1317 3070 1365 3129 καὶ
1395 3069 1534 3144 σεβασμίου

247 3192 424 3274 μοναοτηρίου
448 3193 500 3252 ἀπό
522 3200 571 3270 τῆς
593 3196 675 3268 νήσου
699 3193 812 3266 Πάτμου
835 3189 882 3251 καὶ
906 3190 945 3263 εἰς
968 3191 1001 3251 τὰ
1025 3193 1115 3252 αῦτόθι
1139 3191 1321 3272 διατρίβοντες
1343 3193 1534 3270 κακηγκάκως,

247 3313 295 3372 ἐόιν
319 3315 357 3388 μὴ
381 3314 559 3393 ἐπιστραφῶσι
584 3313 631 3374 καὶ
660 3314 846 3373 ἐπανέλθωσιν
874 3312 913 3385 εἰς
939 3317 970 3373 τ“ο
998 3315 1061 3373 αῦτδ
1090 3317 1280 3394 μοναστήριον,
1308 3315 1369 3373 όθεν
1399 3311 1534 3389 ἐξέβησαν,

246 3432 294 3493 καὶ
319 3433 357 3506 εἰς
379 3435 427 3510 τὴν
451 3437 596 3509 μετάνοιαν
621 3436 717 3514 αῦτῶν,
745 3435 923 3517 ίερομόναχοι
946 3436 996 3512 μὲν
1020 3435 1096 3508 ὄντες
1118 3435 1165 3494 καὶ
1188 3433 1367 3515 ἱεροδιάκονοι
1391 3434 1470 3514 ἀργοὶ
1491 3433 1533 3491 ἀτ-

249 3560 356 3637 άρχωσι
381 3559 469 3632 πάσης
497 3557 634 3636 ἱερατικῆς
662 3557 803 3638 ἐνεργείας
829 3557 876 3617 καὶ
902 3555 1007 3630 τάξεως
1035 3555 1082 3618 καὶ
1110 3558 1284 3638 ἐστερημένοι
1310 3557 1412 3628 παντός
1439 3555 1534 3628 ἐκκλη-

249 3683 384 3737 σιαστικοῦ
415 3675 608 3760 είσοδήματος,
642 3683 872 3760 καταρρονοῦντες
906 3677 936 3736 δέ
969 3685 1017 3754 τῆς
1052 3679 1149 3757 ἀργίας
1182 3677 1229 3737 καὶ
1263 3678 1443 3757 ἀρωρισμένοι
1472 3675 1535 3752 παρὰ

249 3801 320 3875 θεοῦ,
351 3801 389 3872 ὡς
415 3807 448 3881 τῇ
474 3803 605 3862 παντελεῖ
631 3803 788 3881 καθαιρέσει
815 3800 946 3878 ὑπόδικοι,
975 3797 1079 3860 ἰδιῶται
1102 3799 1133 3858 δέ
1155 3798 1202 3859 καὶ
1226 3797 1343 3877 μοναχοὶ
1366 3797 1534 3878 ἀφωρισμέναι

250 3921 302 3982 ἀπό
329 3923 392 3982 θεοῦ
419 3920 465 3982 καὶ
492 3925 676 4002 κατηραμένοι
703 3921 749 3981 καὶ
778 3923 968 4002 ἀσυγχώρητοι
996 3920 1042 3981 καὶ
1072 3917 1164 3980 ἀλυτοι
1192 3921 1263 3996 μετὰ
1285 3921 1400 3980 θάνατον
1422 3917 1468 3978 καί
1491 3915 1533 3988 ἔξω

249 4051 298 4122 τῆς
322 4045 470 4120 ἐκκλησίας
491 4045 615 4122 Χριστοῦ,
639 4043 685 4102 καὶ
709 4042 806 4118 μηδεὶς
829 4044 956 4125 τολμήσῃ
978 4049 1227 4121 συναναστραφῆναι
1250 4043 1340 4114 αὐτοῑς
1362 4044 1380 4117 ῆ
1403 4060 1533 4122 περιποιη-

250 4167 329 4241 θῆναι
350 4169 368 4240 ἢ
392 4165 571 4240 συνομιλῆσαι
593 4169 611 4239 ή
636 4165 822 4242 ἐλεημοσύνην
849 4165 908 4225 τινὰ
936 4164 1027 4224 δοῦναι
1053 4167 1071 4236 ή
1102 4163 1130 4221 ἐν
1158 4169 1191 4242 τῆ
1217 4161 1342 4245 κατοικία
1369 4165 1449 4222 αὺτοῦ
1476 4159 1532 4220 ἀασ-

251 4288 383 4366 δεχθήναι
409 4289 427 4362 ή
454 4286 615 4367 συνδραμεῖν
642 4290 713 4348 κατοί
735 4309 758 4347 τι
786 4289 864 4366 λόγῳ
895 4291 912 4362 ῆ
944 4287 1028 4367 ἔργῳ,
1061 4287 1108 4344 άτε
1139 4285 1304 4357 ἀποστάταις
1334 4283 1382 4345 καὶ
1413 4285 1533 4344 ἀπατεῶσι
1570 4353 1571 4356 ¹

250 4407 297 4469 καὶ
323 4408 571 4486 καταψευδομένας
599 4409 713 4469 ἐνώπιον
741 4410 803 4466 θεοῦ
829 4407 876 4467 καὶ
903 4404 1060 4488 ἀνθρώπων.
1093 4407 1163 4467 οῦτω
1185 4409 1307 4486 γενέσθω
1335 4404 1365 4479 ἐξ
1388 4407 1533 4485 ἀποράτευς
1570 4429 1571 4464 ι

250 4531 296 4590 καὶ
321 4531 359 4606 μή
384 4532 482 4603 ἄλλως
505 4531 534 4590 ἐν
557 4531 638 4610 βάρει
660 4527 757 4610 ἀργίας
779 4526 826 4588 καὶ
849 4529 946 4588 ἀλῦτου
970 4529 1127 4609 ἀρορισμοῦ.
1158 4527 1252 4610 ,αψβ’.
1287 4527 1319 4586 ἐν
1347 4527 1426 4604 μηνὶ
1453 4520 1532 4604 μαίῳ.

247 4649 460 4730 Ιίνδικτιῶνος
485 4650 510 4712 ι’.
534 4654 554 4732 †
