3162 5278
257 359 320 424 288

256 573 332 632 τερον
360 555 406 612 τόν
434 551 580 627 μοναδικόν
608 549 655 612 καί
681 552 792 630 ἡσύχιον
821 553 1002 632 ῦπερχόμενοι
1029 551 1087 625 βίον
1113 550 1231 624 καὶτὰς
1254 552 1389 626 συνθήκας
1414 553 1481 632 πρός
1505 553 1543 608 τόν

256 675 318 733 θέον
346 676 454 750 θέμενοι
482 673 650 746 ἀπετάξαντο
678 673 723 732 σῦν
749 672 788 750 τῷ
810 675 916 752 κόσμῳ,
939 672 986 732 καί
1009 673 1061 733 άτδ
1084 673 1176 734 τοῦτου
1198 673 1344 733 σκάνδαλα
1366 672 1462 732 πολλὰ
1482 693 1543 750 προ-

257 793 393 868 ξενοῦνται
420 796 467 856 καὶ
494 797 654 875 φιλονεικίαι
680 795 727 856 καί
751 793 848 877 ἔριδες,
873 794 903 868 ἐξ
926 791 964 856 ὧν
988 795 1082 872 βλάβη
1111 795 1161 872 μὲν
1184 797 1235 874 οὺχ
1256 799 1274 870 ἡ
1297 799 1417 874 τυχοῦσα
1438 801 1470 876 τῇ
1493 793 1544 875 θείρ

256 919 339 1002 ταῦτη
367 925 450 1002 μονῇ,
479 919 663 995 μισαλληλίαι
690 917 791 978 δὲκαὶ
814 919 989 995 μνησικακίαι
1011 919 1181 999 ἀναφῦονται,
1205 921 1223 978 σί
1246 917 1280 992 δὴ
1303 920 1393 977 πάντα
1415 914 1481 989 ξένοι
1501 915 1544 974 εἰσὶ

256 1040 303 1102 καὶ
334 1041 468 1122 ἀλλότριοι
493 1047 543 1117 τῆς
572 1040 723 1118 μοναδικῆς
751 1041 902 1114 πολιτείας.
936 1043 954 1117 ἡ
982 1042 1067 1102 τοίνυν
1098 1041 1240 1122 μετριότης
1267 1040 1346 1115 ἡμῶν
1377 1040 1426 1098 οῦκ
1454 1037 1544 1097 άνεκτίι

256 1167 339 1223 ταῦτα
365 1165 528 1242 ἡγησαμένη
555 1166 653 1243 γράφει
679 1165 746 1244 πρός
775 1164 845 1239 ὑμᾶς
871 1161 918 1223 καί
947 1163 975 1222 ἐν
1004 1163 1074 1242 ἁγίῳ
1101 1163 1275 1242 ἀποφαίνεται
1302 1162 1449 1236 πιεῦματι·
1476 1160 1543 1238 όρεί-

256 1284 348 1344 λουσιν
371 1283 395 1344 σί
418 1285 582 1344 τὰτοιαῦτα
604 1286 808 1362 τετολμηκόιες
830 1284 1007 1366 ίσρομόναχοι
1029 1285 1137 1360 όντεςῆ
1159 1281 1276 1361 μοναχοί
1300 1282 1344 1341 διὰ
1368 1279 1543 1358 μεταμελείας

256 1405 303 1466 καί
333 1413 381 1483 τῆς
412 1405 593 1486 ὀφειλομένης
621 1403 825 1488 ἐξαγορεῦσεως
847 1409 946 1467 τοῦτων
970 1407 1021 1483 μὲν
1049 1407 1197 1482 ἀποστῆναι
1224 1403 1355 1484 τελείως,
1385 1408 1432 1463 τοῦ
1457 1403 1544 1463 λοιποῦ

257 1526 288 1586 δὲ
313 1527 351 1602 μὴ
374 1527 481 1603 τολμᾶν
504 1526 579 1599 όλως
602 1527 770 1603 συνωμοσίας
790 1532 808 1602 ἦ
832 1529 943 1609 φατρίας
965 1529 1067 1588 ποιεῖν·
1092 1529 1163 1600 όστις
1185 1527 1239 1607 γὰρ
1265 1527 1406 1600 τοίπωνῆ
1433 1524 1543 1586 καὶτῶν

257 1649 327 1725 μετὰ
352 1656 436 1710 ταῦτα
462 1650 492 1709 τό
514 1653 633 1710 τοιοῦτον
655 1650 818 1726 τολμήσειεν
842 1623 983 1730 ἔγκλημα,
1011 1647 1104 1709 ὁποίου
1132 1651 1164 1708 ἂν
1189 1647 1231 1724 εἴη
1254 1647 1422 1728 καταλόγου,
1450 1647 1542 1726 ἀφωρι-

255 1773 355 1847 σμένος
386 1772 455 1832 έοπω
486 1767 539 1832 ἀπό
568 1773 630 1832 θεοῦ
658 1776 876 1853 παντοκράτορος
905 1771 952 1833 καί
981 1772 1172 1852 κατηραμένος
1206 1768 1253 1831 καί
1281 1771 1477 1848 άσυγχώρητος
1503 1767 1543 1825 καί

256 1893 325 1968 μετὰ
353 1894 467 1954 θάνατον
494 1894 594 1965 άλυτος
621 1896 668 1954 καί
697 1895 785 1973 ἐχέτω
812 1895 861 1966 τὰς
884 1894 953 1975 ἀράς
979 1899 1076 1954 τοῦτο
1105 1894 1232 1973 μεγάλου
1255 1892 1400 1971 Θεολόγου
1426 1891 1471 1952 καί
1497 1898 1542 1949 τῶν

255 2015 413 2096 τριακοσίων
445 2016 514 2076 δέκα
547 2016 593 2076 καί
625 2017 697 2077 όκτὼ
727 2018 863 2098 θεοφόρων
898 2019 1032 2097 πατέρων.
1068 2017 1152 2088 οῦτως
1188 2016 1216 2076 ἑν
1248 2015 1318 2095 άγίῳ
1349 2015 1543 2094 ἀποφαινόμεθα

254 2139 395 2214 πνεῦματι.
426 2139 443 2212 ἡ
472 2137 504 2198 δὲ
531 2141 575 2196 τοῦ
603 2140 665 2198 θεοῦ
691 2141 772 2218 χάρις
803 2138 850 2198 καί
876 2141 907 2198 τό
936 2139 1017 2210 ἕλεος
1043 2137 1091 2198 καί
1113 2139 1130 2213 ί,
1156 2139 1224 2216 είιχὴ
1251 2135 1299 2197 καί
1321 2139 1339 2211 ἠ
1363 2136 1476 2214 εῦλσγίτ
1501 2142 1543 2211 τῆς

254 2261 333 2335 ἡμῶν
357 2259 532 2340 μετριότητος
555 2260 596 2336 είη
621 2262 690 2336 μετὰ
712 2263 819 2320 πάντων
842 2261 932 2336 ὑμῶν·
956 2258 1081 2350 ,αφῑηζᾏ
1113 2259 1333 2342 φεβρουαρίῳ,
1358 2257 1386 2336 γ’
1411 2253 1542 2342 [δεκάτηςγ

257 2378 473 2453 ἱνδικτιῶνος.
498 2383 519 2460 †

358 2503 587 2583 γΜελέτιος,
616 2503 705 2582 ἐλέῳ
738 2505 812 2564 θεοῦ
842 2507 954 2576 πάτας
982 2502 1038 2564 καί
1068 2499 1279 2584 πατριάρχης
1307 2507 1366 2579 τῆς
1397 2501 1543 2580 μεγάλης

254 2623 387 2696 πόλεως
410 2623 680 2705 Ἀλεξανδρείας.
706 2628 727 2706 †

360 2752 466 2807 Ανσίιεὶ.
491 2753 576 2808 chart.
601 2753 678 2809 Flor.
696 2753 738 2810 ΙΙ.
761 2771 812 2808 nro
828 2757 878 2810 41.

393 3126 562 3193 CXXVII.
589 3127 818 3214 7106-1598,
842 3128 894 3194 die
917 3129 969 3194 20.
993 3131 1112 3194 mensis
1134 3129 1210 3214 iulii,
1234 3128 1311 3210 (ind.
1335 3126 1411 3214 XI.)

254 3276 381 3330 Μείιιίιισ
411 3278 512 3347 Ρεφσι,
550 3279 713 3346 patriarcha
747 3279 944 3347 Aleoeamim’ae,
982 3277 1107 3332 ίιονόαόυτ
1143 3277 1285 3333 monachos
1322 3277 1360 3332 αιί
1397 3276 1536 3348 τείίφίοσαιι

320 3381 404 3434 vitam
427 3381 596 3452 conceditque
618 3383 714 3438 αῦόαιι·
734 3385 893 3438 ιποιιασιοπίί
912 3385 956 3438 ius
979 3383 1154 3438 consecrandi
1175 3383 1299 3438 εοοίσοίασ
1322 3389 1347 3436 et
1369 3381 1482 3436 altaria.

358 3547 586 3629 ίΜελέτισς,
619 3549 706 3630 ἐλέῳ
737 3552 812 3611 θεοῦ
842 3555 953 3625 πάτος
982 3551 1039 3614 καί
1068 3553 1279 3632 πατριάρχης
1308 3557 1366 3622 τῆς
1397 3549 1537 3627 μεγάλης

253 3668 387 3741 πόλεως
410 3667 672 3752 Ἀλεξανδρείας
698 3672 753 3732 καί
775 3674 891 3754 κριτὴς
913 3681 973 3751 τῆς
995 3673 1205 3750 οἰκουμένης.
1230 3674 1251 3750 †

357 3845 441 3924 †T0
468 3848 514 3904 τοῦ
541 3851 662 3928 σωτῆρος
684 3848 764 3922 ἡμῶν
790 3848 913 3924 ποίμνιον
940 3850 1012 3909 κατὰ
1037 3850 1068 3908 τό
1091 3848 1273 3928 εῦαγγελικδν
1299 3848 1461 3927 πρόσταγμα
1485 3861 1535 3902 τοι·

254 3966 358 4039 μαίνειν
388 3968 536 4045 ταχθέντες
569 3968 619 4028 ῦτό
651 3975 701 4044 τῆς
734 3970 924 4051 φιλανθρώπου
956 3971 1083 4051 προνοίας
1118 3973 1197 4031 αὐτοῦ
1230 3969 1277 4030 καί
1312 3969 1358 4030 διὰ
1390 3973 1466 4028 τοῦτο
1497 3970 1534 4038 τῆς

252 4087 406 4164 καθολικῆς
433 4089 584 4165 ἐκκλησίας
611 4091 645 4150 τὰ
670 4095 810 4169 πανταχοῦ
837 4098 889 4172 γῆς
920 4094 1100 4172 εὑρισκόμενα
1130 4093 1204 4168 μέλη
1232 4091 1278 4152 διὰ
1305 4091 1443 4172 φροντίδος
1466 4089 1533 4166 ἔχον·
1561 4069 1562 4086 ί

253 4227 298 4279 τες
325 4210 489 4290 ῦπερκαοῦς,
517 4213 576 4284 ταῖς
603 4211 737 4292 ἀνάγκαις
763 4233 794 4273 τε
824 4213 870 4275 καί
900 4214 1007 4296 χρείαις
1037 4217 1137 4275 τοῦτων
1167 4215 1315 4292 όλοψῦχως
1341 4213 1531 4292 ὑπηρετοῦντες..

254 4329 293 4400 ὡς
317 4329 457 4392 ἐλλείπειν
485 4332 514 4392 ἐν
537 4333 625 4394 οίνδενί
652 4339 707 4396 τῶν
731 4334 770 4406 είς
793 4336 927 4416 σωτηρίαν
951 4338 1137 4397 συντεινόντων
1159 4339 1231 4396 κατά
1253 4355 1286 4415 γε
1309 4334 1357 4410 τὴν
1382 4335 1532 4414 δωρηθεῖσυν
1560 4317 1561 4381 ί

253 4452 318 4527 ἡμῖν
339 4455 420 4533 χάριν
439 4473 470 4514 τε
492 4453 539 4514 καί
562 4454 674 4532 δύναμιν
697 4456 744 4516 καί
766 4455 898 4539 ἐξουσίαν,
922 4459 1076 4539 ἀφικόμεθα
1098 4459 1168 4534 μετὰ
1189 4458 1238 4530 τὰς
1260 4459 1290 4517 έν
1312 4463 1345 4540 τῇ
1369 4454 1532 4532 βασιλευιίση
1559 4531 1560 4542 ,

254 4573 394 4653 διατριβὰς
424 4574 471 4636 καί
501 4575 541 4649 είς
568 4577 690 4658 Πάτμον,
720 4579 769 4654 την
800 4581 862 4640 θεοῦ
892 4583 984 4662 χάριτι
1010 4577 1205 4662 όρθοδοξοῦσαν
1235 4588 1327 4664 νῆσον,
1356 4581 1387 4639 τό
1417 4599 1448 4641 τε
1475 4575 1531 4652 ίερέν

252 4695 397 4768 κειμήλιον
422 4701 473 4772 τῆς
497 4698 619 4776 οῦρανίου
646 4698 849 4778 ἀποκαλύψεως
874 4702 921 4762 καί
947 4704 977 4762 τό
1004 4703 1152 4779 σεβάσμιον
1179 4705 1358 4783 μοναστόριον
1385 4707 1432 4764 τοῦ
1459 4697 1529 4778 ἁγίου.
1558 4783 1559 4788 ¹

1545 5003 1558 5248 ί
