3228 5294
1299 353 1340 416 73

59 546 99 606 καί
124 549 161 606 ότι
182 546 196 604 ό
220 547 259 622 μὴ
287 547 359 606 κατὰ
384 546 538 626 προαίρεσιν
566 547 634 604 σύτω
663 545 834 619 διακείμενος
860 543 907 604 καὶ
929 551 1043 624 φρονῶν,
1071 545 1149 604 ούδέν
1173 548 1278 626 ἕτερον,
1301 547 1339 618 ώς

60 667 131 748 εἰκός,
157 667 300 728 ἀκούσεται
327 672 345 742 ἢ
368 668 402 728 τόι
428 667 502 746 παρὰ
524 674 577 727 τῶν
600 671 743 746 προφητῶν
771 667 956 740 ότειλητικῶς
984 667 1017 726 ἐκ
1038 667 1182 746 προσώπου
1208 668 1255 725 τσῦ
1277 667 1340 726 θεοῦ

58 791 115 868 πρὶς
134 789 192 860 τσίις
215 789 264 849 ούκ
288 789 405 867 ἀγαθούς
427 791 559 864 ποιμένας
582 790 738 864 λεγόμενα·
765 788 906 866 «ῥομφαία
934 785 1091 867 ἐξεγέρθητι
1118 785 1162 846 ἐπὶ
1187 786 1249 858 τοὺς
1275 809 1338 848 5:02-

60 915 142 988 μένας,
167 909 213 969 καὶ
236 908 350 982 πατάξω
372 910 434 980 τσὺς
456 911 588 985 ποιμένας
618 907 664 970 καί
687 907 780 982 ἐπάξω
802 909 850 984 τἠν
872 911 954 990 χεῖρά
977 927 1029 984 μου
1052 907 1095 970 ἐπὶ
1118 908 1179 980 τούς
1197 910 1340 987 ποιμένας,

366 995 376 1016 .

60 1031 97 1090 ιιαί
122 1033 261 1108 ἐκζητηοω
287 1033 321 1091 τό
346 1032 471 1111 πρόβατά
499 1051 550 1108 μου
579 1031 611 1092 ἐκ
636 1039 690 1090 τῶν
713 1037 814 1111 χειρῶν
843 1033 972 1090 αύτῶνν·
998 1030 1081 1103 διατί;
1114 1032 1177 1090 «ότι
1198 1027 1234 1113 τ’σζ
1254 1031 1339 1105 ἠσθε-

59 1155 128 1227 νηκδς
147 1155 194 1212 σὐκ
209 1154 370 1232 ἐνισχύονσι,
393 1152 440 1214 καί
462 1155 493 1214 τό
516 1155 740 1232 συντετριμμένον
763 1153 793 1214 ού
816 1151 1025 1232 καταδεομσύσι,
1047 1149 1095 1212 καί
1113 1153 1144 1212 τό
1158 1151 1339 1226 πλανώμενον

60 1277 98 1333 σίκ
125 1276 304 1354 ἐπιστρέφουσι
341 1275 388 1335 καί
419 1277 449 1335 τό
478 1274 627 1345 ἀπολωλός
658 1276 708 1336 σύκ
735 1275 874 1349 ἐπιζητοῦσι
910 1273 957 1334 καί
986 1275 1015 1334 τό
1043 1273 1150 1353 ἰσχυρόν
1178 1275 1208 1334 οἰι
1234 1275 1339 1353 φυλάτ-

59 1417 166 1458 τωσιν».
190 1397 269 1476 όρκεῑ
290 1401 373 1456 τσάτα
397 1395 436 1468 εἰς
458 1397 651 1476 παραγγελίαν
674 1395 712 1474 τῷ
734 1397 889 1475 ἡγουμένῳ.

147 1517 182 1578 κ’.
208 1515 286 1578 Ἐπεί
317 1517 348 1577 δὲ
379 1517 607 1590 σίπαταπίοτευτός
636 1539 696 1590 πως
727 1516 797 1577 ἐστίν
824 1519 841 1591 ί,
865 1518 938 1596 φύσις
966 1519 1045 1592 ἡμῶν
1075 1515 1122 1578 καί
1151 1517 1228 1576 σύδὲν
1255 1518 1339 1588 σύτως

60 1637 201 1718 Ξξίτρεπτόν
225 1638 324 1700 τεκαὶ
354 1639 542 1715 εὐμετάβολον
573 1639 653 1720 ζῷον,
684 1641 723 1711 ώς
753 1639 903 1720 ἅνθρωπος,
935 1641 984 1698 σύκ
1013 1639 1127 1719 ἄκαιρον
1155 1634 1230 1714 οἶμαι
1256 1639 1340 1717 όλίγα

60 1763 113 1820 ίττα
140 1759 222 1820 εἰπεῖν
248 1759 296 1820 καί
323 1759 451 1840 περὶτοῦ
479 1761 517 1838 μὴ
546 1763 584 1834 ώς
612 1761 674 1822 δέον
701 1761 942 1839 ἡγουμενεύοντσς.
970 1760 1069 1818 όπόταν
1097 1761 1159 1820 καθ’
1187 1759 1340 1836 οἰσνδητινα

58 1882 140 1958 τρόπον
169 1885 183 1942 ό
209 1883 350 1962 προεστώς
382 1883 490 1959 άθεποίη
517 1903 542 1942 τι
570 1889 625 1942 τῶν
651 1883 793 1964 ἡμετέρων
820 1883 919 1943 τούτων
948 1883 1150 1960 διαταγμάτων,
1178 1877 1216 1941 ών
1244 1882 1273 1940 ἐν
1300 1881 1339 1959 τῷ

58 2005 152 2083 παρόντι
183 2005 313 2081 δηλονότι
344 2005 473 2085 ἐγγράφῳ
506 2007 609 2064 σίνωθεν
644 2003 790 2084 όρξάμενσι
826 2003 1094 2081 διεμνημόνεύσαμεν
1133 2007 1151 2080 ἡ
1182 2002 1229 2062 καί
1257 2007 1338 2084 προϊ-

59 2128 121 2196 όντες
146 2127 210 2206 άχρι
236 2127 335 2200 τέλους
363 2127 602 2202 ἐπιμνησθείημεν,
629 2130 647 2202 ἢ
670 2128 718 2202 τὴν
745 2133 794 2201 τῆς
821 2127 996 2202 κσινοβιακῆς
1025 2125 1168 2198 πολιτείας
1198 2123 1339 2207 ἀκρίβειαν

59 2248 138 2323 φανείη
160 2251 379 2328 παραχαράττων
405 2247 436 2320 ἐξ
463 2247 565 2322 οἰκείας
591 2248 658 2320 ἰσως
684 2249 857 2328 φιληδονίας,
891 2251 909 2322 ἡ
936 2247 986 2320 τὰς
1011 2254 1060 2322 τῆς
1083 2253 1168 2322 μονῆς
1190 2248 1340 2327 προσόδους

59 2369 269 2449 παρακερδαίνειν
289 2369 439 2446 βουληθείη
459 2368 506 2429 καί
526 2371 716 2449 νοσφιζόμενσς
731 2369 928 2449 ἀπελέγχοιτσ,
949 2369 988 2444 μὴ
1013 2369 1088 2438 εἰιθύς
1112 2369 1236 2440 ἀτάκτως
1260 2370 1339 2428 αύτσύ

59 2489 109 2561 τούς
127 2492 225 2562 πάντας
243 2488 496 2568 κατεξανίστασθαι,
518 2487 584 2550 ἀλλ’
602 2489 702 2562 ἐξεῖναι
723 2490 882 2564 βουλόμεθα
900 2493 956 2562 τοῖς
976 2489 1185 2570 εὐλαβεστέροις
1200 2489 1246 2549 καὶ
1269 2511 1339 2570 προ-

59 2609 145 2688 κρίτοις
159 2618 210 2672 τῶν
226 2612 364 2692 ἀδελφῶν,
384 2613 469 2690 ἤγουν
484 2611 522 2691 τῷ
538 2611 683 2690 οἰκονόμῳ,
698 2613 737 2690 τῲ
754 2611 946 2692 ἐκκλησιάρχῃ
966 2607 1012 2670 καί
1032 2613 1089 2682 τοῖς
1108 2611 1232 2692 ίερεύσιν,
1252 2611 1340 2687 ἠπίως

61 2729 118 2806 ἰ·γαν
133 2731 177 2792 καί
192 2733 263 2808 μετὰ
277 2735 463 2813 προσήκοντος
478 2737 524 2794 τού
540 2733 713 2808 σεβάσματσς
732 2734 945 2808 ὑπομιμνήσκειν
956 2731 1018 2813 περὶ
1033 2735 1079 2792 τού
1094 2733 1340 2808 πλημμελήματος

60 2851 98 2910 ιιαί
111 2857 137 2912 τό
152 2859 199 2930 τῆς
215 2854 411 2935 φιλσπατορίας
426 2875 455 2913 τε
471 2853 516 2914 καί
532 2859 581 2928 τῆς
596 2853 778 2932 φιλαδελφίας
798 2854 885 2913 καλόν
907 2853 1105 2914 ἐπιδείκνυσθαι
1127 2853 1171 2914 διόι
1185 2859 1232 2914 τοῦ
1252 2855 1339 2914 σιτεύ-

61 2973 106 3033 δειν
120 2977 276 3056 ὁλοσχερῶς
298 2974 337 3047 εἰς
351 2977 401 3064 φἠν
417 2975 521 3035 ἐκείνου
538 2973 686 3056 διόρθωσιν,
702 2979 777 3036 τούτο
794 2975 826 3035 δὲ
842 2975 893 3053 οὺχ
910 2973 983 3048 ἅπαξ
998 2979 1094 3056 ποιεῖν,
1111 2975 1188 3036 σίλλόι
1204 2975 1249 3035 καί
1264 2977 1338 3036 πσλ-

60 3096 128 3168 λάκις
142 3097 211 3171 μετὰ
224 3096 336 3172 πολλῆς
347 3102 397 3172 τῆς
408 3096 571 3176 πρσσηνείας
582 3095 629 3156 καί
644 3095 814 3176 ἱλαρότητος.
831 3095 878 3156 καί
893 3095 917 3155 εἰ
930 3097 981 3172 μὲν
998 3098 1092 3156 ἑαυτοῦ
1106 3117 1173 3158 ποτε
1188 3097 1339 3174 γενόμενος

61 3222 103 3273 τῶν
122 3218 350 3298 ἀπηγορευμένων
366 3218 471 3290 ἐκεῖνος
487 3217 575 3297 ἔργων
593 3216 749 3298 ἀπόσχοιτο,
770 3218 839 3278 ἔστω
855 3217 938 3278 πάλιν
959 3216 1006 3277 καὶ
1026 3219 1249 3297 ἡγουμενευέτω·
1268 3217 1291 3278 εί
1308 3220 1339 3279 δὲ

61 3337 98 3394 καί
112 3340 175 3412 μετὰ
196 3339 248 3412 τός
262 3339 355 3410 κοινὰς
371 3338 417 3398 καί
434 3337 586 3411 ἰδιαζούσας
601 3341 772 3418 παραινέσεις
788 3337 1002 3420 ἰσχυρογνώμων
1018 3342 1095 3415 μένει
1110 3341 1177 3420 πρός
1199 3342 1229 3400 τό
1252 3341 1339 3402 κακόν

61 3457 98 3516 καί
116 3461 255 3534 παντελῶς
278 3460 452 3540 όδιόρθωτος,
482 3463 682 3536 μετακινείσθαι
704 3466 797 3522 τοῦτον
819 3467 868 3535 τῆς
890 3461 1055 3540 προστασίας
1079 3461 1218 3542 ἀθορύβως
1239 3483 1271 3521 τε
1292 3461 1339 3522 καί

63 3579 221 3658 ίφιλονείαιως
252 3583 436 3662 διοριζόμεθα,
471 3586 564 3664 ἕτερον
594 3583 625 3644 δέ
654 3583 747 3662 πάλιν,
781 3584 843 3642 καθ’
875 3585 904 3642 ’όν
935 3581 1085 3664 εἰρήκαμεν
1114 3584 1221 3664 τρόπον,
1252 3584 1339 3644 ἐκλέ-

63 3703 143 3776 γεσθαί
161 3726 191 3766 τε
213 3703 261 3765 καί
283 3705 511 3786 προχειρίζεσθαι,
536 3705 630 3785 ἔφορον
654 3705 684 3764 δὲ
707 3710 756 3778 τῆς
778 3706 916 3783 ἡμετέρας
940 3703 983 3764 ἐπὶ
1006 3711 1039 3784 τῇ
1063 3705 1169 3786 ἐκλογῇ
1192 3711 1245 3764 τῶν
1268 3705 1339 3764 κατὰ

65 3821 177 3902 διαδοχὰς
204 3827 368 3902 μελλόντων
391 3829 589 3906 ἡγουμενείισαι
615 3827 730 3906 κρίσεως
756 3828 786 3885 τό
816 3826 969 3907 πανδερκές
995 3827 1057 3901 ύμῖν
1085 3832 1133 3900 τῆς
1162 3827 1239 3901 δίκης
1262 3825 1339 3901 όμμα

66 3943 175 4028 ἓνίττημι,
205 3947 252 4008 ιιαί
281 3947 482 4029 παρεγγυώμαι
513 3947 579 4026 δίχα
607 3949 708 4018 πάθους
739 3947 904 4026 ἀνθρωπίνου
936 3952 982 4008 τοῦ
1016 3948 1179 4022 οίσυδητινος
1211 3945 1258 4006 καὶ
1290 3949 1339 4022 τὴν

65 4067 181 4146 πρόκρισιν
203 4073 347 4150 ποιεῖσθαι,
371 4071 417 4130 καί
441 4067 526 4150 αὖθις,
549 4071 655 4130 είπστε
677 4070 796 4146 συμβαίη
820 4067 901 4153 (ἕπερ
925 4066 1032 4152 ἀπείη),
1055 4073 1101 4128 τού
1124 4071 1251 4148 φανέντος
1273 4067 1339 4141 ἴσως

67 4184 177 4262 ἰέσκίμου
198 4189 245 4250 καί
268 4191 432 4270 ἀδιορθώτσυ
455 4191 503 4266 τὴν
526 4191 709 4267 μετακίνησιν.
734 4189 758 4250 εἰ
775 4191 799 4249 δ’
816 4187 870 4270 οὖν,
895 4189 962 4250 ἀλλ’
987 4188 1016 4249 εύ
1039 4189 1105 4269 ἴστε,
1127 4190 1165 4260 ώς
1187 4190 1202 4248 ό
1223 4188 1339 4269 προδούς

67 4305 89 4362 ἐν
107 4311 209 4372 ταύταισι
223 4305 288 4385 ’τοῖς
310 4311 473 4392 κεφαλαίοις
495 4314 526 4372 τό
550 4313 654 4372 δίκαιον
677 4313 726 4373 ούκ
749 4310 915 4390 ἐκφευξείται
938 4311 986 4385 τἠν
1010 4310 1128 4389 φοβερόν
1155 4310 1271 4385 ἀπειλὴν
1293 4316 1339 4370 τού

66 4427 153 4490 δικαίου
179 4441 267 4515 κριτσύ
299 4435 328 4494 έν
357 4441 391 4516 τῇ
418 4435 510 4516 ἡμέρᾳ
541 4433 632 4516 ἐκείνῃ
660 4441 709 4509 τῆς
740 4440 793 4494 τών
824 4434 939 4514 κρυφίων
971 4434 1186 4513 ἀποκαλύψεως,
1218 4437 1262 4494 ότε
1292 4433 1339 4494 καί

68 4549 191 4626 «ἐνθύμιον
214 4555 387 4636 ἀνθρώπου»,
410 4555 482 4615 κατόι
504 4555 549 4614 τόν
572 4555 644 4616 θεῖον
667 4557 747 4634 φάναι
764 4555 860 4630 Δαβίδ,
881 4553 1135 4631 «ἐξομολογήσεται
1150 4553 1189 4632 τῷ
1204 4553 1269 4634 θεῷ,
1291 4554 1339 4614 καί

67 4667 257 4750 ἐγκατάλειμμα
286 4677 410 4750 ἐνθυμίσυ
438 4673 478 4748 εἰς
506 4676 602 4755 ἑορτὰς
631 4675 701 4753 αύτῷ
729 4675 958 4752 λογισθήσεται».
986 4674 1033 4734 καί
1059 4676 1160 4736 τούτων
1188 4677 1238 4750 μὲν
1265 4677 1337 4748 όίλις.Ι
