3184 5288
228 355 270 419 92

227 549 286 608 τινὰ
316 550 431 624 νομικὴν
463 549 572 629 ἀρωγὴν
605 549 802 609 ἀνακαλεῖσθαι
831 553 850 623 ἢ
877 549 981 628 λέγειν,
1022 553 1061 610 ότι
1090 552 1151 610 τότε
1181 549 1371 628 ἀπεταξάμην,
1399 552 1445 610 ότε
1476 551 1525 610 οῦκ

229 670 294 752 ἔδει,
328 669 376 730 καὶ
405 671 457 751 πρό
487 675 532 730 τοῦ
564 671 717 748 ἐνδημῆσαι
745 672 790 730 τόν
822 673 945 750 μοναχδν
976 673 1115 752 Ἀρσένιον
1145 671 1193 731 καί
1221 673 1270 746 τὴν
1300 673 1413 750 γνώμην
1445 671 1525 730 αὐτοῦ

226 793 386 868 κατάδηλον
417 794 510 852 θέσθαι
536 797 554 867 ἡ
577 794 644 872 πρδς
667 793 760 865 ἀλλας
781 794 857 865 τινὰς
884 794 1050 873 ἀμφιβολίας
1073 795 1294 874 ῦπεισέρχεσθαι·
1319 794 1447 865 ἑκουσίως
1469 793 1523 870 γὰρ

226 921 386 994 καταφρονῶ
416 915 516 986 παντός
545 919 591 974 τοῦ
614 913 657 974 ἐπὶ
687 922 720 997 τῇ
750 917 857 997 τοιαῦτ-η
888 921 958 996 μονῇ
988 920 1033 974 τοῦ
1062 915 1149 992 τιμίου
1180 913 1323 994 Θεολόγου
1353 918 1399 974 τοῦ
1430 914 1459 972 ἐν
1489 920 1522 994 τῇ

230 1036 336 1114 Πάτμῳ
366 1034 412 1095 καί
445 1042 499 1095 τῶν
537 1036 716 1117 διαφερόντων
753 1039 820 1119 αῦτῇ
857 1040 965 1098 πάντων
1002 1037 1233 1119 προσβοηθοῦντός
1263 1059 1309 1114 μοι
1339 1037 1452 1115 δικαίου,
1486 1039 1524 1108 ῶς

228 1157 367 1230 ἀδυνάτως
405 1159 478 1236 ἔχων
517 1159 646 1219 ἀπελθεῖν
685 1158 724 1230 είς
763 1160 844 1236 αὐτὴν
878 1160 924 1220 καὶ
959 1161 987 1221 ἐν
1024 1163 1089 1244 αὐτῇ
1124 1159 1228 1238 διάγειν
1263 1159 1308 1218 διά
1335 1158 1370 1218 τὰ
1400 1179 1523 1238 προανα-

227 1282 407 1359 γεγραμμένα
435 1281 549 1358 ἅπαντα,
572 1279 619 1340 καί
649 1283 781 1362 ὁμολογῶ
813 1285 851 1360 μὴ
879 1283 1030 1364 χρήσεσθαί
1059 1304 1107 1343 τινι
1137 1289 1237 1364 νομικῇ
1269 1281 1392 1363 βοηθείᾳ,
1422 1280 1523 1358 οίῳδή-

227 1421 274 1459 τινι
296 1402 388 1481 τρόπῳ
415 1405 433 1474 ἢ
459 1401 540 1481 ἀλλῳ
569 1403 664 1483 δικαίῳ
692 1405 903 1483 προσβοηθοῦντί
930 1427 985 1480 μοι.
1010 1405 1105 1465 λοιπδν
1129 1403 1176 1464 ἐάν
1201 1405 1253 1484 ἄρα
1274 1403 1393 1463 τοιοῦτόν
1415 1423 1439 1460 τι
1461 1421 1523 1460 ποι-

225 1524 284 1596 ήσω
314 1519 362 1581 καὶ
392 1524 422 1581 οῦ
449 1521 560 1601 φυλάξω
587 1526 617 1583 τδ
646 1527 732 1605 παρόν
765 1531 814 1602 τῆς
849 1523 1008 1598 ἀποτάξεως
1043 1527 1177 1606 ἔγγραφον
1213 1525 1324 1599 βέβαιον
1354 1521 1401 1583 καὶ
1431 1523 1464 1581 τό
1496 1521 1523 1580 ἐν

226 1642 298 1720 αὐτῷ
321 1644 524 1720 ἀναταττόμενα
546 1645 765 1726 ἀπαράθραυστα,
786 1647 863 1706 ἀλλά
883 1647 950 1727 πρός
967 1643 1118 1728 ἀνατροπὴν
1143 1647 1203 1718 ένδς
1225 1643 1271 1706 καί
1295 1646 1377 1720 μόνου
1400 1645 1523 1724 βήματος

224 1769 279 1823 τῶν
307 1765 560 1844 ἀναγεγραμμένων
587 1769 726 1846 γένωμαι,
754 1773 872 1846 μερικῶς
900 1767 954 1827 εἴτε
976 1768 1106 1846 καθόλου,
1129 1769 1197 1846 πρδς
1219 1767 1248 1826 τό
1272 1766 1310 1840 μὴ
1334 1763 1522 1826 είσακοῦεσθαι

227 1885 266 1958 εἰς
290 1885 359 1946 εἴτι
382 1886 429 1946 καί
451 1887 509 1965 ἔχω
532 1889 637 1966 λέγειν,
662 1887 705 1948 ἵνα
733 1891 771 1964 μὴ
799 1891 881 1964 μόνον
909 1891 1023 1970 ὑπάρχω
1050 1889 1319 1963 καταδεδικασμένος
1343 1887 1395 1946 ἀπό
1422 1887 1522 1955 παντός

224 2009 359 2089 κριτηρίου
393 2007 440 2068 καὶ
469 2011 499 2068 τό
529 2013 614 2088 κρῖμα
645 2011 697 2071 ἀπδ
735 2011 826 2092 κυρίου
863 2013 926 2070 θεοῦ
962 2014 1180 2090 παντοκράτορος
1210 2012 1363 2084 ἐπισπῶμαι
1394 2005 1440 2068 καὶ
1471 2007 1520 2081 τὴν

225 2130 292 2211 ἀράν
318 2131 484 2212 κληρονομῶ
513 2137 567 2191 τῶν
593 2132 644 2208 τιη’
676 2133 760 2211 ἁγίων
791 2132 838 2192 καί
868 2135 1003 2212 θεοφόρων
1032 2135 1171 2213 πατέρων,
1203 2134 1271 2193 ἀλλ’
1302 2135 1340 2204 ῶς
1371 2131 1403 2192 ἐκ
1432 2151 1520 2204 μετα-

226 2253 341 2330 μελείας
364 2253 411 2313 καί
437 2257 582 2332 πρόστιμον
609 2255 740 2334 παρέχειν
769 2256 801 2316 ἐκ
827 2258 968 2335 συμφώνου
995 2255 1041 2316 καί
1072 2256 1265 2334 ἐπερωτήσεως
1287 2255 1354 2334 πρδς
1376 2253 1448 2327 ῦμάς
1471 2253 1521 2327 μέν

225 2375 285 2447 τοὺς
313 2375 489 2452 δηλωθέντας
517 2377 655 2454 μσναχοίις
681 2376 728 2436 καί
754 2379 784 2436 τδ
808 2379 891 2456 μέρος
918 2383 968 2454 τῆς
995 2378 1069 2453 ὑμῶν
1093 2383 1179 2453 μονῆς
1205 2376 1315 2456 χρυσίου
1342 2374 1438 2455 λίτρας
1464 2374 1522 2434 δῶ-

227 2497 305 2576 δεκα,
336 2499 404 2577 πρός
438 2498 469 2558 δὲ
502 2500 532 2558 τό
564 2501 647 2580 μέρος
680 2503 726 2559 τοῦ
760 2499 901 2572 βασιλικοῦ
936 2498 1086 2579 βεοτιαρίσυ
1121 2499 1217 2578 ἑτέρας
1250 2497 1346 2577 λίτρας
1378 2498 1521 2575 τέσσαρας,

226 2621 356 2694 μένοντος
388 2619 437 2679 εἴθ’
470 2621 555 2693 σῦτως
585 2620 632 2681 καὶ
661 2627 708 2683 τοῦ
740 2624 873 2702 παρόντος
905 2623 1041 2702 ἐγγράφου
1070 2625 1121 2697 τῆς
1150 2616 1310 2692 ἀπστάξεως
1340 2617 1447 2699 ἰσχυροῦ
1476 2615 1523 2678 καὶ

227 2739 339 2816 βεβαίου
363 2740 402 2812 εἰς
424 2743 454 2801 ιδ
477 2743 530 2804 ἀεί.
555 2743 614 2802 ἐπεὶ
638 2743 669 2803 δέ
691 2743 888 2818 κατεβαλόμην
912 2743 969 2821 ἐγὼ
991 2745 1006 2802 ό
1026 2739 1119 2822 ῥηθεὶς
1142 2740 1299 2820 Θεοδόσιος,
1322 2741 1524 2820 χαρτουλάριος

225 2861 272 2921 καί
300 2864 496 2944 πατριαρχικός
522 2867 654 2944 νοτάρισς,
677 2867 692 2924 ό
715 2869 761 2924 τοῦ
789 2865 975 2945 Καστρεισίου,
1002 2865 1081 2944 λόγῳ
1109 2869 1223 2944 μερικῆς
1250 2883 1322 2935 τινος
1350 2859 1447 2936 ἐξόδου
1473 2869 1523 2938 τῆς

225 2986 349 3062 τοιαῦτης
380 2992 466 3062 μονῆς
492 2991 580 3066 χρυσά
607 2987 759 3063 νομίσματα
787 2989 912 3048 διακόσια
933 2989 1039 3068 τραχέα
1065 2989 1161 3064 χιάτα,
1196 2982 1243 3046 καὶ
1271 2985 1415 3060 ἐπεζήτουν
1442 2987 1524 3043 ταῦτα

225 3107 333 3187 λαβεῖν,
361 3105 552 3185 ἐξενεγκόντες
581 3109 721 3170 δεδώκατέ
749 3132 794 3185 μοι
821 3113 904 3170 ταῦτα
932 3109 980 3186 τὴν
1007 3112 1128 3188 σήμερον
1154 3107 1200 3166 καὶ
1230 3108 1341 3167 ένῶπιον
1368 3112 1420 3166 τῶν
1449 3127 1523 3185 μαρ-

225 3231 310 3311 τθρων
334 3237 392 3290 σῶα
414 3229 460 3290 καὶ
483 3230 632 3310 ἀνελλιπῆ,
655 3231 702 3292 καὶ
729 3231 773 3291 ἵνα
801 3233 839 3308 μὴ
863 3233 921 3310 ἔχω
945 3232 1040 3292 ἀδειαν
1068 3231 1120 3291 ἀπδ
1147 3233 1193 3289 τοῦ
1215 3230 1348 3309 παρόντος
1368 3229 1436 3309 πρός
1459 3229 1523 3288 δευ-

228 3352 309 3430 τέραν
345 3351 497 3427 ἐπιζήτησιν
531 3357 576 3412 τοῦ
609 3355 727 3413 τοιούτου
760 3351 869 3432 χρυσίου
902 3359 955 3412 τῶν
985 3352 1130 3412 διακοσίων
1159 3351 1284 3431 τραχέων
1312 3351 1414 3426 χιάτων
1445 3369 1522 3425 νομι-

228 3476 338 3548 σμάτων
357 3475 458 3554 χωρεῖν
483 3479 602 3554 μερικῶς
626 3473 680 3534 εἴτε
702 3473 833 3554 καθόλου,
856 3477 874 3548 ἦ
898 3475 990 3553 ἕτερόν
1005 3495 1029 3533 τι
1051 3473 1147 3534 πλεῖον
1172 3474 1304 3547 ἐπιζητεῖν
1326 3474 1447 3548 πώποτε,
1470 3470 1524 3550 οἱα-

228 3594 312 3669 δήτινι
350 3597 479 3674 προφάσει
516 3599 534 3670 ἢ
573 3596 680 3678 ἀφορμῇ
715 3599 732 3669 ἢ
759 3597 827 3675 πρδς
856 3595 948 3670 ἀλλην
974 3594 1033 3654 τινὰ
1061 3593 1226 3672 ἀμφιβολίαν
1253 3592 1476 3671 ὑπεισέρχεσθαι·
1501 3587 1523 3649 εἰ

226 3715 281 3793 γάρ
304 3717 334 3776 οὺ
357 3713 470 3795 φυλάξω
492 3719 521 3776 τό
544 3719 630 3798 παρόν
654 3717 802 3796 ἔγγραφον,
825 3717 897 3775 καθά
921 3714 1090 3798 δεδήλωται,
1115 3716 1237 3794 βέβαιον,
1260 3715 1328 3795 πρός
1349 3715 1379 3773 τδ
1403 3713 1442 3788 μὴ
1467 3709 1522 3771 είσ-

229 3839 374 3898 ακοῦεσθαι
402 3835 440 3910 είς
463 3837 490 3898 εί
508 3859 533 3898 τι
555 3837 602 3898 καί
626 3839 684 3915 έχω
712 3837 816 3916 λέγειν,
839 3837 883 3896 ίνα
906 3839 944 3912 μὴ
973 3837 1055 3912 μόνον
1082 3835 1129 3896 καὶ
1156 3837 1186 3895 τό
1214 3839 1333 3896 τοιοῦτον
1358 3832 1469 3915 χρυσίον
1492 3833 1524 3890 τὰ

230 3959 354 4020 διακόσια
380 3966 469 4040 χρυσοῖ
497 3963 602 4040 τραχέα
624 3963 707 4037 χιάτα
729 3959 883 4035 νομίσματα
905 3959 958 4018 ἀπό
982 3959 1123 4037 συμφώνου
1153 3956 1193 4029 είς
1215 3959 1245 4017 τδ
1272 3955 1413 4017 διπλάσιον
1441 3955 1523 4014 ἀπαι-

228 4089 327 4162 τῶμαι,
356 4083 427 4157 μετὰ
453 4079 500 4142 καὶ
526 4087 572 4142 τοῦ
601 4083 700 4161 μέρους
723 4100 784 4160 μου,
812 4078 859 4138 καὶ
882 4080 914 4138 ἐκ
936 4083 1024 4156 πάσης
1052 4100 1103 4154 μου
1130 4086 1178 4156 τῆς
1204 4077 1357 4158 περιουσίας
1383 4075 1431 4136 καί
1458 4077 1525 4135 ῦπο-

229 4207 359 4283 στάσεως,
389 4204 457 4264 ἀλλ’
485 4206 523 4274 ῶς
551 4204 583 4263 ἐκ
610 4203 798 4280 μεταμελείας
826 4203 969 4278 ῦπόκειμαι
997 4205 1056 4274 ταῖς
1084 4202 1345 4281 ἀναγεγραμμένοις
1372 4198 1450 4279 ἀραῖς
1479 4195 1525 4257 καί

228 4329 284 4398 τοῖς
311 4324 467 4404 προστίμοις
498 4325 610 4401 βεβαίου
642 4324 692 4385 εἴθ’
723 4326 808 4398 οῦτως
839 4325 1051 4405 ουντηρουμένσυ
1081 4323 1127 4383 καὶ
1158 4325 1204 4382 τοῦ
1230 4323 1363 4402 παρόντος
1390 4319 1526 4399 ἐγγράφου

229 4453 278 4522 τῆς
306 4445 463 4520 ἀποτάξεως
493 4446 533 4520 εἰς
559 4449 589 4506 τό
617 4448 669 4526 ἀεί,
699 4447 765 4522 ἐμοῦ
793 4447 825 4507 δέ
852 4451 898 4506 τοῦ
929 4445 1126 4522 δεδηλωμένον
1154 4443 1302 4505 Θεοδοσίου
1327 4441 1526 4523 χαρτουλαρίου

229 4573 275 4629 τοῦ
302 4569 479 4650 Καστρεισίου
512 4567 600 4628 πάντα
632 4569 666 4626 τὰ
700 4569 933 4648 ἀναγεγραμμένα
966 4568 1066 4643 βέβαια
1095 4567 1275 4645 φυλάττοντος
1307 4563 1377 4640 μετὰ
1406 4562 1453 4622 καί
1480 4567 1526 4622 τοῦ

230 4693 328 4771 μὲρῡθς
345 4713 406 4770 μῡυ,
429 4691 471 4750 ἵνῑ
495 4691 566 4767 μηδὲ
589 4691 666 4766 ὑμεῖς
689 4689 712 4751 ῡί
735 4689 851 4768 μοναχοί
872 4695 920 4765 της
940 4687 1091 4764 σεβασμίας
1107 4692 1193 4763 μονῆς
1208 4689 1254 4746 τοῦ
1272 4684 1359 4760 τιμίου
1383 4683 1526 4761 Θεολόγσυ
