3162 5278
230 346 293 410 292

229 542 309 618 χάριν
343 535 390 598 καὶ
420 539 437 613 ἡ
469 541 610 617 μετριότης
640 539 719 614 ἡμῶν
751 538 800 614 τὴν
832 537 935 614 αἴτησιν
965 541 1051 598 αῦτῶν
1086 540 1124 616 μὴ
1154 539 1304 616 παριδοῦσα
1335 538 1382 596 ἅτε
1412 535 1517 615 εὔλογον

230 657 310 720 οὖσαν
345 658 392 719 καὶ
421 659 502 738 φίλην
532 659 587 737 θεῷ
615 661 711 739 γράφει
741 659 788 718 καὶΙ
818 647 992 738 ἀποφαίνεται
1022 661 1067 720 διά
1097 665 1142 719 τοῦ
1171 663 1305 740 παρόντος
1336 659 1518 738 σιγιλλιώδους

229 784 405 862 γράμματος,
428 783 526 863 γνώμῃ
549 780 675 861 συνοδικῇ
701 786 754 840 τῶν
780 781 999 860 παρευρεθέντων
1023 781 1175 860 ίερωτάτων
1198 777 1349 861 ἀρχιερέων
1376 779 1423 841 καὶ
1445 782 1517 860 ἀπερ-

229 904 323 981 τίμων,
352 909 404 963 τῶν
428 903 457 962 ἐν
484 901 554 982 άγίῳ
576 903 708 977 πνεύματι
736 902 883 978 ἀγαπητῶν
907 903 989 976 αῦτῆς
1017 901 1143 981 ἀθελφών
1170 901 1216 962 καὶ
1244 903 1459 980 συλλειτουγῶν,
1479 900 1518 961 καὶ

230 1033 283 1086 τῶν
309 1027 477 1102 τιμιωτάτων
503 1023 550 1085 καί
577 1025 753 1103 λογιωτάτων
776 1024 916 1104 κληρωτῶν
939 1030 988 1100 τῆς
1010 1026 1072 1084 καθ’
1096 1027 1170 1100 ἡμᾶς
1192 1030 1239 1084 τοῦ
1262 1027 1377 1104 Χριστοῦ
1400 1026 1518 1101 μεγάλης

231 1147 391 1228 ἐκκλησίας,
413 1153 466 1206 τῶν
488 1146 535 1208 καὶ
558 1151 673 1226 γνώμας
696 1147 889 1227 ἀρχιερατικάς
917 1147 1046 1226 ἐχόντων,
1070 1154 1122 1206 τῶν
1145 1143 1216 1206 κατά
1238 1151 1344 1222 πνεῦμα
1367 1147 1431 1206 υἱῶν
1455 1147 1518 1225 ἀγα-

229 1275 321 1346 πητῶν
350 1272 441 1350 αὐτῆς,
472 1265 541 1328 εἶναι
569 1268 619 1344 μὲν
647 1268 699 1328 ἀπό
722 1273 768 1328 τοῦ
791 1273 835 1328 νῦν
862 1267 909 1328 καί
936 1267 976 1340 είς
998 1271 1028 1328 τό
1052 1267 1117 1344 ἑξῆς
1145 1270 1194 1342 τὴν
1217 1270 1344 1348 ῥηθεῖσαν
1372 1270 1457 1343 μονὴν
1477 1275 1519 1341 τῆς

231 1391 372 1470 [ίαναγίας
388 1389 602 1471 Ἐξωχωριανῆς
624 1392 672 1464 τὴν
695 1392 723 1450 ἐν
747 1391 786 1470 τῷ
802 1393 924 1470 Κεφάλῳ
947 1398 997 1466 τῆς
1012 1393 1093 1466 νήσου
1111 1392 1203 1470 Πάρου
1226 1392 1421 1472 εῦρισκομένην
1443 1411 1517 1468 προσ-

229 1514 378 1589 ηλωμένην
408 1511 446 1590 τῷ
477 1512 617 1588 σεβασμίῳ
648 1511 720 1591 αῦτῷ
750 1513 921 1592 μοναστηρίῳ
951 1518 997 1573 τοῦ
1030 1512 1118 1591 άγίου,
1155 1511 1265 1585 ἐνδόξου
1299 1513 1451 1574 ἀποστόλου
1481 1509 1521 1570 καὶ

230 1635 425 1712 εὐαγγελιστοῦ
454 1634 581 1692 Ἰωάννου
608 1637 653 1692 τοῦ
681 1633 826 1712 Θεολόγου
852 1638 898 1693 τοῦ
927 1634 955 1693 ἐν
982 1640 1015 1714 τῇ
1043 1637 1116 1711 νήσῳ
1141 1635 1245 1712 Πάτμῳ
1274 1633 1322 1694 καὶ
1348 1633 1520 1707 ὑποκειμένην

230 1755 302 1834 αὐτῷ
328 1755 513 1836 ἀναφαιρέτως
541 1753 587 1815 καὶ
614 1755 839 1835 ἀναποσπάστως,
866 1755 928 1827 τοῦς
951 1753 981 1814 δὲ
1006 1755 1219 1830 ἑνασκουμένους
1242 1754 1279 1834 τῷ
1303 1753 1521 1834 σταυροπηγιακιξι

231 1876 303 1956 αθτῷ
329 1881 376 1937 τοῦ
404 1877 481 1955 ἁγίου
505 1878 632 1936 Ἰωάννου
658 1881 704 1937 τοῦ
729 1876 871 1955 Θεολόγαυ
902 1879 976 1954 ἔχειν
1006 1877 1054 1951 τὴν
1084 1876 1224 1952 ἐπίσκεψιν
1254 1875 1301 1936 καὶ
1327 1876 1454 1956 φροντίδα
1482 1879 1522 1934 τοῦ

231 1999 310 2059 αῦτοῦ
334 2003 567 2077 σταυροπηγιακοῦ
591 1998 737 2078 μονηδρίου
760 2005 808 2073 τῆς
832 1998 974 2075 Παναγίας
996 1996 1208 2078 Ἐξωχωριανῆς
1231 1997 1277 2058 καὶ
1299 1999 1417 2072 πέμπειν
1439 1998 1523 2056 ἐκεῖσε

231 2122 279 2181 ἕνα
301 2129 353 2180 τῶν
377 2119 564 2200 ἱερομονάχων
587 2121 732 2198 ψάλλοντα
760 2121 788 2179 ἐν
812 2119 883 2198 αυτῷ
911 2119 957 2178 καὶ
980 2118 1171 2199 ἱερουργοῦντα
1197 2119 1243 2178 καὶ
1266 2123 1312 2180 τοῦ
1334 2121 1524 2199 πατριαρχικτῦ

230 2243 363 2317 ὀνόματος
395 2243 599 2316 μνημονεύοντα
632 2241 678 2300 καὶ
712 2242 930 2322 καλλιεργοῦντα
963 2243 1025 2300 αῦτδ
1059 2241 1106 2300 καὶ
1139 2246 1191 2300 τῶν
1225 2243 1293 2320 πρός
1327 2242 1449 2302 σῦστασιν
1483 2237 1524 2297 καὶ

231 2363 373 2438 βελτίωσιν
405 2363 484 2422 αθτοῦ
512 2359 583 2422 κατά
610 2365 696 2422 πάντα
724 2363 893 2442 φροντίζοντα
924 2363 1066 2437 ἐπιμελῶς
1094 2355 1141 2421 καί
1172 2361 1286 2434 ἀόκνως.
1318 2363 1348 2432 δς
1377 2361 1401 2419 δ’
1422 2364 1455 2420 ἀν
1479 2362 1524 2434 ἑόέ

230 2505 295 2544 ποτε
323 2485 526 2558 ἐναντιούμενος
555 2491 588 2566 τῇ
618 2487 738 2565 παροθσῃ
769 2485 901 2563 ἀποφάσει
931 2486 1079 2563 ἀνατρέψαι
1106 2485 1213 2566 θελήσῃ
1240 2487 1288 2558 τὴν
1315 2485 1407 2558 καλὴν
1432 2485 1525 2554 ταύτην

231 2605 373 2684 ἀφιέρωσιν
405 2604 448 2664 ἐπί
478 2603 537 2684 ἰδίῳ
564 2607 614 2680 μὲν
642 2608 808 2686 συμφέροντι,
837 2607 921 2688 ζημίᾳ
948 2607 979 2665 δὲ
1006 2603 1052 2664 καὶ
1081 2607 1175 2687 βλάβῃ
1202 2610 1248 2664 τοῦ
1276 2605 1422 2684 μονηδρίου
1452 2605 1527 2662 οῦττῦ

229 2735 279 2804 τῆς
306 2727 448 2806 ίίαναγίας
476 2725 688 2808 Ἐξωχωριανῆς
718 2729 735 2802 ἤ
763 2749 786 2786 τι
817 2733 870 2786 τῶν
901 2727 1093 2807 ἀφιερωμένων
1129 2727 1199 2807 αῦτῴ
1234 2726 1450 2800 ἰδιοποιήσασθαι
1483 2723 1526 2782 καὶ

229 2849 435 2926 κατεπεμβῆναι
473 2850 552 2908 αὺτοῦ
588 2847 634 2908 καὶ
669 2849 823 2908 σκάνδαλόν
858 2870 881 2908 τι
915 2847 1079 2929 προξενῆσαι
1119 2849 1191 2928 αῦτῷ
1224 2853 1242 2922 ἢ
1279 2848 1378 2924 ζημίαν
1411 2849 1481 2918 τινά,
1514 2847 1526 2903 ό

229 2975 347 3040 τοιοῦτος
371 2975 417 3031 τοῦ
440 2970 512 3051 ἱεροῦ
539 2971 697 3048 καταλόγου
725 2973 762 3028 ών
785 2971 869 3049 ἀργός
899 2971 967 3029 ἔστω
989 2973 1079 3046 πάσης
1103 2971 1296 3050 ἀρχιερατικῆς
1322 2969 1370 3028 καὶ
1393 2969 1527 3050 ἱερατικῆς

231 3092 371 3174 ἐνεργείας
397 3091 444 3152 καὶ
471 3089 576 3164 τάξεως
602 3089 650 3151 καὶ
677 3093 862 3172 ἀφωρισμένος
889 3092 935 3151 καὶ
964 3089 1158 3174 ἀσυγγώρητος
1185 3094 1223 3164 ώς
1250 3093 1437 3172 καθαιρέσεως
1464 3091 1527 3148 ὑπέ-

231 3215 306 3285 δικσς
330 3217 369 3286 ώς
390 3214 424 3272 τά
446 3213 543 3285 καλῶς
565 3217 699 3290 γεγονότα
723 3215 890 3293 ἀνατρέπων,
918 3220 971 3272 τῶν
998 3215 1104 3274 λαϊκῶν
1132 3213 1163 3272 δὲ
1189 3217 1207 3289 ἢ
1234 3212 1282 3273 καὶ
1308 3219 1361 3272 τῶν
1390 3219 1528 3290 μσναχῶν,

231 3336 418 3415 ἀφωρισμένος
443 3333 491 3394 καὶ
517 3336 708 3412 κατηραμένος
735 3335 782 3394 καὶ
810 3336 1005 3416 ἀσυγχώρητος
1035 3335 1082 3394 καὶ
1113 3336 1183 3409 μετὰ
1209 3336 1323 3395 θανάτον
1355 3334 1457 3404 ἀλυτος
1487 3329 1529 3391 καὶ
1565 3351 1566 3358 “

231 3459 410 3532 πιμπανιαῖος
443 3456 490 3516 καὶ
524 3455 577 3528 ἔξω
610 3462 659 3532 τῆς
692 3465 746 3516 τῶν
780 3464 941 3536 χριστιανῶν
977 3455 1128 3534 ἐκκλησίας
1161 3456 1208 3518 καὶ
1238 3459 1409 3537 όμηγῦρεως.
1449 3458 1529 3525 οὓτως

232 3579 430 3658 ἀπεφηνάμεθα
463 3579 492 3638 ἐν
523 3576 592 3656 ἁγίῳ
621 3580 753 3654 πνεύματι
783 3580 941 3650 συνοδικῶς·
977 3580 1020 3640 ἐπὶ
1049 3581 1102 3660 γάρ
1132 3586 1164 3662 τῇ
1194 3581 1286 3640 τοῦτου
1309 3579 1459 3653 βεβαιώσει
1489 3575 1530 3637 καὶ

233 3699 353 3778 διηνεκεῖ
379 3699 515 3782 ἀσφαλείᾳ
542 3701 652 3778 ἐγένετο
679 3699 726 3760 καὶ
753 3703 783 3760 τό
809 3703 895 3780 παρόν
921 3703 1117 3780 πατριαρχικόν
1144 3700 1321 3778 σιγιλλιῶδες
1343 3703 1462 3780 γράμμα
1489 3697 1530 3758 καὶ

232 3821 349 3899 ἐπεδόθη
381 3821 419 3900 τῷ
451 3820 602 3898 δηλωθέντι
634 3822 803 3902 μοναστηρίῳ
834 3827 879 3882 τοῦ
911 3822 988 3902 ἁγίου
1016 3823 1143 3882 ’Ἰωάννου
1172 3826 1218 3883 τοῦ
1245 3821 1392 3901 Θεολόγου
1420 3821 1470 3880 καὶ
1500 3820 1530 3879 δι’
1565 3831 1566 3840 ’

232 3947 312 4006 αῦτοῦ
338 3946 394 4016 τοῖς
421 3944 449 4004 έν
479 3944 550 4024 αῦτῷ
578 3945 756 4019 ἀσκουμένοις
779 3947 909 4024 πατράσιν
937 3946 965 4004 έν
994 3946 1061 4004 έτει
1088 3943 1205 4026 ,ζρλβᾏ
1237 3942 1316 4020 μηνὶ
1346 3941 1530 4024 ἀπριλλίιρ.
1565 4009 1566 4012 φ

232 4063 440 4136 ἰνδικτιῶνος
463 4067 496 4136 ζ.
519 4067 540 4144 †

336 4187 564 4267 γΚῦριλλος,
600 4186 686 4265 ἐλέῳ
720 4187 795 4247 θεοῦ
829 4187 1093 4266 ἀρχιεπίσκοπος
1128 4187 1530 4262 Κωνσεαντινουπόλεως,

232 4309 324 4378 Νέας
347 4309 492 4388 Ῥώμης,
515 4306 570 4368 καὶ
593 4305 827 4383 οἰκουμενικός
849 4311 1067 4388 πατριάρχης.
1092 4312 1113 4388 †

233 4429 255 4508 †
278 4427 312 4487 ‘0
338 4427 549 4508 Παροναξίας
572 4427 750 4510 Ἱερεμίας.
774 4431 795 4506 †
930 4430 950 4508 θ
975 4430 1009 4488 ‘0
1035 4431 1186 4510 Προῦσης
1209 4427 1379 4506 Ἀνθιμος.
1403 4431 1425 4509 †

234 4550 312 4628 †‘0
337 4551 565 4630 ίίροικονήσου
589 4550 765 4625 Ἰγνάτιος.
790 4553 811 4630 †
929 4553 949 4631 ’γ
973 4553 1008 4610 ‘0
1033 4551 1310 4627 Αακεδαιμονίας
1332 4552 1531 4631 Ἰωάσαφ.θ
1565 4601 1566 4632 γ

233 4671 254 4748 †
277 4669 312 4726 ‘0
337 4671 530 4729 Ῥαιδεστοῦ
554 4671 777 4732 Μελκισεδέκ.
801 4673 822 4751 †
930 4672 951 4749 †
974 4673 1008 4730 Ὀ
1033 4673 1213 4748 ίίίεθθμνης
1236 4673 1412 4751 Ἰερόθεος.
1440 4676 1462 4754 †
