3160 5292
1250 313 1317 428 νυν

40 557 103 630 ἡμῶν
128 551 173 614 καί
201 551 389 630 οἰκουμενικδν
410 555 590 635 πατριάρχην,
618 556 664 614 τδν
689 555 770 634 κυρύν
794 555 940 636 Ἀρσένιον,
963 553 1010 616 καί
1031 557 1098 636 πρθς
1120 557 1166 615 σύν
1187 557 1316 636 κραταιθν

38 675 73 734 καί
97 679 170 754 ἀγιον
193 677 273 751 ἡμῶν
301 677 430 752 αὐθέντην
458 674 505 735 καί
532 675 660 754 βασιλέα,
685 673 876 750 ἐξαιτούμενος
899 679 980 736 τύπον
1004 677 1133 755 μετοχίου
1161 678 1317 758 δωρηθὴναι

39 801 109 870 αύτούς
133 801 202 878 πρύς
228 797 365 878 γεωργίαν
394 798 557 875 ἐπιτήδειον,
585 800 660 869 ὅπως
686 799 720 858 τὰ
746 799 868 879 χρειώδη
898 801 986 871 αύτοίς
1012 799 1182 881 πορίζωνται,
1209 801 1248 872 ὡς
1269 799 1316 860 καί

37 925 59 980 το
82 921 216 1002 πρότερον.
245 921 331 980 τοίνυν
361 919 408 980 καί
436 921 622 999 ἐπεβραβεύθη
654 927 687 1003 τῇ
719 927 788 1004 μονῇ
818 929 867 997 τὴς
897 923 1009 997 Ποίτμου
1036 921 1082 981 καί
1109 925 1165 994 τοῖς
1193 922 1222 982 έν
1249 923 1315 1004 αύτῆ

37 1045 128 1103 ἀπιοῦσι
151 1047 284 1121 μοναχσῖς
306 1045 324 1118 ὴ
347 1043 419 1104 κατὰ
440 1045 489 1118 τὴν
512 1043 562 1102 Κῶ
587 1043 745 1118 διακειμένη
769 1043 839 1118 μονὴ
862 1049 916 1103 τῶν
939 1043 1067 1104 Σπονδών
1095 1045 1165 1120 μετά
1193 1041 1239 1104 καί
1263 1051 1316 1106 τών

36 1167 69 1223 ύτ
90 1168 151 1248 αύιῄ
175 1169 299 1225 πάντων·
322 1167 505 1246 πατριαρχικὴ
528 1165 582 1246 γὰρ
604 1167 822 1246 προύπιὶρχσυσσι,
846 1165 1028 1241 ἠμελημένης
1056 1165 1137 1240 σύσης
1163 1169 1316 1226 παντάπασι

36 1285 71 1346 κιὶ
94 1286 155 1348 λίαν
185 1285 403 1368 ἐξηλειμμένης,
430 1289 480 1363 τὴν
507 1289 631 1365 κατοχὴν
658 1287 689 1348 δὲ
716 1289 814 1362 ταύτης
836 1289 853 1362 ὴ
879 1289 992 1362 Πάτμσς
1019 1287 1145 1364 λαβοῦσα
1172 1288 1216 1348 διά
1243 1288 1316 1348 θείου

35 1411 70 1470 καὶ
94 1411 237 1484 βασιλικοῦ
262 1415 445 1492 προσκυνητού
468 1410 579 1492 ὁρισμοῦ
602 1412 660 1485 ἅμα
683 1409 730 1470 καὶ
752 1414 957 1492 πατριαρχικού,
987 1411 1102 1472 ἔσπευσε
1125 1411 1223 1486 ταύτην
1245 1410 1315 1470 ἀνα-

33 1535 166 1609 κτήσασθαι
189 1531 236 1593 καί
259 1531 298 1603 εἰς
322 1531 465 1606 βελτίωσιν
492 1531 539 1592 καί
567 1532 685 1592 ἐπίδοσιν
708 1533 836 1612 ἀγαγεῖν
860 1531 906 1592 καί
931 1532 965 1606 δὴ
989 1533 1110 1593 ἑλαϊκῶν
1134 1531 1253 1612 δένδρων
1276 1533 1314 1607 μὴ

34 1657 165 1732 ρθιιτθεῖσα
183 1656 331 1731 κεκπὴσθαι
353 1657 371 1730 ὴ
392 1661 446 1714 τῶν
462 1654 592 1716 Σπονδῶν
615 1655 684 1730 μονὴ
707 1653 753 1716 καὶ
777 1661 872 1733 χρῆσιν
894 1655 995 1714 τούτων
1019 1655 1131 1734 ἔχουσα,
1154 1653 1315 1734 ἑπαρεκλη-

34 1779 99 1852 τεύθη
125 1773 201 1858 παρὰ
227 1781 272 1837 τού
299 1779 398 1856 μέρους
425 1773 500 1863 [τῶν]
528 1784 578 1855 τῆς
601 1779 714 1854 Πάτμσυ
741 1783 871 1858 μοναχῶν
899 1779 913 1836 δ
937 1783 1184 1856 πανευγενέστατος
1212 1777 1316 1848 ἐκεῖνος

33 1903 99 1978 κνρύς
113 1903 231 1976 Φωναῖς,
255 1900 369 1959 ἐνταῦθα
391 1900 480 1978 τυχών
502 1901 726 1982 παραγενόμενος
750 1902 798 1976 τὴν
822 1899 943 1973 ἐξέτασιν
965 1901 1011 1960 τού
1034 1899 1184 1980 σιτηρεσίου
1208 1896 1246 1970 είς
1270 1899 1315 1958 τδν

35 2021 98 2100 ιἠιον
120 2023 237 2098 Κοσμᾶν
266 2023 332 2103 πρδς
362 2023 392 2081 τδ
423 2021 564 2098 βασιλικὴν
596 2021 749 2104 στρσίτευμσι
778 2024 949 2096 ποιήσασθαι.
984 2021 1025 2082 διδ
1056 2021 1090 2097 δὴ
1121 2022 1186 2102 παρ’
1210 2019 1314 2081 ἐκείνου

35 2144 133 2222 ἐρισθείς
163 2145 256 2222 ἔγωγε
283 2144 467 2224 ἀναθεώρησιν
494 2149 547 2204 τῶν
575 2145 646 2204 κατὰ
673 2145 721 2220 τὴν
744 2143 794 2204 Κῶ
822 2151 903 2220 νῆσον
930 2144 1093 2218 ποιήσασθαι
1119 2141 1165 2203 καὶ
1194 2138 1315 2216 ἐξίσωσιν

34 2265 133 2344 θρίσθην
157 2267 306 2346 ἀφιερῶσαι
328 2263 376 2326 καὶ
399 2266 427 2325 ἐν
450 2273 483 2349 τῇ
505 2272 559 2327 τῶν
573 2265 701 2327 Σπονδιῐιν
725 2273 795 2349 μονῇ
822 2267 951 2346 πρότερον
976 2266 1096 2326 ἐλαίκών
1120 2263 1248 2344 δένδρων,
1272 2262 1315 2323 εί-

33 2407 73 2468 περ
96 2387 177 2467 τυχδν
205 2389 311 2468 εὑρήσω
339 2389 372 2448 ἑκ
397 2393 450 2448 τῶν
479 2389 695 2468 ἀνεπιγνώστων,
724 2387 801 2448 ἀλλά
829 2388 862 2463 δὴ
889 2387 937 2448 καί
964 2387 1084 2462 μισθίους
1108 2385 1154 2448 δύο
1177 2385 1247 2463 μετὰ
1268 2383 1316 2446 καί

34 2503 63 2568 ύν
82 2511 108 2568 ἐν
132 2507 171 2586 τῷ
200 2509 251 2588 βίῳ
278 2511 447 2590 έπιρέρσνται
475 2510 520 2570 σύν
542 2517 596 2570 τών
624 2509 832 2590 κληρονομικῶν
855 2511 945 2582 αὺτοῖς
972 2509 1146 2570 ύποστάσεων
1173 2508 1315 2570 ὑποτελεῖν

33 2631 69 2691 καὶ
90 2633 261 2693 ἑκδουλεύειν
283 2639 316 2716 τῇ
340 2639 420 2714 μονῇ,
444 2633 483 2705 ώς
506 2634 567 2705 ἔθος
590 2629 624 2708 ὴν
648 2633 844 2712 μονασπηρίσις.
868 2630 915 2692 καί
939 2632 1008 2692 ούτω
1025 2653 1083 2708 μου
1110 2632 1159 2707 τὴν
1188 2631 1314 2691 ἀναθεώ-

34 2776 95 2832 ρησιν
122 2755 170 2816 καί
200 2752 322 2829 ἐξίσωσιν
351 2761 405 2814 τῶν
434 2754 463 2814 έν
490 2761 522 2837 τῇ
550 2754 600 2834 Κῷ
627 2757 786 2830 ποιουμένου
817 2753 886 2830 μετὰ
915 2759 970 2813 τῶν
1001 2754 1096 2814 ἀλλων
1127 2747 1220 2834 ᾠήθην
1251 2752 1314 2813 δέον

34 2873 218 2954 ίρστιώσασθαι
249 2875 296 2937 καί
327 2877 375 2952 τὴν
401 2876 593 2956 παραγγελίαν
621 2877 725 2937 ἐκείνου
753 2877 786 2952 δὴ
818 2881 864 2936 τού
895 2875 1017 2952 ἀοιδίμου
1046 2880 1127 2956 κυρσύ
1150 2877 1249 2954 Φωκαῒ,
1280 2876 1315 2949 ὴν

34 2999 102 3076 ἓρησε
134 3001 203 3080 προς
235 2999 283 3074 τὴν
316 3005 370 3058 τών
405 2999 533 3059 Σπονδών
567 3000 694 3076 γενέσθαι
729 3000 814 3074 μονὴν
850 2999 916 3078 ὑπὲρ
949 3001 1068 3076 ψυχικῆς
1103 2995 1229 3072 δηλονότι
1267 2993 1314 3055 καὶ

33 3121 130 3192 μᾶλλον
153 3121 290 3200 σωτηρίας
313 3127 365 3180 τῶν
388 3127 524 3201 κραταιῶν
546 3120 593 3180 καί
617 3119 702 3198 ἁγίων
725 3122 804 3196 ἡμῶν
827 3121 961 3180 αύθεντῶν
988 3117 1034 3180 καὶ
1062 3118 1211 3198 βασιλέων,
1235 3119 1314 3195 λέγω

33 3241 59 3313 δὴ
83 3248 127 3302 τού
153 3247 235 3322 κυρσύ
257 3242 378 3320 Μιχαὴλ
404 3247 450 3302 τού
468 3243 665 3321 Παλαιολύγου
692 3242 738 3302 καὶ
765 3250 813 3318 τὴς
840 3241 1023 3316 πανευσεβούς
1047 3243 1206 3320 αύγούστης,
1229 3245 1314 3322 κυρᾶς

33 3359 177 3444 θεσδώρας.
213 3365 298 3424 τοίνυν
327 3363 374 3424 καί
405 3364 541 3445 ἀριέρωσα
570 3371 603 3446 τῇ
634 3365 744 3446 ῥηθείσῃ
779 3371 848 3446 μονῇ
884 3371 936 3424 τῶν
965 3363 1094 3424 Σπονδών
1125 3366 1254 3443 πρότερον
1283 3365 1314 3422 τδ

34 3484 104 3544 um
126 3485 226 3566 Πυργίν
246 3487 400 3566 λεγόμενον
422 3487 454 3546 ἐκ
473 3491 523 3564 τὴς
543 3487 712 3562 ἐπισκέψεως
731 3488 761 3544 δν
783 3490 830 3546 τοῦ
852 3485 1008 3567 Μαρουλλῆ
1033 3485 1136 3546 ἐκείνου
1158 3484 1205 3545 καί
1227 3487 1313 3559 πάντη

34 3605 164 3688 ἐλεύθερον
192 3609 263 3684 μετὰ
290 3604 348 3692 τῶν,
371 3609 491 3668 ἐλαϊκών
522 3606 570 3668 καὶ
596 3607 730 3668 παντοίων
761 3607 939 3690 θπωρσρύρων
971 3608 1088 3688 δένδρων
1118 3606 1165 3668 καί
1192 3607 1314 3668 ἀλλοίων

35 3725 111 3809 εἰδῶν,
142 3731 211 3804 μετὰ
237 3729 283 3791 καί
311 3733 402 3808 πάσης
429 3731 546 3813 ἀρχαίας
573 3726 743 3802 δικαιώσεως
769 3729 816 3790 καὶ
843 3731 990 3810 προνομίας
1018 3731 1106 3790 αύτού.
1139 3730 1185 3789 σύν
1211 3731 1314 3800 τούτοις

34 3851 70 3910 καὶ
94 3853 210 3928 μιτθίονς
238 3853 295 3935 δύο,
319 3855 365 3926 οθς
387 3852 433 3914 καί
456 3853 626 3930 δνσμοίζομεν
649 3853 751 3922 σύτως·
776 3851 895 3930 Μιχαὴλ
917 3853 932 3911 δ
955 3851 1011 3912 Γα.
1032 3900 1038 3913 .
1057 3901 1063 3914 .
1075 3897 1084 3930 ,
1109 3853 1314 3923 Κωνσταντίνος

34 3979 73 4046 τὴς
98 3975 235 4056 Λεοντώς,
267 3977 327 4054 ἔχει
357 3978 472 4053 γυναῖκα
499 3974 609 4054 Καλὴν,
639 3974 773 4053 πενθερὰν
803 3972 922 4056 Μαρίαν,
954 3971 1180 4059 γυναικαδελράςξ
1202 3974 1313 4034 Λεοντὼ

34 4094 71 4153 καί
90 4099 215 4177 Μιὶλταν,
236 4097 302 4178 ὑπὲρ
325 4103 374 4174 τὴς
396 4103 529 4177 πατρικῆς
550 4097 597 4156 καί
621 4103 754 4177 μητρικὴς
777 4095 824 4157 καί
846 4097 1002 4176 γυναικείας
1025 4096 1104 4157 αύτσύ
1126 4097 1313 4176 κληρονομίας

34 4210 61 4288 ἧς
85 4219 142 4298 ἔχει
168 4221 195 4280 ἑν
224 4221 361 4300 διαρθροις
387 4221 492 4302 τύποις,
519 4221 601 4292 τέλος
629 4219 674 4279 διά
699 4223 807 4279 πάντων
836 4221 923 4300 ἀσπρα
950 4219 1010 4298 τρία
1036 4217 1083 4278 καί
1107 4219 1242 4300 ἀγγαρίαι
1265 4219 1313 4296 τὴν

35 4335 94 4398 κατὰ
113 4344 161 4414 τὴν
183 4340 290 4403 δικαίαν
313 4343 462 4416 συνήθειαν.
488 4341 622 4420 Γεώργιος
645 4342 660 4399 δ
686 4340 863 4420 Καλλούδης,
887 4342 946 4417 ἔχει
968 4343 1084 4416 γυναῖκα
1106 4341 1201 4418 Ζωήν,
1226 4343 1311 4418 θυγα-

35 4463 90 4539 τέρα
111 4464 227 4544 Μαρίαν,
258 4463 323 4544 ὑπὲρ
351 4470 401 4540 τὴς
421 4469 554 4545 πατρικῆς
583 4462 629 4522 καὶ
660 4469 793 4542 μητρικῆς
822 4463 900 4522 αύτού
926 4461 1113 4542 κληρονομίας
1143 4460 1189 4521 καί
1216 4483 1313 4540 γυναι-

35 4585 101 4656 κείας
124 4587 199 4647 σύτού
222 4587 346 4668 μερίδος,
369 4581 402 4662 ὴς
426 4587 562 4667 μερίζεται
586 4587 655 4660 μετύι
675 4587 796 4658 Λέοντος
817 4590 862 4645 τού
887 4584 1009 4660 Γσυδέλη
1037 4581 1083 4643 καὶ
1110 4589 1159 4660 τὴς
1181 4585 1313 4665 θυγατρδς

36 4711 73 4763 τού
93 4707 238 4780 Τζουτζσυ.
257 4758 264 4770 .
282 4755 313 4769 ..
340 4709 368 4768 έν
396 4707 531 4788 διαφόροις
554 4708 662 4785 τύποις,
686 4707 768 4779 τέλος
791 4706 836 4767 διὰ
857 4711 965 4767 πάντων
989 4707 1078 4786 ἀσπρα
1100 4707 1128 4764 ἓν
1151 4707 1241 4780 ἥμισυ.
1266 4703 1313 4765 καὶ

1074 4829 1106 4876 14
