3162 5278
256 383 320 448 342

257 575 392 655 βασιλικῷ
411 577 609 656 χρυσσβούλλῳ
625 579 815 658 παρεχόμενόν
830 598 860 638 τε
883 579 965 659 ταύτῃ
989 585 1021 660 τῇ
1044 578 1182 659 σεβασμίᾳ
1204 585 1275 660 μονῄ
1298 580 1328 638 τ“ο
1352 578 1545 658 ἀνεπηρέαστον

257 697 303 760 καί
337 699 523 776 ἀνενόχλητον
556 697 603 760 καὶ
638 699 690 758 ἀπο
724 707 778 760 τῶν
812 699 882 760 κατὰ
916 699 1026 780 καιρούς
1061 699 1311 774 ἀποστελλομένων
1346 697 1474 781 ἐξάρχων
1505 701 1545 759 καὶ

256 819 320 899 παρ’
344 820 436 899 ἑτέρου
458 815 612 900 προσώπου,
641 821 790 882 άπακλεῖσν
819 821 849 881 δὲ
872 821 918 881 καί
940 823 989 897 τὴν
1013 820 1118 883 εἴσοδον
1141 827 1207 882 πᾶσι
1233 824 1290 894 τοῖς
1317 822 1472 902 ἀρχιερεῦσι
1497 825 1545 892 τοῖς

257 942 297 1019 ἀρ’
322 939 431 1014 ἑαυτούς
459 942 536 1018 ἄγειν
564 942 611 1017 τὴν
635 941 720 1017 μονὴν
745 943 932 1023 ἐπιχειροῦσιν,
964 945 994 1003 ού
1021 943 1075 1018 μὴν
1103 942 1180 1002 ἀλλὰ
1206 941 1253 1002 καὶ
1280 941 1318 1021 τῷ
1346 941 1418 1002 κατὰ
1444 945 1546 1022 καιρούς

256 1063 412 1144 πατριάρχη
443 1062 530 1138 μηδέν
558 1085 582 1122 τι
611 1066 748 1143 προσεῖναι
780 1062 823 1124 ἐπὶ
853 1070 885 1146 τῇ
917 1070 986 1144 μονῇ
1015 1064 1098 1145 ταύτῃ
1126 1061 1316 1140 οίονδηποτούν
1344 1063 1419 1123 άλλο
1451 1064 1546 1124 δίκαιον

257 1187 423 1262 συγχωροῦν,
455 1183 522 1242 ἀλλ’
546 1187 563 1258 ἢ
595 1187 679 1260 μόνην
709 1185 757 1260 τὴν
789 1184 923 1264 ἀναφορὰν
952 1189 999 1244 τού
1030 1183 1130 1245 οἰκείου
1161 1185 1293 1259 όνόματος
1325 1184 1354 1244 έν
1380 1187 1440 1256 ταῖς
1469 1183 1545 1254 θείαις

256 1303 478 1386 ίεροτελεστίαις,
501 1307 569 1384 πρός
591 1307 694 1378 τούτοις
717 1306 901 1387 δισριζόμενον
926 1305 1026 1378 ἐξεῖναι
1047 1309 1103 1378 τοῖς
1127 1310 1260 1383 μοναχοῖς
1283 1307 1433 1379 ἀκωλύτως
1454 1301 1546 1385 παρ’ᾧ

258 1430 290 1486 ἀν
321 1425 474 1500 βούλωνται
504 1423 552 1499 τάς
583 1429 685 1488 ἑαυτῶν
713 1429 845 1488 ποιεῖσθαι
872 1429 1043 1508 χειροτονίας
1071 1426 1119 1488 καὶ
1145 1427 1207 1487 καθ’
1233 1428 1327 1500 αύτούς
1355 1427 1475 1508 ἐνεργεῖν
1504 1429 1545 1501 τὴν

259 1553 304 1609 τού
335 1553 407 1628 σφῶν
435 1550 588 1626 ἡγουμένου
617 1549 800 1628 προχείρησιν.
832 1550 893 1624 μεθ’
917 1549 946 1608 ’όν
974 1550 1124 1628 ἁγιώτατον
1147 1551 1317 1630 πατριάρχην
1340 1554 1390 1628 κύρ
1415 1551 1544 1628 Ἰωάννην,

257 1668 304 1730 καί
331 1672 418 1750 έτεροι
447 1671 518 1730 κατὰ
545 1670 654 1751 καιρούς
681 1669 855 1751 πατριάρχαι,
882 1675 931 1750 κύρ
956 1671 1065 1741 Λουκᾶς
1089 1670 1198 1748 δηλαδὴ
1225 1669 1273 1731 καὶ
1295 1675 1345 1751 κύρ
1368 1670 1481 1745 Συμεὼν
1506 1669 1546 1728 καὶ

257 1796 307 1871 κύρ
330 1792 449 1870 Ὶωάσαρ
475 1789 522 1850 καί
547 1795 597 1870 κύρ
621 1791 760 1872 Κύριλλος
786 1791 833 1852 καὶ
861 1792 944 1853 ἀλλσι
966 1799 1019 1852 τῶν
1042 1793 1279 1872 μεταγενεστέρων
1301 1793 1374 1852 κατὰ
1396 1791 1476 1852 ταύτὰ
1497 1793 1545 1862 τοῖς

258 1909 336 1983 ἰδίοις
364 1911 449 1972 αύτῶν
477 1911 681 1991 σιγιλλιιύδεσιν
707 1912 880 1989 ὑπομνήμασι
906 1913 940 1973 τά
966 1915 1099 1994 προνόμια
1125 1917 1172 1974 τού
1195 1914 1269 1993 ἱεροῦ
1295 1914 1388 1974 τούτου
1416 1933 1544 1988 μοναστη-

258 2033 315 2112 ρίου
348 2032 426 2094 παντὶ
459 2036 547 2094 σθένει
581 2033 787 2116 διεκρατύναντο
820 2035 1093 2116 προσεπικυρούμενοι
1127 2035 1160 2095 τά
1193 2040 1247 2094 τῶν
1276 2037 1494 2115 προγενεστέρων
1525 2033 1545 2094 οἱ

259 2157 485 2234 μεταγενέστεροι
513 2159 593 2234 χάριν
625 2155 789 2234 εύλαβείας,
820 2157 953 2231 σέμνωμα
980 2160 1063 2216 ταύτα
1090 2161 1239 2235 ράσκοντες
1267 2151 1334 2216 εἶναι
1360 2162 1395 2236 τῇ
1422 2155 1546 2236 περιδάξῳ

258 2277 341 2358 ταύτῃ
364 2284 434 2359 μονῇ
457 2278 663 2357 προσαρμοοίίὲν
686 2280 735 2340 ύπδ
758 2279 904 2354 βασιλικῆς
927 2279 1067 2354 εὐσεβείας
1090 2279 1134 2338 διὰ
1153 2281 1184 2339 τό
1207 2283 1253 2340 τὀν
1276 2279 1429 2356 έπιοτήύιον
1452 2280 1546 2340 ἐκεῖνον

260 2399 383 2475 μαθητὴν
406 2397 452 2459 καί
476 2397 628 2461 ἀπόστολον
652 2401 782 2476 Ἰωάννην
808 2401 854 2460 τὀν
878 2398 1022 2479 Θεσλόγον
1046 2402 1075 2460 έν
1098 2402 1164 2480 αύπῇ
1187 2407 1220 2483 τῇ
1243 2403 1317 2482 νήσῳ
1339 2402 1370 2461 τό
1394 2399 1464 2482 ίερδν
1486 2421 1545 2477 σιγ-

259 2521 415 2598 γράψααάαι
446 2519 609 2598 εύοιγγέλιον
641 2519 688 2580 καὶ
717 2521 784 2601 πρός
813 2523 844 2581 τό
879 2521 1020 2597 βασιλικόν
1053 2521 1262 2603 χρυσόβουλλον
1293 2523 1458 2594 ἀτενίζοντες
1493 2523 1546 2582 κατ’

260 2642 359 2722 ἐκεῖνο,
391 2641 498 2721 συνῳδὰ
530 2641 736 2703 διακελεύονται
765 2644 813 2718 τὴν
840 2643 990 2718 σεβασμίαν
1018 2645 1115 2720 ταύτην
1146 2645 1231 2720 μονὴν
1262 2644 1457 2705 αύτσδέσποτσν
1486 2639 1548 2703 τίνοι

260 2761 307 2822 καί
329 2763 391 2822 καθ’
417 2764 524 2844 έαυτην,
552 2766 650 2823 τόντε
672 2769 861 2838 πνευματικῶς
884 2767 1080 2844 προϊστάμενον
1107 2765 1160 2824 τῶν
1189 2766 1219 2824 ἐν
1242 2765 1309 2848 αὐτῇ
1333 2766 1547 2840 συνασκουμένων

261 2889 391 2961 μοναχῶν
419 2881 517 2958 μηδενὶ
544 2886 654 2944 πώποτε
680 2889 817 2965 προσώπῳ
845 2885 1022 2960 ἀποκείμενον
1049 2880 1133 2964 εἶναι,
1161 2884 1215 2946 οὔτ’
1240 2885 1469 2965 έκκλησιαστικῷ,
1495 2884 1546 2945 ούτε

261 3003 393 3084 κοομικῳ,
422 3007 507 3079 μόνην
531 3004 561 3066 δὲ
583 3007 632 3081 τἠν
659 3007 857 3087 πατριαρχικην
885 3007 1087 3084 μεγαλειότητα
1111 3007 1235 3086 κεφαλὴν
1264 3003 1452 3086 ἐπιγινώσκειν
1474 3027 1545 3066 πνευ-

261 3131 391 3208 ματικήν,
425 3130 492 3209 πρός
524 3127 554 3188 δὲ
583 3135 616 3210 τῇ
646 3135 696 3206 τῆς
726 3137 812 3206 μονῆς
845 3134 979 3212 κυριότητι
1014 3128 1150 3210 διεξάγειν
1185 3131 1263 3190 αὐτόν
1292 3138 1480 3206 πνευματικῶς
1507 3125 1546 3189 καὶ

260 3252 363 3320 πάντας
390 3249 452 3322 τούς
480 3250 508 3309 έν
533 3252 598 3330 αὐτῇ
625 3257 659 3332 τῇ
682 3254 756 3331 νήσῳ
779 3250 918 3324 οἰκοῦντας
940 3252 1110 3333 χριστιανούς
1132 3251 1179 3312 καὶ
1201 3251 1308 3330 μηδένα
1330 3259 1384 3312 τῶν
1408 3253 1545 3333 ἀρχιερέων

261 3371 432 3451 παρείσδυσίν
455 3391 512 3430 τινα
539 3374 687 3446 κεκτῆσθαι
713 3373 743 3432 τό
771 3377 907 3453 παράπαν,
936 3373 996 3434 σύτε
1020 3375 1049 3434 έν
1070 3381 1103 3455 τῇ
1127 3381 1208 3456 μονῇ,
1231 3373 1285 3433 σύτΙ
1310 3375 1338 3433 έν
1360 3395 1412 3434 τινι
1434 3373 1486 3434 τῶν
1505 3375 1544 3430 ύτο

262 3495 310 3566 τὴν
341 3493 427 3568 μονὴν
457 3493 607 3554 τελούντων
634 3496 791 3572 κτημάτων,
823 3494 886 3554 σύδέ
908 3515 932 3555 τι
963 3492 1152 3576 άρχιερατικόν
1181 3495 1223 3554 ἐπ’
1248 3496 1338 3568 αύτοῖς
1365 3494 1545 3576 διενεργείσύοι

262 3615 459 3696 λειτούργημα,
488 3615 555 3674 ἀλλ’
579 3615 605 3674 εί
618 3636 683 3676 ποτε
707 3612 857 3695 ἀρχιερέως
885 3616 995 3693 δεηθείη
1024 3617 1132 3676 όκατά
1154 3617 1264 3696 καιρούς
1286 3616 1492 3694 καθηγούμενος
1512 3613 1545 3672 ἀί

262 3737 430 3816 χειροτονίαν
452 3741 470 3813 ἢ
495 3738 585 3813 ἀλλην
609 3736 784 3820 ίεροπραξίαν
807 3741 875 3819 τινά,
904 3737 1119 3813 μετακολεϊούαι
1144 3740 1234 3798 όντινα
1259 3744 1312 3797 τῶν
1336 3739 1486 3817 ἀρχιερέων
1506 3739 1543 3794 βε·

261 3859 346 3940 λήση.
376 3858 450 3938 παρὰ
476 3865 560 3919 ταῦτα
587 3865 639 3918 τῶν
667 3857 824 3938 φιλοδοξίας
847 3880 905 3931 πως
934 3859 1150 3935 ἐπιμαινομένων
1176 3857 1223 3918 καὶ
1250 3859 1299 3930 τὰς
1322 3859 1451 3938 ἀκαίρους
1473 3861 1544 3934 ἡγου-

264 3979 359 4054 μενίας
387 3981 548 4060 ἀφαρπάζειν
577 3981 784 4060 ἐπιχειρούντων
814 3981 863 4054 τὴν
893 3982 979 4060 όρμὴν
1010 3980 1226 4050 ἀναστέλλοντες
1256 3979 1464 4050 διακελεύοντος
1491 3973 1543 4053 μηδ’

204 4173 205 4178 ¹
263 4101 338 4173 όλως
371 4097 470 4172 ἐξεῖναι
505 4102 568 4160 καθ’
598 4103 690 4180 έτερόν
716 4121 776 4162 τινα
801 4104 900 4180 τρόπον
930 4103 979 4176 τὴν
1010 4101 1132 4178 ἐκλογὴν
1161 4101 1317 4181 προβαίνειν
1344 4105 1391 4160 τοῦ
1420 4103 1542 4176 καάηγου-

263 4224 346 4296 μένου
372 4227 422 4296 τῆς
449 4227 535 4298 μονῆς
561 4223 674 4300 ταύτης,
702 4221 769 4282 ἀλλ’
793 4225 811 4296 ἢ
838 4223 931 4299 μόνον,
959 4222 1051 4292 καθὼς
1079 4221 1211 4282 ἀνέκαθεν
1243 4223 1430 4300 ἐπεκράτησεν
1458 4223 1488 4280 έκ
1510 4224 1543 4276 τού

264 4345 327 4422 όρου
357 4347 402 4402 τού
431 4345 562 4422 κτητορσς
592 4345 688 4420 αύτης,
725 4343 828 4402 ἐκείνου
858 4347 904 4402 τού
934 4344 1069 4418 εύλαβοῡς
1099 4347 1234 4423 μοναχού,
1268 4347 1318 4420 κύρ
1348 4341 1542 4422 Χριστσδούλει,

264 4463 348 4541 Ιἀγουν
376 4466 470 4538 αύτούς
497 4468 596 4540 μόνους
622 4467 685 4534 τούς
710 4465 941 4538 ουνασκουμένσυς
969 4465 1107 4542 μοναχούς
1136 4463 1164 4522 έν
1192 4465 1313 4545 αύτῄτῄ
1341 4471 1412 4542 μονῇ
1441 4461 1544 4538 ἐκλογὴν

263 4588 349 4646 ποιεῖν
372 4587 465 4660 κοινὴν
487 4585 534 4646 καί
557 4588 587 4646 όν
603 4589 635 4645 οἲν
658 4587 768 4664 εύρωσιν
793 4581 943 4664 ἀρέσκοντα
964 4591 997 4666 τῇ
1020 4585 1155 4658 καινότητι
1177 4585 1274 4662 αὐτῶν,
1299 4583 1403 4643 ἐκεῖνον
1426 4585 1543 4644 καθιστῶ-

265 4727 304 4768 σιν
320 4707 483 4784 ηγούμενον.
507 4705 553 4766 καί
575 4705 617 4766 ἐπὶ
636 4710 700 4766 ποῖοι
719 4707 816 4779 καλῶς
838 4705 885 4766 καὶ
904 4713 1041 4785 νουνεχῶς
1062 4705 1227 4786 διορίζουσιν,
1252 4708 1326 4778 όπως
1346 4705 1374 4766 εί
1386 4707 1414 4786 γ’
1428 4703 1543 4785 ίρθκσέτι
