3160 5292
237 331 297 397 186

232 528 304 600 τινος
329 531 374 588 τοῦ
398 528 551 608 ἐπικρατεῖν
573 529 618 588 τόν
641 533 758 590 τοιοῦτον
778 529 868 590 τόπον.
894 529 981 590 ἔκειτο
1005 527 1036 588 δὲ
1058 526 1105 590 καὶ
1127 529 1145 604 ἡ
1168 527 1277 602 βοθλλα
1301 529 1390 610 αὀτοῡ,
1413 528 1457 588 ἵνα
1477 530 1525 603 ζη-

232 652 301 733 τὴοη
327 648 374 710 καί
396 652 441 710 τόν
463 654 581 712 τοιοῦτον
603 653 685 712 τόπον
708 647 761 712 ἀπό
783 652 828 710 τόν
852 649 970 726 βασιλέα
992 654 1037 711 τοῦ
1058 657 1168 726 ποιῆσαι
1191 651 1270 710 αὐτόν
1294 648 1378 710 ίθικόν
1398 670 1454 710 του.
1482 649 1526 710 καί

233 771 283 831 οίικ
306 771 421 851 ἐφθάσθη
444 777 555 850 ποιῆσαι
582 776 668 854 τοῦτο,
696 773 762 833 ἀλλ’
787 770 925 848 ἐξέβαλαν
954 774 1032 832 αὐτόν
1060 773 1112 832 ἀπό
1138 773 1188 847 τὴν
1216 771 1349 852 ἐξουσίαν,
1376 769 1424 832 καί
1447 766 1525 850 ηὗρον

234 894 373 973 ἄνθρωπον
396 893 507 970 ὀνόματι
531 889 541 980 [
565 941 704 957 .....
728 893 737 976 ]
760 893 891 954 Βιλλίθυν
913 895 1076 974 λεγόμενον,
1101 893 1148 955 καὶ
1172 894 1347 974 έπαρέθιοκεν
1369 895 1415 954 τόν
1437 896 1525 973 τόπον,

233 1017 306 1086 ὅπως
328 1019 422 1097 κρατεῖ
449 1018 528 1076 αθτθν
556 1016 659 1076 δικαίου
687 1019 766 1076 αθτσίι
794 1015 840 1076 καί
867 1017 975 1098 ἐκράτει
1003 1019 1091 1078 αίιτόν.
1116 1019 1154 1089 ὡς
1176 1016 1208 1078 δὲ
1231 1017 1351 1078 ἀπέθανε
1372 1018 1388 1076 ό
1411 1016 1525 1098 Δανιὴλ,

232 1135 318 1214 ἦλθεν
341 1141 463 1216 μοναχός
485 1139 639 1218 λεγόμενος
661 1139 676 1198 ό
700 1139 855 1221 Παντελὴς,
878 1137 925 1199 καὶ
949 1139 1029 1216 ἔζηεν
1056 1138 1092 1214 μὲ
1113 1139 1161 1216 τὴν
1188 1139 1345 1214 παπαόικὴν
1374 1140 1455 1200 αίιτοῠ
1482 1137 1526 1199 καί

232 1260 281 1334 τὴν
313 1261 496 1336 πνευματικὴν
531 1255 686 1341 ἐξαγορίαν.
722 1261 793 1336 μετὰ
821 1261 866 1320 τόν
895 1262 1010 1321 θιίνατον
1041 1262 1120 1322 αθτοῡ
1145 1259 1232 1338 ἦλθεν
1262 1261 1315 1322 όπθ
1342 1267 1392 1338 τῆς
1420 1262 1527 1341 Κύπρον

232 1385 355 1460 μοναχός
377 1383 448 1458 μετὰ
476 1377 524 1442 καί
550 1384 659 1464 ἑτέρους
687 1383 826 1462 μοναχοίις
849 1383 906 1462 δίο,
937 1381 983 1442 καὶ
1005 1376 1086 1464 ηὗρον
1108 1385 1154 1443 τόν
1176 1384 1257 1444 τόπον
1281 1385 1320 1458 μὴ
1343 1384 1526 1462 κρατούμενον

230 1506 304 1584 παροί
326 1525 407 1585 τινος,
432 1505 569 1580 ἐκάθησαν
593 1506 660 1567 ἐκεῖ.
684 1505 731 1566 καί
754 1504 819 1566 ἰδὼν
841 1507 886 1564 τόν
908 1507 989 1566 τόπον
1012 1506 1100 1566 καλόν
1122 1504 1279 1585 ἀνέθραμαν
1302 1503 1342 1577 είς
1364 1507 1410 1565 τόν
1434 1504 1525 1566 οἰκου-

232 1627 342 1700 μενικόν
364 1629 544 1707 πατριάρχην,
568 1627 614 1687 καί
638 1627 744 1703 ἔλαβον
766 1624 882 1708 γράμμα
904 1626 951 1688 καί
975 1628 1138 1710 έκρατοίιοαν
1162 1628 1235 1689 αίιτό.
1258 1625 1306 1688 καί
1326 1628 1415 1688 πλέον
1436 1629 1527 1688 τίποτε

232 1745 271 1819 είς
286 1748 331 1808 τόν
346 1749 427 1810 τόπον
443 1749 492 1810 οίικ
508 1749 665 1824 ἐσυνέστησε
681 1747 704 1810 εί
721 1751 759 1826 μὴ
776 1743 877 1825 βοίδιον
893 1751 932 1810 ἓν.
956 1747 1002 1810 καί
1019 1749 1149 1824 ἐζὴουοαν
1164 1747 1212 1810 καί
1228 1749 1263 1824 μέ
1284 1751 1314 1810 το
1337 1751 1452 1828 ψυχικόν
1475 1755 1527 1808 τῶν

230 1875 401 1952 χριοτισνῶν,
424 1869 470 1931 καὶ
492 1839 660 1945 θιλὴσαντες
687 1870 712 1930 οί
738 1875 851 1932 τοιοῦτοι
879 1868 997 1950 μοναχοί
1020 1871 1151 1952 Κόπρειοι
1179 1871 1289 1949 ἀπῆγον
1320 1871 1391 1947 μετὰ
1422 1871 1527 1946 βουλῆς

230 1997 279 2068 τὴς
307 1991 377 2068 όλης
403 1995 497 2071 χώρας
526 1991 573 2054 καί
601 1990 782 2072 ἐπαριίδωκαν
808 1993 871 2054 αίιτό
898 1994 947 2068 τὴν
970 1995 1055 2070 μονὴν
1077 1997 1126 2069 τῆς
1150 1993 1263 2068 Ποίτμου
1287 1993 1458 2054 διανόστασιν
1483 1992 1528 2053 καί

231 2112 375 2188 βελτίοσιν
397 2119 443 2175 τοῦ
465 2115 613 2190 ἀναστὴοαι
637 2116 709 2176 αθτό.
737 2113 784 2174 καί
808 2115 936 2186 ἐλθόντες
958 2113 983 2176 οἱ
1007 2115 1165 2190 Πατμιῶται
1188 2113 1228 2184 είς
1250 2116 1295 2176 τόν
1317 2116 1410 2195 τόπον,
1433 2114 1527 2174 τίποτε

230 2238 280 2296 οθκ
299 2230 384 2316 ηίιραν
412 2234 436 2296 εί
463 2238 501 2312 μὴ
531 2237 579 2312 τὴν
607 2237 756 2312 ἐκκλησίαν
783 2234 830 2296 καὶ
857 2239 952 2312 μόνην.
977 2237 1007 2296 τό
1030 2237 1091 2298 όσον
1114 2242 1230 2316 πρᾶγμα
1252 2237 1312 2316 ἔχει
1335 2238 1383 2312 τὴν
1407 2239 1527 2318 σὴμερον

229 2359 335 2438 ἡμέραν
358 2357 425 2434 αότὴ
448 2357 473 2420 οἱ
496 2359 654 2434 Πατμιῶται
676 2359 707 2418 τό
729 2359 876 2437 ἡρέραοην.
903 2355 950 2418 καὶ
973 2359 1026 2418 ἀπό
1048 2363 1093 2418 τοῦ
1115 2359 1200 2420 κόπου
1224 2361 1303 2420 αθτθν
1326 2357 1374 2420 καί
1397 2359 1451 2420 ἀπό
1473 2365 1527 2418 τῶν

229 2486 391 2560 χριστιανῶν
419 2481 468 2555 τὴν
494 2481 639 2540 κατάθεσιν
667 2474 819 2555 ἐβελτιώθη
847 2481 862 2540 ό
888 2481 979 2552 τόπος.
1007 2479 1055 2555 τὴν
1082 2479 1113 2540 όέ
1136 2481 1221 2555 μονὴν
1244 2484 1290 2540 τοῦ
1314 2477 1417 2541 Ἀλσου
1441 2480 1526 2558 ἐαθέ-

230 2621 326 2680 σαμεν,
361 2601 400 2662 ότι
428 2599 471 2661 ἐπὶ
497 2602 546 2676 τὴν
572 2602 678 2679 ἡμέραν
709 2606 759 2678 τῆς
786 2605 869 2682 κυρᾶς
896 2598 1014 2680 Εἰρήνης
1042 2607 1092 2678 τῆς
1119 2601 1261 2678 δεσποίνης
1284 2599 1349 2680 ἡτον
1371 2603 1528 2679 ἡγούμενος

230 2723 354 2802 μοναχός
383 2724 538 2803 λεγόμενος
568 2723 717 2802 Γεροίσιμος
752 2723 903 2802 ἐγνώριμος
936 2721 983 2782 καί
1016 2721 1057 2794 εἰς
1089 2723 1135 2782 τὀν
1169 2722 1290 2796 βασιλέα
1322 2722 1370 2784 καί
1405 2721 1445 2795 είς
1478 2723 1528 2798 τὴν

231 2845 374 2906 δέσποιναν
396 2843 443 2904 καὶ
458 2843 498 2917 είς
518 2845 564 2904 τίον
588 2842 773 2920 οἰκουμενικόν
795 2847 965 2925 πατριοίρχην
990 2891 1071 2906 ....
1096 2843 1183 2921 μηδὲν
1208 2840 1268 2924 ιίχε
1291 2845 1396 2906 δίκαιον
1420 2845 1460 2918 είς
1483 2848 1528 2905 τόν

229 2969 328 3028 τόπον·
351 2965 399 3026 καί
427 2967 480 3046 γὰρ
512 2967 641 3043 ἐζήτησεν
670 2967 700 3026 τό
726 2967 808 3042 ἡμισυ
840 2971 889 3042 τῆς
915 2968 1012 3046 χώρας
1041 2965 1090 3028 καὶ
1118 2967 1152 3026 νίι
1181 2971 1227 3028 τοῦ
1254 2969 1284 3027 τό
1315 2967 1453 3030 ἐόόκατιν.
1482 2965 1529 3028 καὶ

231 3089 412 3159 αποθανόντος
450 3089 529 3148 αίιτοίι
564 3087 674 3166 ἐγένετο
708 3089 799 3167 έτερος
834 3087 987 3165 ἡγούμενος
1021 3089 1036 3147 ό
1070 3089 1260 3168 Μοοχογέρων
1295 3089 1460 3168 λεγόμενος,
1498 3091 1528 3148 τό

229 3211 360 3286 κοσμικόν
402 3209 481 3270 αὺτοῦ
520 3254 749 3272 .......
791 3206 838 3268 καὶ
880 3209 938 3283 μετ’
963 3211 1042 3270 αυτόν
1084 3210 1195 3289 ἐγένετο
1237 3212 1330 3291 ἕτερος
1372 3211 1528 3290 ἡγούμενος

229 3333 370 3414 Γερμανὸς
409 3331 564 3410 λεγόμενος
596 3331 611 3390 ό
644 3331 803 3409 Ταρκέτης,
842 3327 888 3390 καὶ
926 3331 995 3406 μετὰ
1031 3333 1123 3392 τοῦτον
1162 3331 1272 3412 ἐγένετο
1307 3333 1401 3413 έτερος
1438 3333 1526 3410 ἡγοί-

231 3475 313 3530 μενος
335 3456 350 3513 ό
373 3455 533 3528 Φασαντὴς.
562 3450 609 3512 καί
635 3452 706 3528 μετὰ
728 3454 845 3512 θοίνατον
874 3452 952 3512 αλτοίι
976 3452 1087 3532 ἐγένετο
1110 3455 1203 3534 ἕτερος
1224 3454 1377 3531 ἡγοίμενος
1400 3455 1416 3513 ό
1439 3456 1527 3514 Ἀτα-

230 3577 304 3656 λίας,
327 3573 374 3636 καί
401 3575 471 3650 μετὰ
498 3572 612 3635 θοίνατον
640 3575 720 3634 αὑτοῦ
747 3574 858 3652 ἐγένετο
886 3575 979 3653 ἕτερος
1003 3575 1157 3651 ἡγούμενος
1184 3576 1198 3636 ό
1224 3581 1300 3656 κόρις
1322 3576 1450 3656 Παῦλος,
1482 3575 1529 3636 καί

230 3699 301 3774 μετὰ
326 3702 418 3758 τοῦτον
446 3699 557 3776 ἐγένετο
582 3697 737 3774 ἡγούμενος
763 3698 778 3755 ό
801 3695 975 3770 Καλυβίτης,
1009 3695 1054 3755 καὶ
1082 3699 1151 3770 μετὰ
1177 3703 1270 3758 τοῦτον
1298 3699 1409 3774 ἐγένετο
1434 3701 1527 3777 ἔτερος

229 3820 382 3898 ἡγούμενος
403 3819 424 3884 Γ
426 3821 554 3898 εροίσιμος
576 3817 740 3896 λεγόμενος,
768 3818 782 3875 ό
805 3821 849 3876 νῦν
874 3817 1017 3888 ἐπίσκοπος
1041 3819 1158 3898 Λέρνης,
1181 3818 1228 3878 καί
1251 3819 1322 3894 μετὰ
1344 3823 1436 3879 τοῦτον
1459 3819 1526 3897 ἐγέ-

229 3961 290 4000 νετο
321 3942 414 4019 ἕτερος
442 3941 597 4018 ἡγούμενος
626 3940 641 3999 ό
672 3940 794 4015 μοναχός
820 3936 971 4018 Νεόρυτος,
1001 3937 1049 3998 καί
1078 3941 1148 4013 μετὰ
1173 3945 1266 4000 τοῦτον
1295 3940 1405 4019 ἐγένετο
1434 3944 1528 4020 ἕτερος

229 4063 382 4141 ἡγούμενος
412 4062 563 4143 όἸωσὴρ,
598 4061 645 4121 καί
679 4061 749 4135 μετὰ
781 4063 873 4120 τοῦτον
908 4059 1017 4138 ἐγένετο
1053 4063 1145 4140 ἕτερος
1174 4063 1329 4140 ἡγούμενος
1359 4064 1373 4121 ό
1404 4066 1528 4140 μοναρξας

230 4185 340 4264 Νὴρων.
369 4183 401 4244 τὰ
428 4188 473 4244 νῦν
500 4183 532 4244 δὲ
554 4181 641 4260 ἦλθεν
668 4179 715 4242 καὶ
738 4184 753 4242 ὁ
776 4182 899 4259 μοναχός
927 4181 1073 4250 Μεθόθιος.
1106 4180 1153 4241 καί
1179 4189 1234 4242 τῶν
1256 4187 1343 4244 τόσων
1365 4185 1528 4262 ἡγουμένων

230 4307 278 4381 τὴν
299 4301 484 4388 πολυχρονίαν
511 4307 560 4365 οίικ
580 4303 741 4386 ἡξεὺρομεν,
764 4304 799 4362 νόι
820 4309 952 4383 κρατῆται
974 4299 1027 4362 ἀπό
1048 4310 1098 4378 τῆς
1120 4311 1207 4380 μονῆς
1229 4309 1276 4366 τοῦ
1291 4302 1402 4386 Ἄλσον,
1426 4302 1528 4392 [ἀλλὰ]

230 4428 397 4507 γνωρίζομεν
425 4429 474 4504 τὴν
503 4428 627 4502 τοιαύτην
661 4427 746 4500 μονὴν
779 4431 832 4484 τῶν
863 4425 977 4484 Σποθῶν
1009 4424 1158 4501 ἐκκλησίαν
1191 4420 1239 4486 καί
1270 4428 1366 4504 μόνην.
1400 4427 1448 4487 καὶ
1480 4429 1529 4487 οίικ

232 4549 370 4630 ἐκρατεῖτο
395 4552 471 4630 παροί
493 4569 574 4627 τινος,
598 4545 621 4608 εί
645 4547 684 4622 μὴ
707 4544 782 4627 ἦτον,
810 4548 848 4618 ὡς
872 4547 974 4606 ἄνωθεν
998 4547 1189 4623 ἐδηλώσαμεν.
1214 4547 1237 4608 εἰ
1259 4550 1369 4626 τοιαύτη
1395 4547 1529 4630 μαρτορία

232 4672 356 4751 ἐγεγόνει
385 4673 450 4751 παρ’
477 4671 556 4746 ἡμῶν
586 4675 639 4728 τῶν
669 4668 784 4730 ἐποίκων
815 4677 865 4746 τῆς
895 4669 964 4744 όλης
993 4673 1089 4750 χώρας
1121 4676 1289 4732 κατενώπιον
1319 4679 1368 4748 τῆς
1401 4674 1529 4754 κεραλὴς
