3184 5288
258 315 300 380 90

258 511 386 572 κελλον
413 518 469 571 τοῦ
491 515 641 589 μοναχσῦ
662 516 759 592 κυροῦ
779 512 1027 592 Χριστοδοὺλου
1053 511 1108 572 καὶ
1138 514 1215 592 παρ’
1232 515 1329 574 αὑτοῦ
1350 515 1544 595 προτραπεὶς

257 633 381 712 μάρτυς
404 633 579 712 ὑπέγραψα
600 631 655 692 καὶ
679 631 871 712 ἐσφράγισα.
896 633 917 710 †

364 756 385 834 †
408 753 583 842 Θεοφάνης
613 754 852 835 πρεσβὺτερος,
879 755 894 812 ὁ
922 753 1119 834 Θεοδοσίου,
1143 755 1253 835 παρὼν
1277 753 1328 814 ἐπὶ
1350 755 1394 833 τῷ
1415 759 1543 836 παρόντι

219 945 222 952 ,
257 874 460 954 κωδικέλλῳ
487 879 542 936 τοῦ
570 879 718 952 μοναχοῦ
748 880 846 955 κυροῦ
874 875 1124 956 Χριστοδοὺλου
1158 875 1214 936 καί
1242 878 1319 958 παρ’
1351 877 1449 938 αὑτοῦ
1473 899 1543 958 προ-

256 995 393 1076 τραπεὶς
417 995 464 1068 εὶς
486 998 520 1058 τδ
544 1003 750 1077 μαρτυρῆσαι
773 997 949 1078 ὑπέγραψα
971 995 1027 1057 καὶ
1050 997 1242 1077 ἑσρράγισα.
1266 1000 1287 1080 †

361 1119 382 1197 †
405 1117 799 1198 Μιχαὴλπρεσβὺτερος,
823 1119 1094 1200 όΦαρουλάκης,
1117 1121 1255 1199 πάρειμι
1276 1119 1328 1180 ἐπὶ
1351 1119 1394 1198 τῷ
1409 1124 1542 1200 παρόντι

256 1237 457 1318 κωδικέλλῳ
490 1241 544 1299 τοῦ
574 1243 722 1317 μσναχοῦ
751 1244 849 1317 κυροϋ
876 1239 1124 1319 Χριστοδοὺλου
1157 1240 1213 1300 καὶ
1239 1239 1317 1322 παρ’
1344 1244 1443 1302 αὑτοῦ
1471 1263 1540 1322 προ-

256 1359 394 1441 τραπεὶς
417 1358 464 1432 εὶς
486 1362 520 1419 τὶν
543 1366 749 1442 μαρτυρῆσαι
772 1361 950 1440 ὑπέγραψα
971 1360 1027 1420 καὶ
1051 1361 1243 1442 ἐσρράγισα.
1268 1365 1289 1442 †

360 1478 583 1562 ψΓεώργιος,
607 1483 623 1540 ό
645 1483 788 1557 εὑτελὴς
816 1482 1042 1562 πρεσβύτερος
1072 1481 1134 1543 καὶ
1163 1485 1317 1563 νοτάριος
1347 1483 1504 1564 Εὑρίπου,
1531 1484 1541 1540 ό

255 1604 414 1684 γραρεῦς,
447 1601 503 1662 καὶ
537 1604 633 1674 αὑτός
661 1602 867 1684 προτραπεὶς
897 1599 984 1685 παραὶ
1013 1609 1067 1665 τοῦ
1101 1609 1250 1683 μοναχοῦ
1279 1609 1380 1685 κυροῦ
1413 1605 1541 1683 Χριστο-

257 1725 379 1786 δοὺλου
401 1725 575 1806 ὑπέγραψα
601 1724 657 1784 καί
685 1725 885 1807 ἑσρράγισα,
913 1728 956 1796 ὡς
978 1726 1122 1805 γραρεὺς
1144 1724 1198 1795 καὶ
1221 1731 1276 1786 τοῦ
1298 1727 1379 1786 ὅλου
1401 1727 1541 1805 ὑρους.ψ

359 1853 540 1924 Archetypum
569 1853 654 1908 οίιανι.
686 1853 764 1910 Flor.
789 1854 831 1908 ΙΙ.
862 1871 912 1908 ιντο
943 1855 962 1907 2
985 1859 1010 1908 et
1033 1856 1061 1908 3.
1094 1861 1186 1910 απίαιιί
1208 1854 1265 1908 Nro
1289 1857 1309 1908 4
1332 1861 1356 1908 εί
1378 1857 1398 1908 5
1420 1855 1541 1924 ωειπρία-

255 1976 301 2028 πόα
323 1975 439 2046 antiqua
461 1975 612 2030 ίεσίαιποπίι·
633 1981 657 2028 ει
679 1975 805 2046 οοάίοάίί,
828 1976 857 2028 in
873 1973 929 2044 fine
951 1975 1057 2030 πινάιία.

457 2259 549 2324 XXI.
575 2259 801 2343 6602-1094,
825 2258 877 2324 die
899 2261 921 2324 5
944 2262 1062 2325 mensis
1084 2263 1198 2342 munii,
1222 2261 1287 2325 ind.
1312 2262 1354 2326 Π.

261 2408 422 2462 Ὶίισοιίυεὶιω
459 2409 604 2462 θααίνάτίυσ
643 2410 783 2463 νωιαιισίαί
817 2411 946 2479 άόμιιίίαίί
979 2411 1141 2480 praepositi·
1164 2410 1283 2464 coenobii
1315 2409 1414 2463 Sancti
1443 2410 1542 2462 Ioamu's

698 2511 824 2584 Τίνεοίορὶ
844 2513 872 2566 iu
895 2513 987 2568 αἰνσυία
1009 2515 1115 2568 Ραίπιο.

362 2693 550 2776 Ἔγγραρον
574 2693 768 2769 άποτάξεως
791 2695 977 2757 Θεοδοσίου
1000 2701 1054 2756 τοῦ
1076 2696 1288 2776 Καστρισίου.

360 2820 381 2897 †
405 2865 412 2878 .
437 2866 443 2878 .
469 2821 502 2876 .'
502 2863 1109 2880 ...................
1141 2822 1187 2877 τοῦ
1217 2817 1379 2898 Καστριτίου
1409 2820 1439 2877 τό
1467 2817 1543 2895 παρδν

257 2944 307 3014 τῆς
338 2936 498 3012 άποτάξεως
522 2985 951 3002 ..............
975 2945 1025 3014 τῆς
1054 2937 1161 2999 οἱασοῦν
1189 2938 1342 3019 περινοίας,
1371 2941 1439 3020 πρός
1467 2939 1543 3013 ὑμᾶς,

255 3060 392 3138 Νεὺφυτον
415 3107 910 3123 ................
937 3061 1058 3140 Πάτμου,
1087 3061 1235 3141 Γρηγόριον
1258 3063 1390 3140 μοναχὸν,
1418 3059 1465 3120 καὶ
1489 3060 1543 3129 τους

255 3181 368 3254 λοιποὺς
398 3181 536 3259 μοναχοὺς
566 3187 616 3257 τῆς
644 3227 1041 3244 .............
1069 3179 1116 3241 καὶ
1147 3181 1177 3242 τδ
1207 3183 1292 3263 μέρος
1321 3181 1368 3242 καὶ
1397 3182 1432 3240 τὰ
1462 3181 1543 3242 δίκαια

256 3305 348 3382 αὑτῆς,
375 3303 468 3375 καθὼς
494 3304 525 3362 τό
551 3304 616 3382 ὑρος
643 3301 778 3378 δηλώσει·
804 3301 850 3362 καὶ
877 3302 931 3383 γὰρ
959 3303 1119 3380 όμονοχδς
1146 3302 1348 3383 Χριστόδουλος
1374 3303 1389 3362 ὑ
1412 3303 1544 3382 Λατρηνὺς

255 3426 390 3484 τελευτῶν
418 3423 461 3484 ἐπὶ
491 3430 606 3504 μυστικῇ
634 3421 756 3497 διατάξει
783 3423 830 3483 καὶ
855 3424 1023 3503 κωδικέλλῳ
1052 3423 1193 3505 διωρίσατο
1221 3427 1291 3500 μετά
1317 3445 1352 3502 γε
1380 3429 1435 3484 τῶν
1458 3423 1543 3484 όιλλων

255 3543 302 3605 καὶ
331 3549 424 3606 τοῦτο·
460 3546 683 3622 «καταλιμπάνω
714 3546 771 3605 ἀντ’
803 3545 870 3621 ἐμοῦ
903 3547 993 3625 νόριον
1027 3544 1074 3606 καὶ
1105 3543 1277 3621 ἐξουσιαστὴν
1312 3545 1351 3616 εἰς
1381 3547 1412 3605 τδ
1443 3544 1544 3613 εῦτελὲς

256 3669 435 3746 μοναστηριον
469 3672 515 3727 τοῦ
548 3666 635 3742 τιμίου
672 3665 719 3727 καὶ
752 3667 930 3746 ηγαπημένου
961 3665 1117 3747 Θεολὸγου,
1150 3671 1196 3728 τοῦ
1230 3667 1258 3728 ἐν
1292 3673 1325 3748 τῇ
1360 3667 1474 3746 Πάτμῳ,
1504 3667 1544 3724 τὶν

256 3790 378 3866 μοναχδν
410 3789 544 3866 Ἀροάνιον
578 3788 623 3847 τὀν
659 3788 833 3868 Σκηνοὺριον,
866 3789 912 3848 τδν
946 3788 1010 3848 όντα
1043 3785 1083 3860 εὶς
1117 3789 1151 3848 τόι
1181 3788 1371 3869 Ἱεροσόλυμα,
1407 3789 1477 3864 μετὰ
1504 3783 1543 3846 καὶ

254 3907 362 3970 πάντων
388 3915 442 3969 τῶν
470 3907 650 3990 διαφερόντων
678 3908 785 3990 αῦτῷν,
817 3909 902 3981 ἐάσας
928 3916 961 3991 τῇ
988 3909 1098 3991 τοιαὺτρ
1127 3912 1206 3970 αὑτοῦ
1235 3915 1305 3992 μονῇ
1327 3912 1362 3970 τά
1384 3930 1415 3969 τε
1437 3912 1543 3987 τέσσαρα

254 4031 341 4091 πλοῖα
368 4033 447 4092 αὑτοῦ
473 4029 520 4090 καὶ
547 4032 628 4112 ἕτερα
656 4031 771 4112 διάφορα
800 4029 871 4112 εἴδη,
897 4029 1074 4111 παρακατιὼν
1101 4029 1210 4111 γράψας
1235 4029 1282 4091 καὶ
1309 4035 1406 4091 ταῦτα·
1434 4028 1479 4090 «εἰ
1501 4027 1544 4105 μὲν

255 4150 367 4235 εἰσέλθῃ
393 4154 409 4212 δ
435 4151 685 4232 προμνημονευθεὶς
708 4155 842 4232 μοναχός,
865 4157 939 4230 κῦρις
967 4154 1116 4232 Ἄρσένιος,
1146 4153 1174 4212 ἐν
1202 4159 1235 4234 τῇ
1261 4153 1370 4234 τοιαὺτῃ
1399 4158 1482 4234 μονῇ,
1507 4151 1544 4209 ἵνα

256 4275 310 4357 ἔχη
333 4275 382 4349 τὴν
406 4270 527 4347 ἐξουσίαν
549 4273 596 4334 καὶ
619 4277 762 4355 κυριότητα
784 4276 882 4350 ταὺτης
904 4271 952 4334 καὶ
977 4280 1030 4334 τῶν
1058 4275 1124 4356 αὑτῇ
1152 4273 1331 4353 διαφερόντων
1353 4276 1461 4334 πάντων
1483 4269 1543 4332 κατὰ

255 4397 286 4456 τό
317 4397 434 4475 γεγονός
465 4417 511 4472 μοι
541 4397 613 4456 θεῖον
650 4394 697 4456 καὶ
725 4397 907 4476 προσκυνητδν
937 4395 1142 4474 χρυσόβουλλον
1172 4395 1247 4476 παρὰ
1276 4399 1321 4456 τοῦ
1350 4399 1478 4474 κραταιοῦ
1505 4389 1543 4453 καὶ

256 4517 337 4597 άγίου
363 4519 442 4593 ἡμῶν
475 4517 623 4593 βασιλέως.
652 4515 675 4576 εὶ
704 4517 735 4576 δὲ
763 4520 793 4577 οὑ
820 4515 1006 4592 καταδέξηται
1032 4517 1080 4590 τἠν
1110 4517 1236 4591 τοιαύτην
1266 4518 1432 4595 ἡγουμενίαν
1459 4517 1485 4599 ἧ,
1513 4515 1544 4580 ὡς

256 4639 473 4720 μεμαθήκαμεν,
508 4640 576 4717 πρός
609 4640 699 4720 κῦριον
735 4635 908 4726 ἐξεδήμησε,
947 4638 1112 4718 διορίζομαι,
1146 4639 1191 4698 ἵνα
1224 4640 1254 4698 τδ
1288 4642 1467 4714 πνευματικόν
1500 4655 1543 4714 μου
