3228 5294
370 547 426 607 κά.
451 547 549 625 Χρείαν
573 547 603 606 δὲ
631 546 677 606 καί
704 545 766 626 περὶ
794 553 843 622 τῆς
865 551 918 605 τῶν
942 548 1109 619 διακονητῶν
1133 545 1277 620 διαλαβεῖν
1299 543 1443 624 προβολῆς
1465 542 1554 602 τεκαὶ

266 668 474 749 προχειρίσεως.
503 669 518 726 ἀ
541 669 746 747 καθηγούμενος
770 665 915 739 ἐκλέξεται
944 669 990 726 τον
1021 667 1104 748 ἀρετῇ
1131 665 1177 726 καὶ
1207 666 1342 744 ἀπολήψει
1368 664 1415 725 καὶ
1439 664 1556 744 ἐνεργείᾳ

268 791 297 849 ἐν
324 793 397 872 πάσῃ
425 796 458 870 τῇ
489 790 651 869 ἀδελφότητι
679 791 861 870 ὑπερφέροντα
895 785 942 848 καί
968 790 1162 868 προχειριείται
1189 789 1268 848 αύτύν
1303 784 1407 861 εἰδήσει
1436 783 1484 844 καὶ
1508 793 1556 844 τῶν

265 913 416 992 προκρίτων
439 913 566 991 ἀδελφῶν
588 917 638 987 τῆς
661 917 747 987 μονῆς
769 909 816 971 καί
838 917 892 970 τῶν
915 910 958 970 ὑπ’
982 911 1064 985 αύτήν
1090 907 1221 989 καὶπερὶ
1244 911 1327 984 αὐτὴν
1349 911 1494 986 κτημάτων
1516 906 1556 966 κιί

265 1035 434 1112 πραγμάτων
463 1034 612 1094 καθολικδν
641 1032 798 1115 οἰκονόμον,
826 1031 964 1113 τρισαγίου
986 1033 1129 1112 γινομένου
1152 1031 1180 1092 ἐν
1202 1039 1235 1114 τῆ
1260 1031 1396 1113 ἐκκλησίᾳ
1424 1031 1555 1108 παρούσης

267 1161 317 1230 τῆς
340 1155 544 1234 ἀδηλφότητος·
573 1148 625 1214 εἰθ’
648 1156 716 1216 ούτω
738 1155 936 1236 προβαινούσης
957 1153 1032 1234 παρὰ
1054 1157 1100 1213 τού
1121 1154 1328 1232 καθηγουμένου
1350 1153 1422 1212 κατά
1443 1155 1474 1212 τέ
1497 1151 1554 1211 εἰω-

268 1279 316 1350 θός
342 1275 389 1336 καὶ
415 1283 463 1351 τῆς
493 1271 697 1358 προχειρίσεως.
726 1275 773 1336 καὶ
805 1277 898 1336 ἔκτοτε
930 1275 1005 1336 ἔσται
1031 1277 1120 1334 πάντα
1148 1276 1267 1356 ἐνεργῶν
1289 1275 1304 1334 θ
1328 1273 1471 1349 οἰκονόμος
1493 1275 1557 1333 κατὰ

266 1398 314 1475 τὴν
337 1401 381 1457 τού
404 1399 611 1477 καθηγουμένου
634 1398 755 1477 θέλησιν,
786 1399 928 1478 ἐνεργήσει
951 1395 983 1456 δὲ
1006 1397 1081 1468 ὅλως
1103 1395 1181 1456 ούδέν
1206 1397 1268 1456 ἀνευ
1289 1401 1339 1471 τῆς
1359 1395 1439 1455 αύτού
1460 1396 1556 1471 βουλῆς

265 1518 312 1579 καί
338 1521 453 1597 γνώμης
479 1517 525 1578 καὶ
553 1519 678 1599 κρίσεως.
714 1517 761 1578 καί
789 1519 996 1598 ἐκκλησιάρχης
1024 1517 1054 1578 δέ
1082 1518 1131 1577 ύπδ
1159 1522 1205 1578 τού
1232 1519 1439 1594 καθηγουμένου
1462 1517 1555 1591 ὁμοίως

266 1642 519 1721 προχειρισθήσεται
542 1641 556 1699 ό
579 1639 625 1702 καὶ
648 1639 796 1714 εύλαβείας
823 1641 949 1712 ἐπιεικῶς
980 1639 1197 1715 ἀντιποιούμενος
1224 1637 1270 1699 καί
1291 1640 1360 1720 πρός
1380 1637 1430 1713 τήν
1454 1637 1554 1712 ἐκκλη-

216 1773 218 1778 ’
266 1763 403 1840 σιαστικῆν
430 1759 553 1834 εύταξίαν
587 1761 634 1821 καί
660 1761 788 1822 παντοίαν
816 1764 978 1821 κατάποσιν
1009 1758 1151 1833 ἐπιδεξίως
1183 1761 1256 1840 ἔχων
1285 1758 1332 1820 καί
1370 1762 1409 1832 ώς
1439 1753 1494 1820 οἶόν
1528 1779 1555 1817 τε

266 1882 463 1959 ἐπιστημόνως.
493 1883 573 1956 αύτθς
600 1882 632 1943 δὲ
655 1877 732 1954 ούτος
755 1884 769 1942 ό
794 1882 1004 1962 ἐκκλησιάρχης
1029 1880 1076 1942 καὶ
1102 1882 1135 1942 τά
1158 1882 1254 1958 βιβλία
1276 1882 1323 1942 καί
1345 1884 1439 1958 μέντοι
1460 1879 1505 1940 καὶ
1525 1879 1555 1938 τά

264 2004 379 2084 χαρτῷα
408 2011 457 2081 τῆς
487 2011 573 2081 μονῆς
604 2000 777 2080 δικαιώματα
806 2003 853 2064 καί
884 2005 911 2064 εἰ
938 2026 963 2064 τι
993 2005 1066 2065 ἀλλο
1097 2009 1145 2079 τῆς
1177 2001 1328 2080 ἐκκλησίας
1359 2001 1429 2063 ἐστὶν
1460 2002 1557 2081 ἀφειλει

266 2127 336 2203 μετὰ
360 2127 520 2206 ἀπογραφῆς
542 2127 772 2207 παραλαμβάνειν
794 2125 842 2186 καί
864 2125 910 2185 σύν
934 2125 1080 2208 ἐπιμελείᾳ
1102 2123 1217 2208 πλείστη
1240 2126 1391 2204 φυλάττειν.
1417 2121 1556 2184 ἀλλὰκαὶ

265 2247 310 2308 δύο
341 2247 520 2329 προβαλεῑται
549 2248 729 2330 δοχειαρίους,
759 2247 822 2307 καθ’
852 2248 882 2306 δν
913 2245 1062 2326 εἰρήκαμεν
1091 2249 1199 2328 τρόπον,
1231 2249 1245 2306 ό
1275 2247 1493 2326 καθηγούμενος,
1522 2240 1557 2304 ών

264 2371 360 2450 ἀτερος
387 2368 438 2444 μὲν
465 2369 513 2444 τὴν
540 2375 594 2427 τῶν
623 2369 655 2429 ἐκ
681 2373 727 2428 τού
755 2367 853 2441 ἐλέους
879 2373 925 2428 τού
952 2369 1015 2428 θεού
1043 2367 1090 2428 καί
1116 2372 1163 2428 τού
1186 2365 1386 2443 ἀνεξαντλήτου
1419 2368 1557 2446 πελάγους

264 2495 315 2566 τῆς
336 2490 574 2571 πλουοισπαρέχου
598 2491 677 2550 αύτού
699 2489 747 2549 καὶ
769 2489 970 2570 μεγαλοδώρου
992 2493 1176 2569 γρηστότητος
1199 2489 1365 2564 όθενδήποτε
1386 2491 1556 2570 προσποριζο·

266 2613 357 2687 μένων
388 2611 427 2689 τῷ
456 2611 583 2692 κοινοβίῳ
610 2613 784 2687 νομισμάτων
812 2611 1064 2694 λεπτομερεστέραν
1092 2609 1187 2686 ἔξοδον
1215 2613 1395 2693 ἐπεργάσεται
1418 2613 1453 2672 ἐκ
1473 2613 1558 2687 πάσης

264 2734 316 2809 μὲν
345 2731 449 2792 εἰσόδου
475 2735 623 2811 γινομένης
648 2754 679 2793 τε
708 2733 755 2793 καί
786 2735 1015 2814 ἀπογραφομένης
1046 2735 1159 2794 ἐνώπιον
1193 2737 1239 2794 τοῦ
1268 2734 1486 2812 καθηγουμένου,
1514 2736 1556 2792 τοῦ

263 2853 415 2936 οἰκονόμου,
444 2859 489 2915 τού
518 2852 721 2935 ἐκκλησιάρχου
750 2853 796 2915 καί
826 2858 905 2916 αύτού
937 2856 971 2933 δὴ
1000 2861 1046 2916 τού
1079 2856 1243 2938 δοχειαρίου,
1275 2857 1496 2937 σφραγιζομένων
1527 2877 1555 2914 τε

262 2977 327 3056 παρ’
352 2978 438 3037 αύτῶν
461 2975 508 3036 καί
530 2977 740 3056 φυλαττομένων
761 2983 815 3037 τῶν
837 2979 1010 3054 νομισμάτων
1037 2973 1112 3057 παρά
1138 2981 1183 3036 τσύ
1210 2977 1422 3058 ἐκκλησιάρχου,
1450 2978 1490 3050 ὡς
1514 2974 1557 3036 καί

262 3104 316 3158 τῶν
345 3099 451 3159 λοιπῶν
480 3099 573 3174 τιμίων
605 3097 651 3159 καί
683 3100 839 3179 εύχρήοτων
870 3101 1054 3178 τυγχάνοντος
1084 3100 1215 3180 φύλακος,
1246 3097 1422 3178 ἐξαγομένων
1454 3099 1486 3158 δέ
1514 3095 1557 3158 καί

262 3219 412 3296 διδομένων
434 3219 472 3300 τῷ
496 3220 643 3301 δοχειαρίῳ
666 3223 746 3301 χάριν
770 3219 865 3294 ἐξόδου
888 3221 1052 3303 ἡμερησίας,
1075 3211 1273 3302 προβαινούσης
1300 3216 1436 3302 ἀδηρίτως
1459 3217 1556 3300 ὁρισμῷ

261 3347 307 3402 τού
337 3343 583 3423 ήγουμενεύοντος,
619 3343 804 3421 εύαριθμήτων
838 3344 1012 3418 νομισμάτων
1047 3343 1214 3422 ἀρκεσόντων
1248 3343 1331 3420 τυχόν
1366 3341 1410 3402 ἐπί
1444 3342 1556 3418 μηνιαίῳ

261 3467 352 3544 χρόνῳ
375 3467 392 3539 ῆ
417 3463 505 3544 μικρῷ
527 3464 634 3524 πλείονι
656 3467 674 3539 ή
698 3464 834 3524 ἐλάσσονι.
859 3465 940 3524 ὁπότε
962 3485 997 3544 γε
1021 3465 1074 3540 μὴν
1098 3462 1291 3541 ἐξαντληθεῖεν
1314 3465 1389 3544 παρά
1409 3471 1457 3524 τοῦ
1483 3466 1555 3523 αύτού

263 3585 416 3664 δσηειαρίου
451 3585 496 3644 διά
522 3585 626 3660 λεπτῆς
658 3586 819 3665 ἀπογραφῆς
848 3584 886 3658 εἰς
913 3586 962 3658 τάς
989 3587 1038 3646 ύιτθ
1066 3590 1112 3647 τού
1138 3588 1345 3665 καθηγουμένου
1372 3586 1556 3660 κελευομένας

265 3703 376 3778 ἐξόδους
398 3712 448 3781 τῆς
471 3711 567 3785 μονῆς,
594 3705 627 3764 τά
650 3707 787 3785 φθάσαντα
814 3705 986 3782 ἐκβληθῆναι
1011 3706 1059 3767 καί
1086 3707 1197 3782 δοθῆναι
1224 3708 1386 3783 νομίσματα,
1414 3709 1556 3784 γενήσεται

263 3829 453 3906 ουμψηφισμδς
481 3829 566 3887 αύτῶν
594 3825 640 3887 καὶ
668 3828 834 3906 ἐκλογισμδς
860 3827 934 3908 παρὰ
960 3828 1013 3888 τῶν
1042 3829 1168 3910 ἀνωτέρω
1197 3829 1376 3905 δηλωθέντων
1398 3833 1555 3910 προσώπων,

262 3947 310 4008 καί
336 3947 410 4020 αὖθις
444 3951 524 4029 ἕτερα
552 3948 769 4026 ἐκβληθήσονται
797 3947 843 4008 καί
866 3950 965 4026 όμοίως
989 3949 1060 4030 αύτῷ
1084 3952 1252 4029 δοθήσονται,
1280 3949 1327 4010 καί
1349 3951 1418 4010 ούτω
1440 3947 1556 4024 καθεξῆς

260 4071 293 4130 τὰ
320 4075 373 4130 τῶν
398 4077 597 4146 νομιοματικῶν
620 4069 732 4131 εἰσόδων
765 4069 812 4131 καί
836 4073 928 4148 μέντοι
950 4071 997 4132 καί
1020 4078 1073 4132 τῶν
1097 4069 1200 4144 ἐξόδων
1235 4073 1341 4132 ἔσονται
1365 4073 1554 4152 ἐνεργούμενα.

261 4194 275 4252 ό
300 4192 323 4251 δ’
343 4193 435 4270 ἕτερος
459 4191 615 4271 δοχειάρισς
637 4190 740 4272 όρειλει
763 4195 871 4271 κρατεῖν
894 4193 928 4252 τά
951 4193 985 4253 δι’
1008 4194 1170 4273 ὑφασμάτων
1194 4192 1402 4268 εἰσοδιαζόμενα
1424 4193 1472 4254 καί
1496 4191 1554 4265 ἐξο-

261 4313 416 4392 διαζόμενα,
448 4315 481 4373 τά
509 4315 673 4395 περιβόλαιά
703 4335 733 4374 τε
763 4321 816 4374 τῶν
843 4315 970 4394 ἀδελφῶν
998 4315 1044 4376 καί
1071 4316 1105 4376 τὰ
1132 4319 1312 4393 σκεπάσματα
1338 4315 1384 4376 καί
1412 4318 1463 4376 ύσα
1492 4319 1555 4397 προς

260 4435 417 4510 ἐνδυμενίαν
447 4437 543 4509 ἁπλῶς
565 4435 619 4496 τών
643 4437 672 4496 ἐν
694 4443 727 4518 τῆ
751 4443 821 4518 μονῇ
845 4445 974 4515 μοναχῶν
997 4443 1015 4513 ῆ
1038 4437 1085 4497 καί
1108 4445 1161 4498 τῶν
1185 4439 1337 4499 δουλευτῶν
1360 4445 1500 4514 κοσμικών
1525 4437 1554 4497 δι’

260 4557 419 4631 ἐπιμελείας
443 4559 569 4620 τίθεσθαι.
594 4559 661 4638 πρός
683 4560 785 4631 τούτοις
808 4559 855 4619 καί
877 4563 907 4620 τύ
931 4559 1149 4638 εἰοαδιαζόμενον
1173 4563 1337 4638 όθενδήποτε
1360 4563 1454 4642 κηρίον
1478 4565 1553 4624 ἅπαν.

261 4677 339 4738 ἀλλὰ
362 4679 416 4753 μὴν
439 4679 486 4739 καί
508 4681 538 4738 τέ
562 4681 667 4758 ἔλαιον,
696 4681 738 4759 ἀφ’
762 4676 799 4741 ὧν
824 4681 958 4760 ἀφειλουσι
980 4684 1176 4762 παραδίδοσθαι
1199 4683 1237 4761 τῷ
1264 4685 1465 4766 ἐκκλησιάρχῃ,
1491 4707 1554 4766 προ·
1590 4675 1591 4769 γ
