3162 5278
232 777 329 844 CLII.
354 776 581 860 7276-1768,
605 776 658 842 die
680 777 728 842 16.
753 779 872 841 mensis
895 779 982 860 iunii,
1005 775 1070 842 ind.
1094 776 1120 841 Ι.

47 927 138 979 ίλιοίαίο
152 925 332 996 patriarchae
353 925 487 980 Samuelis
505 926 528 979 I.
553 925 586 978 dc
604 925 721 978 dominio
744 925 872 978 οαιιοιιίοο
894 924 1019 978 ecclesiae
1042 922 1072 978 S.
1093 923 1213 994 Georgii,
1236 924 1325 978 dictae

535 1027 636 1082 Ρυύιαε
658 1028 687 1082 in
708 1029 814 1082 Patmo.

133 1231 351 1312 ῆΣαμουήλ,
391 1229 477 1309 ἐλέῳ
515 1231 590 1290 θεού
625 1230 890 1309 ἀρχιεπίσκοπος
922 1229 1324 1307 Κωνοτοιντινουπύλεως,

46 1351 121 1424 λ’έος
143 1353 286 1432 Ῥώμης,
310 1351 365 1412 καί
389 1349 622 1428 οίκουμενικὸς
644 1353 863 1431 πατριάρχης.
887 1351 908 1428 γι

132 1546 152 1620 †
177 1544 249 1622 Προς
278 1545 334 1613 τοῖς
366 1542 466 1613 σίλλοις
492 1543 511 1620 ή
539 1541 657 1616 ίλήθειαι
686 1540 732 1601 καί
761 1542 845 1622 ταύτῃ
874 1545 919 1600 τού
945 1540 1060 1617 ψεύδους
1085 1541 1250 1600 πλεονεκτεῖ
1278 1539 1324 1600 καί

45 1663 145 1736 ἓεέντως
169 1667 296 1744 ὑπερέχει
318 1661 365 1724 καί
389 1663 569 1742 ύπερίοταται,
593 1665 633 1722 έτι
655 1665 686 1722 το
709 1664 761 1737 μὲν
783 1663 882 1739 ψεῦδος
904 1670 958 1722 τῶν
980 1665 1150 1742 πραγμάτων
1178 1662 1216 1721 ἐτι
1240 1662 1324 1740 ὰμρι-

44 1785 213 1862 βαλλομένων
235 1787 372 1846 λονθοίνον
395 1787 465 1857 τέως
487 1783 534 1845 καί
556 1791 589 1866 πῆ
612 1785 780 1860 ποικιλύτητι
803 1784 903 1844 πείθων
925 1783 987 1856 τούς
1008 1785 1262 1864 προσπιγχοίνοντας
1285 1781 1325 1854 είς

43 1907 79 1963 τἐν
97 1913 144 1984 τῆς
167 1907 299 1982 ἀληθείας
321 1913 413 1986 χῶρον
436 1906 625 1985 παρεισδύεται
648 1903 696 1966 καὶ
718 1905 939 1982 καταλαμβάνει,
963 1903 1002 1984 τῷ
1023 1905 1115 1983 χρόνῳ
1130 1925 1165 1982 γε
1188 1905 1243 1980 μὴν
1266 1925 1325 1982 ρω-

43 2029 111 2104 ραθέν
132 2030 216 2088 πάλιν
240 2026 272 2087 οιύ
293 2026 332 2098 είς
351 2027 385 2086 τὰ
409 2029 505 2088 ἑαυτοῦ
528 2027 631 2102 οἰτίμως
653 2025 866 2102 μεταθιιίικεται·
891 2023 977 2106 ήγίιρ
998 2029 1029 2085 ἂν
1049 2028 1136 2085 πάντα
1159 2029 1272 2103 κατεῖχε
1294 2026 1325 2085 τθ

42 2149 127 2222 ψεῦδος
148 2152 205 2220 τοῖς
227 2152 384 2229 πράγμασιν
408 2147 451 2208 ἀεὶ
475 2149 640 2228 ἐπισκοτοῦν,
663 2148 724 2222 ἡδ’
742 2147 868 2226 ἀλήθεια,
893 2145 916 2206 εί
939 2145 986 2206 καί
1009 2146 1084 2222 α’πλῆ
1108 2144 1154 2206 καί
1179 2147 1326 2224 διαγνῶναι

43 2269 151 2348 χαλεπή,
176 2271 267 2345 ἔμπης
283 2270 308 2329 δ’
325 2265 369 2330 σύν
393 2271 585 2350 ἐμρανιτθείοα
609 2267 652 2329 ἐπί
670 2273 795 2330 τοσοῦτον
817 2270 876 2346 ἔχει
895 2269 945 2342 τίις
967 2269 1069 2338 πίστεις
1088 2267 1135 2328 καί
1151 2268 1324 2349 βεβαιώσεις,

42 2394 100 2450 ύστε
127 2391 191 2452 ούύί
219 2394 264 2452 τὀν
297 2393 401 2452 ἅπαντα
431 2393 530 2472 χρόνον
561 2391 687 2452 δύνασθαι
719 2389 874 2468 ἐξαλεῖψαι.
909 2392 991 2465 ταύτη
1017 2409 1059 2450 τοι
1089 2387 1136 2449 καί
1165 2391 1324 2468 γράμμασιν

43 2513 233 2590 ἐπισημαίνεται
259 2515 293 2574 τὰ
319 2513 381 2594 περὶ
410 2511 505 2592 αύιῆς,
532 2513 576 2572 ίνα
604 2517 642 2590 μή
666 2534 690 2572 τι
716 2519 762 2573 τού
789 2514 887 2573 λοιπού
915 2511 1033 2571 ἐναντίον
1056 2511 1147 2592 συμβῇ
1170 2509 1325 2591 παραδοθὲν

41 2637 161 2718 τῆλήθη
187 2638 218 2696 τ“ο
245 2635 358 2712 ἀληθές.
390 2635 458 2694 ούτω
485 2635 570 2694 τοίνυν
601 2633 648 2694 καί
677 2631 720 2694 ἐπὶ
746 2637 793 2694 τού
818 2635 998 2712 προκειμένου
1023 2629 1244 2713 προεξεδύθηοαν
1274 2633 1325 2707 μὲν

41 2757 100 2814 κατίι
120 2754 226 2834 ἀπάτην
248 2759 400 2837 γράμματα
426 2756 609 2836 πατριαρχικὰ
632 2755 759 2816 συνοδικθ
785 2753 846 2832 περὶ
873 2760 922 2828 τῆς
944 2753 1015 2813 κατὰ
1037 2755 1086 2828 τῆν
1108 2759 1190 2830 νῆσον
1213 2751 1325 2828 Ποίτμον

41 2877 178 2954 ἐκκλησίας
208 2883 255 2938 τού
286 2878 363 2956 αἰγίου
393 2877 641 2958 μεγαλομάρτυρος
672 2877 808 2956 Γεωργίου
842 2874 888 2935 καὶ
922 2875 1124 2951 ἐπιλεγομένης
1154 2881 1204 2949 τῆς
1232 2875 1325 2944 Πύθας

41 2999 99 3058 κατὰ
123 3003 234 3075 ζήτησιν
260 3004 307 3060 τού
330 3001 445 3078 λίοίρκου
468 2997 557 3073 *Ροίλη
585 2997 631 3058 καί
654 3004 703 3075 τῆς
725 2999 881 3077 Κυριακῆς,
904 3003 956 3055 τῶν
980 2993 1228 3076 πρωτεξαδέλρων,
1251 3015 1323 3054 συνι-

42 3125 131 3180 πῶντα
161 3121 243 3196 δῆθεν
275 3122 365 3192 αύτοῖς
395 3121 443 3194 τῆν
475 3119 635 3178 δεσποτείαν
665 3124 715 3193 τῆς
746 3115 896 3192 ἐκκλησίας
924 3117 1023 3192 ταύτης
1055 3119 1093 3187 ὡς
1123 3121 1325 3196 προπατορικῆς

43 3243 115 3300 αὐτῶν
139 3241 220 3318 ούοης
242 3245 289 3302 τού
310 3261 376 3302 ποτε
399 3240 546 3301 Καλλσνᾶ.
571 3239 625 3316 ήδη
650 3240 691 3320 δέ,
715 3239 810 3314 ἐπειδὴ
833 3240 991 3318 ἐνερανίοθη
1014 3240 1079 3314 ἡμῖν
1102 3239 1180 3312 κοινὴ
1204 3237 1325 3316 ἀναφορὰ

41 3367 208 3443 γεγραμμένη
235 3369 268 3446 τῆ
297 3363 399 3445 δεκάτη
425 3366 537 3445 πέμπτη
563 3367 610 3423 τού
630 3363 816 3443 παρελθόντος
839 3357 987 3442 ὄκτωβρίου
1011 3365 1058 3422 τού
1081 3359 1169 3444 'affl'
1193 3359 1325 3439 σωτηρίου

43 3485 114 3558 ἔτους,
136 3485 380 3564 κατησραλιομένη
403 3487 463 3556 ταῖς
485 3484 652 3564 ύπογραραίς
675 3489 727 3544 τῶν
742 3503 772 3544 τε
795 3482 936 3563 χρησίμων
956 3484 1093 3562 γερόντων
1115 3481 1162 3542 καί
1183 3475 1324 3562 προεστώ-

42 3624 84 3663 των
109 3615 155 3683 τῆς
182 3609 265 3682 νήσου
292 3607 392 3681 ταύτης
418 3603 465 3666 καί
491 3609 538 3665 τού
560 3606 766 3684 καθηγουμένου
793 3609 839 3664 τού
863 3605 950 3664 ἐκεῖσε
973 3605 1109 3684 ἡμετέρου
1130 3607 1326 3682 πατριαρχικού

42 3727 79 3785 καί
99 3733 332 3810 οταυροπηγιακού
354 3728 535 3806 μοναστηρίου
557 3732 604 3788 τού
627 3727 705 3805 αἰγίου
722 3728 852 3788 Ἰωοίννου
871 3732 917 3787 τού
933 3726 1089 3806 θεολόγου,
1110 3729 1159 3786 τού
1181 3727 1326 3785 ύσιωτοίτου

42 3855 80 3928 κύρ
101 3851 244 3928 Ἰακώβου,
271 3848 318 3910 καί
341 3855 395 3909 τῶν
416 3849 522 3908 λοιπῶν
544 3850 767 3924 ουναοκουμένιυν
790 3851 915 3927 πατέριον
943 3845 989 3907 καὶ
1011 3849 1265 3928 κατεσφραγισμένη
1292 3852 1325 3927 τῇ

43 3973 151 4051 ορραγῑθι
173 3977 221 4032 τού
246 3971 325 4032 αύτού
348 3970 537 4050 μοναστηρίου,
566 3975 598 4052 τῆ
625 3969 672 4030 καὶ
695 3976 745 4046 τῆς
767 3971 923 4046 κοινότητος
945 3975 994 4046 τῆς
1016 3972 1098 4044 νήσου
1119 3969 1231 4045 ταύτης,
1256 3967 1284 4026 ἐν
1307 3963 1326 4048 ᾗ

43 4090 215 4165 ἒηλοποιείται
238 4095 314 4174 ἡμῖν,
342 4095 383 4153 ύτι
408 4099 503 4169 κοινῆς
525 4094 615 4153 ἐκεῖσε
639 4093 823 4164 συνελεύσεως
845 4095 999 4170 γενομένης
1025 4089 1065 4164 είς
1093 4090 1143 4170 ίικρ
1155 4090 1191 4166 βῆ
1216 4090 1326 4168 ἔρευναν

43 4212 79 4271 καί
100 4214 219 4288 ἐξέτασιν
242 4215 314 4274 κατὰ
335 4215 384 4290 τἠν
406 4215 604 4295 πατριαρχικῆν
627 4216 706 4290 ἡμῶν
730 4215 861 4290 ἐπιταγὴν
887 4211 1020 4292 περὶτῆς
1043 4211 1189 4292 εἰρημένης
1218 4211 1325 4286 ἐκκλη-

44 4334 92 4406 σίας
110 4341 155 4398 τοῦ
178 4337 257 4417 ἁγίου
278 4335 424 4416 Γεωργίου,
450 4335 622 4416 ἐμαρτυρήθη
644 4334 719 4414 παρὰ
739 4337 847 4394 πάντων
870 4340 923 4393 τῶν
946 4335 1133 4414 πρεσβυτέρων
1156 4332 1203 4393 καί
1225 4353 1325 4412 γερον-

43 4457 144 4536 τοτέρων
165 4463 220 4518 τῶν
245 4458 273 4516 ἐν
297 4465 331 4539 τῆ
359 4458 426 4538 αύτῆ
449 4459 533 4536 νήσῳ,
557 4463 610 4516 τῶν
633 4457 821 4532 γινωσκόντων
843 4455 877 4514 τὰ
899 4452 960 4534 περὶ
982 4460 1032 4530 τῆς
1055 4453 1206 4530 ἐκκλησίας
1228 4455 1326 4530 ταύτης

42 4578 83 4652 aph
105 4577 237 4654 ἐξήκοντα
260 4577 307 4639 καί
331 4577 524 4653 ἑβδομήκοντα
547 4578 645 4656 σχεδίαν
668 4580 784 4658 χρόνων,
808 4579 880 4652 ύτιή
898 4575 1034 4652 ἐκκλησία
1056 4577 1122 4652 αύτη
1142 4577 1326 4654 ύπῆρχέποτε

43 4701 213 4782 πραπατορική
235 4701 381 4780 κτητορικίιΙ
404 4702 451 4758 τού
466 4719 531 4758 ποτε
549 4699 758 4779 ἀρχιεπισκύπου
773 4695 934 4780 Καρπάθου,
951 4697 1087 4778 Νεορύτου
1103 4697 1232 4778 Γριμαίνη,
1256 4695 1326 4772 μετὰ
