3184 5288
1271 419 1335 486 163

51 615 89 672 τόν
106 613 250 696 Εῦνοῦχον,
274 613 319 676 διόι
334 615 381 675 σού
402 611 449 676 καὶ
469 613 537 696 τρδς
555 615 586 675 τό
608 612 675 696 ὑπὲρ
696 617 744 675 σοῦ
766 613 911 695 πρόσωπόν
926 635 956 676 τε
978 612 1025 676 καὶ
1048 616 1142 695 μέρος,
1164 613 1257 688 καδὼς
1281 614 1334 692 δη-

50 737 205 810 λυύηοεται.
229 733 353 817 καὶγὰρ
375 735 405 796 τό
429 733 610 816 έξαγορασίσς
633 757 688 812 μσς
710 737 870 813 κεκτήμεθα
891 739 1028 814 κομμάτιν
1050 737 1188 818 χωράφισν
1211 736 1263 798 ἀπό
1285 741 1335 816 τῆς

49 862 141 937 χόρος,
162 860 194 918 τό
218 859 271 919 ἀπό
292 865 343 936 τῆς
365 861 485 930 στάσεως
507 862 554 920 τοῦ
583 859 727 936 Καμακλῖη
758 860 862 922 ἐκείνου
893 859 1049 940 Βασιλείου,
1078 861 1109 920 τό
1137 861 1168 919 όν
1197 859 1245 919 καί
1272 859 1334 920 διοι-

49 981 162 1054 κείμενον
185 981 215 1040 έν
234 987 269 1062 τῇ
290 987 406 1062 περιοχῇ
428 985 475 1041 τοῦ
490 980 670 1060 Ἀχλαδοποῦ
691 988 741 1060 τῆς
763 981 899 1064 μάνόρσς,
923 982 1045 1062 ύτάρχον
1066 987 1099 1064 τῇ
1121 985 1243 1062 χωρίσει
1265 1002 1334 1042 οπο-

48 1101 122 1184 ρίμων
137 1102 241 1178 μοδίων
257 1096 339 1182 δκτιό,
358 1103 422 1163 όσον
442 1105 475 1162 ἂν
497 1100 544 1164 καὶ
567 1103 605 1183 έν,
630 1101 669 1176 εἰς
691 1104 839 1184 ύτέρτυρον
864 1104 909 1164 έν·
934 1102 962 1164 έν
982 1098 1005 1186 ᾧ
1026 1101 1074 1164 καὶ
1096 1104 1237 1180 ἐλάβομεν
1256 1107 1333 1164 τοῦτο

49 1226 75 1284 ἐκ
102 1232 153 1284 τῶν
179 1232 283 1306 χειρῶν
310 1246 356 1286 σου
382 1225 455 1286 σίτου
482 1225 594 1300 μοδίους
621 1225 678 1304 δύο,
705 1223 752 1285 καί
778 1225 861 1296 τέλος
889 1225 1056 1306 έκπληριίνθη
1082 1228 1113 1286 τό
1136 1225 1203 1288 ὅλον
1226 1225 1334 1302 τίμημα

48 1349 110 1420 ἀπό,
137 1345 185 1407 καί
216 1349 265 1407 σῦκ
292 1348 395 1426 ἔχομεν
421 1347 508 1426 λόγον
535 1347 594 1406 τινά
620 1345 692 1408 κοιτά
714 1351 761 1408 σοῦ
786 1349 805 1422 ἢ
828 1352 874 1408 τοῦ
896 1347 963 1408 όλου
986 1348 1087 1428 μέρους
1109 1369 1166 1428 σου,
1193 1345 1333 1430 παρεδόθη

46 1467 71 1527 δὲ
91 1470 119 1528 τό
140 1473 261 1529 τοιοῦτον
283 1472 418 1544 κομμάτιν
440 1471 578 1548 χωροίφισν
601 1467 650 1546 τὴν
678 1471 796 1549 σημερον
823 1473 965 1552 σωματικῇ
992 1469 1152 1550 παραδόσει,
1179 1473 1226 1530 τοῦ
1258 1469 1334 1548 ἔχειν

45 1595 112 1650 τοῦτο
141 1589 186 1652 ἐπὶ
216 1589 313 1674 τελείᾳ
339 1589 385 1650 καὶ
416 1586 585 1672 ἁναφαιρέπῳ
616 1589 759 1652 δεσποτεία
788 1592 901 1674 κυρίως,
929 1592 1078 1672 αύύεντῶς,
1110 1589 1203 1663 ίδικιῖις
1225 1611 1256 1652 τε
1285 1589 1333 1652 καὶ

45 1720 208 1794 μονομερῶς,
246 1713 451 1794 ἀπερισπάστως
486 1711 533 1774 κοί
568 1713 788 1788 ἀνεπικωλύτως,
826 1714 865 1790 μὴ
898 1715 972 1794 παρά
1004 1733 1076 1786 τινος
1104 1713 1283 1788 κωλυόμενος
1314 1716 1333 1788 ἢ

45 1835 323 1916 τερεμποδιζόμενος,
346 1837 377 1896 οῦ
403 1836 467 1916 παρ’
490 1837 569 1911 ἡμῶν
591 1841 645 1896 τῶν
670 1837 849 1916 πετρακότιυν
872 1855 913 1896 σοι
934 1838 965 1896 τό
991 1839 1110 1898 τοιοῦτον
1131 1837 1278 1916 χωράριον,
1302 1836 1333 1896 ού

44 1959 99 2038 παρ’
122 1959 217 2038 ἑτέρου
244 1959 386 2038 προσώπου
413 1959 443 2016 τό
471 1958 595 2038 σύνολον,
623 1957 700 2018 ἀλλά
734 1958 845 2034 μάλλον
880 1957 997 2018 ἐκδικεῖν
1025 1979 1066 2019 σοι
1099 1955 1246 2038 ὀφείλομεν
1279 1957 1332 2018 ἀπό

44 2082 134 2152 τάντός
167 2078 354 2160 δικαστηρίου,
387 2083 434 2139 τοῦ
465 2081 504 2156 μὴ
533 2083 617 2140 κινεῖν
649 2079 739 2158 όχλήν
770 2099 812 2138 σοι
840 2083 858 2156 ἢ
890 2081 999 2156 ζήτησιν
1031 2081 1107 2160 ἔχειν
1133 2079 1175 2140 σοί
1201 2099 1267 2141 ποτε
1293 2077 1332 2158 τῷ

44 2209 131 2282 νοιιρῶ,
155 2202 225 2263 ἀλλ’
249 2203 324 2280 ἔχειν
345 2206 422 2262 τοῦτο
449 2199 488 2273 εἰς
516 2199 581 2278 έΕης
608 2201 654 2262 καί
681 2202 817 2276 διηνεκεῖς
842 2203 957 2283 χρόνους
988 2199 1028 2276 εἰς
1057 2204 1087 2264 τό
1108 2202 1223 2281 πωλεῖν,
1251 2223 1332 2284 προι-
1396 2287 1398 2294 Ι

44 2324 128 2404 νάειν,
155 2323 289 2405 χορίζειν,
317 2325 487 2405 λεγατεύειν,
515 2324 712 2384 άνταλλάττειν
734 2321 781 2384 καί
810 2323 914 2405 ἄλλος,
942 2326 974 2397 ός
1003 2322 1070 2401 δόξη
1100 2345 1156 2406 σοι,
1183 2329 1228 2386 τοῦ
1257 2325 1332 2404 ἔχειν

45 2447 107 2506 σύτό.
147 2448 188 2507 έτι
220 2453 286 2526 γοῦν
318 2449 511 2526 συμφωνοῦμεν
541 2445 588 2506 καί
618 2449 705 2526 τοῦτο,
736 2447 775 2516 ὡς
804 2447 844 2506 ότι
874 2447 926 2525 όψέ
954 2467 1020 2507 ποτε
1047 2445 1085 2527 τῷ
1112 2445 1199 2527 καιρῷ
1227 2446 1331 2508 ἐπανα-

44 2571 136 2646 κάμψει
164 2589 205 2640 τις
226 2569 271 2648 ἀφ’
293 2571 372 2644 ἡμῶν
402 2566 448 2627 καὶ
479 2569 559 2646 λέγει
588 2567 655 2648 ύπὲρ
684 2571 731 2628 τοῦ
757 2569 875 2630 τοιούτου
901 2569 1049 2650 χωρσφίου,
1077 2569 1159 2644 ἡμεῖς
1186 2568 1332 2646 μέλλομεν

45 2690 179 2768 ἀποσοβεῖν
212 2691 258 2751 τόν
288 2694 423 2752 τοιοῦτον·
457 2687 505 2750 καὶ
537 2689 607 2750 κατὰ
640 2691 718 2750 τούτο
752 2690 972 2772 ἀσφαλιζόμτύα,
999 2691 1072 2763 όστις
1100 2689 1136 2750 τά
1162 2691 1231 2772 πρός
1260 2691 1330 2752 ἀνα-

44 2815 134 2890 τροπὴν
159 2821 211 2890 τῆς
237 2813 374 2894 παρούσης
395 2811 542 2894 πρατηρίου
565 2812 704 2892 ἀσφαλοῦς
732 2813 871 2894 ἐγγράφου
896 2813 1063 2892 πυρούμενος
1084 2815 1160 2892 τάχα
1181 2813 1332 2874 ἀποστάσει

44 2934 87 2993 ἀπό
113 2941 160 2996 σοῦ
187 2941 308 3015 μερικῶς
334 2937 352 3010 ἡ
379 2935 510 3014 καθόλου,
537 2935 599 2994 τότε
626 2934 665 3010 μὴ
693 2935 776 3008 μόνον
802 2936 848 2994 τόν
871 2935 985 3015 Χριστόν
1011 2931 1060 2994 καὶ
1085 2935 1147 2996 θεόν
1170 2935 1250 3011 ἡμῶν
1274 2931 1331 3006 έξσι

44 3056 166 3138 ἀνάδικον,
193 3055 339 3117 ἀλλὰκαὶ
361 3057 410 3128 τάς
432 3055 501 3136 ἀράς
527 3063 581 3116 τῶν
603 3053 656 3130 ττη’
679 3054 765 3135 άγίων
788 3057 924 3137 θεοφόρων
946 3057 1070 3138 πατέρων
1092 3056 1262 3136 κληρονομεῖ
1283 3055 1330 3116 καί

43 3177 154 3260 ἡμερὶς
180 3181 261 3240 τοῦτοῦ
282 3178 396 3257 ταχθείη
425 3179 495 3254 μετὰ
520 3183 566 3238 τοῦ
589 3177 735 3258 ἀχαρίστου
756 3179 854 3259 Ἰούδα,
882 3178 959 3240 ἀλλά
984 3177 1032 3239 καί
1054 3179 1118 3239 σύτο
1140 3180 1171 3239 τό
1192 3181 1222 3238 έν
1245 3181 1329 3260 ἀτέρ-

43 3321 125 3382 τιρον,
148 3303 215 3382 ότερ
246 3300 387 3376 ἐλάβομεν
410 3302 464 3360 ἀτό
493 3303 550 3380 σοῦ,
579 3299 624 3359 έτί
653 3301 684 3360 τό
711 3301 825 3362 διπλοῦν
859 3301 1075 3382 ἀντιστρέφομεν,
1110 3299 1158 3362 καὶ
1191 3303 1259 3384 πρός
1284 3302 1329 3361 τόν
1450 3289 1452 3294 ’

45 3415 186 3508 [δημόσιον]
214 3425 244 3483 τό
271 3422 357 3503 τρίτον
384 3423 486 3484 τούτου.
518 3421 562 3482 ἐπὶ
588 3427 666 3484 τοῦτο
692 3423 747 3504 γάρ
776 3421 824 3483 καί
849 3423 880 3484 τό
906 3424 993 3502 παρόν
1018 3425 1165 3505 πρατήριον
1193 3425 1329 3505 ἔγγραφον

44 3545 103 3622 πρός
123 3547 197 3620 ἡμᾶς
225 3543 378 3621 έξεόέμεύα
404 3551 437 3627 τῇ
463 3545 544 3621 ἡμῶν
570 3551 708 3626 προτροπὴ
736 3543 781 3604 διὰ
806 3545 899 3626 χειρός
927 3544 1133 3606 Κωνσταντίνου
1157 3544 1255 3626 ἱερέως
1283 3549 1330 3606 τοῦ

45 3665 230 3747 Μυρσινιίντου,
257 3671 371 3744 νομικοῦ
400 3665 447 3728 καὶ
476 3668 680 3750 δευτερεύοντος
706 3673 756 3744 της
786 3664 940 3746 ἁγιωτάτης
967 3668 1166 3750 μητροπόλεως
1192 3668 1329 3748 Μιλήτου,

45 3791 83 3846 τοῦ
108 3787 222 3872 κάστρου
249 3789 409 3870 Παλατίου,
437 3789 552 3849 ἐνώπιον
583 3795 637 3850 τῶν
664 3789 879 3870 ύτογραψάντων
908 3790 1059 3871 μαρτύρων.
1092 3787 1169 3867 μηνὶ
1202 3789 1330 3872 μαρτίιρ

45 3905 239 3983 ίνδικτιῶνος
263 3909 288 3970 ά
313 3911 407 3982 ἔτους
431 3907 551 3992 ,ςψκα’.
575 3911 596 3987 †

137 4033 368 4112 ’γΚησσιανός
390 4031 499 4113 ἱερεύς
521 4031 536 4091 ό
559 4031 709 4111 Εύγένης
730 4030 786 4092 καὶ
807 4039 1036 4114 πρωτοπαπάς
1057 4037 1116 4111 τῆς
1138 4034 1328 4113 ἁγιωτάτης

45 4156 273 4234 μητροπόλεως
297 4153 448 4230 Μιλήτου
473 4153 612 4236 πάρειμι
639 4152 698 4214 ἐπὶ
731 4159 773 4236 τῇ
805 4154 952 4236 παρούσῃ
984 4155 1115 4236 πράσει,
1152 4159 1328 4237 μαρτυρῶν

45 4273 263 4358 ύπέγραψα.·ί·

137 4399 430 4476 ’γίίωνσταντῖνος
451 4395 562 4478 ίερεύς
584 4398 599 4457 ό
622 4397 753 4480 Γαβράς
773 4395 830 4458 καὶ
856 4377 1022 4479 κληρικός
1050 4402 1109 4473 τῆς
1139 4397 1327 4477 ἁγιωτάτης

45 4522 274 4598 μητροπόλεως
296 4520 449 4596 Μιλήτου
470 4518 528 4580 καὶ
550 4521 646 4592 αύτός
669 4525 840 4601 μαρτυρῶν
863 4519 1046 4600 ὑπέγραψα
1070 4519 1092 4598 †

139 4639 349 4723 ’φΓεώργιος
382 4639 493 4722 ἱερεύς
518 4643 534 4701 ό
556 4641 720 4717 Λιδιάτης
756 4643 896 4722 πάρειμι
932 4639 994 4702 καὶ
1025 4641 1122 4712 αὐτδς
1156 4649 1327 4723 μαρτυρῶν

46 4760 216 4842 ύπέγριιψο.
239 4765 260 4843 †
1071 4867 1119 4916 w
