<?xml version="1.0" encoding="UTF-8"?>
<!DOCTYPE html PUBLIC "-//W3C//DTD XHTML 1.0 Transitional//EN"
    "http://www.w3.org/TR/xhtml1/DTD/xhtml1-transitional.dtd">
<html xmlns="http://www.w3.org/1999/xhtml" xml:lang="en" lang="en">
 <head>
  <title>
</title>
<meta http-equiv="Content-Type" content="text/html;charset=utf-8" />
  <meta name='ocr-system' content='tesseract 3.04.00' />
  <meta name='ocr-capabilities' content='ocr_page ocr_carea ocr_par ocr_line ocrx_word'/>
</head>
<body>
  <div class='ocr_page' id='page_1' title='image "./actaetdiplomata02miklgoog_0213.png"; bbox 0 0 3160 5292; ppageno 0'>
   <div class='ocr_carea' id='block_1_1' title="bbox 256 335 315 400">
    <p class='ocr_par' dir='ltr' id='par_1_1' title="bbox 256 335 315 400">
     <span class='ocr_line' id='line_1_1' title="bbox 256 335 315 400; baseline 0 0"><span class='ocrx_word' id='word_1_1' title='bbox 256 335 315 400; x_wconf 87' lang='grc'>198</span> 
     </span>
    </p>
   </div>
   <div class='ocr_carea' id='block_1_2' title="bbox 251 527 1569 1586">
    <p class='ocr_par' dir='ltr' id='par_1_2' title="bbox 251 527 1569 1586">
     <span class='ocr_line' id='line_1_2' title="bbox 254 527 1539 608; baseline -0.004 -17"><span class='ocrx_word' id='word_1_2' title='bbox 254 532 321 608; x_wconf 82' lang='grc' dir='ltr'>ἔχω.</span> <span class='ocrx_word' id='word_1_3' title='bbox 352 530 498 607; x_wconf 87' lang='grc' dir='ltr'>ἁπέμεινεν</span> <span class='ocrx_word' id='word_1_4' title='bbox 526 529 557 590; x_wconf 77' lang='grc' dir='ltr'>δὲ</span> <span class='ocrx_word' id='word_1_5' title='bbox 585 529 625 603; x_wconf 91' lang='grc' dir='ltr'>είς</span> <span class='ocrx_word' id='word_1_6' title='bbox 651 532 681 590; x_wconf 73' lang='grc' dir='ltr'>τὸ</span> <span class='ocrx_word' id='word_1_7' title='bbox 708 535 754 590; x_wconf 90' lang='grc' dir='ltr'>τοῦ</span> <span class='ocrx_word' id='word_1_8' title='bbox 780 531 843 592; x_wconf 82' lang='grc' dir='ltr'>θεοῦ</span> <span class='ocrx_word' id='word_1_9' title='bbox 872 529 953 602; x_wconf 79' lang='grc' dir='ltr'>ἔλεος</span> <span class='ocrx_word' id='word_1_10' title='bbox 979 529 1027 589; x_wconf 84' lang='grc' dir='ltr'>καὶ</span> <span class='ocrx_word' id='word_1_11' title='bbox 1053 529 1093 602; x_wconf 84' lang='grc' dir='ltr'>εἰς</span> <span class='ocrx_word' id='word_1_12' title='bbox 1118 530 1166 604; x_wconf 77' lang='grc' dir='ltr'>τὴν</span> <span class='ocrx_word' id='word_1_13' title='bbox 1194 530 1277 608; x_wconf 82' lang='grc' dir='ltr'>εύχην</span> <span class='ocrx_word' id='word_1_14' title='bbox 1299 547 1356 589; x_wconf 91' lang='grc' dir='ltr'>σου.</span> <span class='ocrx_word' id='word_1_15' title='bbox 1388 527 1454 608; x_wconf 80' lang='grc' dir='ltr'>ἐγώ,</span> <span class='ocrx_word' id='word_1_16' title='bbox 1481 529 1539 597; x_wconf 76' lang='grc' dir='ltr'>θεὸς</span> 
     </span>
     <span class='ocr_line' id='line_1_3' title="bbox 252 645 1540 732; baseline -0.005 -19"><span class='ocrx_word' id='word_1_17' title='bbox 252 647 337 722; x_wconf 81' lang='grc' dir='ltr'>σίθεν,</span> <span class='ocrx_word' id='word_1_18' title='bbox 364 652 505 714; x_wconf 81' lang='grc' dir='ltr'>πίστευσύν</span> <span class='ocrx_word' id='word_1_19' title='bbox 529 673 584 732; x_wconf 86' lang='grc' dir='ltr'>μοι,</span> <span class='ocrx_word' id='word_1_20' title='bbox 613 655 663 714; x_wconf 82' lang='grc' dir='ltr'>οῦκ</span> <span class='ocrx_word' id='word_1_21' title='bbox 689 653 747 730; x_wconf 81' lang='grc' dir='ltr'>ἔχω</span> <span class='ocrx_word' id='word_1_22' title='bbox 775 650 814 722; x_wconf 88' lang='grc' dir='ltr'>εἰς</span> <span class='ocrx_word' id='word_1_23' title='bbox 842 653 931 712; x_wconf 79' lang='grc' dir='ltr'>ἄλλον</span> <span class='ocrx_word' id='word_1_24' title='bbox 958 649 999 724; x_wconf 87' lang='grc' dir='ltr'>εἰς</span> <span class='ocrx_word' id='word_1_25' title='bbox 1025 653 1070 711; x_wconf 75' lang='grc' dir='ltr'>τὀν</span> <span class='ocrx_word' id='word_1_26' title='bbox 1096 653 1198 726; x_wconf 83' lang='grc' dir='ltr'>κόσμον</span> <span class='ocrx_word' id='word_1_27' title='bbox 1224 645 1298 730; x_wconf 81' lang='grc' dir='ltr'>παρὰ</span> <span class='ocrx_word' id='word_1_28' title='bbox 1324 651 1373 725; x_wconf 78' lang='grc' dir='ltr'>τὴν</span> <span class='ocrx_word' id='word_1_29' title='bbox 1396 651 1540 727; x_wconf 79' lang='grc' dir='ltr'>ἁγιωσύνην</span> 
     </span>
     <span class='ocr_line' id='line_1_4' title="bbox 253 771 1540 853; baseline -0.004 -19"><span class='ocrx_word' id='word_1_30' title='bbox 253 795 300 834; x_wconf 90' lang='grc' dir='ltr'>σου</span> <span class='ocrx_word' id='word_1_31' title='bbox 320 772 359 846; x_wconf 87' lang='grc' dir='ltr'>είς</span> <span class='ocrx_word' id='word_1_32' title='bbox 380 775 489 853; x_wconf 81' lang='grc' dir='ltr'>ἀγάπην</span> <span class='ocrx_word' id='word_1_33' title='bbox 509 775 527 848; x_wconf 78' lang='grc' dir='ltr'>ἢ</span> <span class='ocrx_word' id='word_1_34' title='bbox 544 771 583 846; x_wconf 83' lang='grc' dir='ltr'>είς</span> <span class='ocrx_word' id='word_1_35' title='bbox 598 774 669 834; x_wconf 82' lang='grc' dir='ltr'>θεάν,</span> <span class='ocrx_word' id='word_1_36' title='bbox 693 773 740 833; x_wconf 87' lang='grc' dir='ltr'>καὶ</span> <span class='ocrx_word' id='word_1_37' title='bbox 763 775 827 833; x_wconf 83' lang='grc' dir='ltr'>ὅταν</span> <span class='ocrx_word' id='word_1_38' title='bbox 850 774 978 848; x_wconf 86' lang='grc' dir='ltr'>μανθάνω</span> <span class='ocrx_word' id='word_1_39' title='bbox 1000 771 1048 833; x_wconf 85' lang='grc' dir='ltr'>καί</span> <span class='ocrx_word' id='word_1_40' title='bbox 1071 772 1166 846; x_wconf 91' lang='grc' dir='ltr'>βλέπω</span> <span class='ocrx_word' id='word_1_41' title='bbox 1188 775 1236 847; x_wconf 77' lang='grc' dir='ltr'>τὴν</span> <span class='ocrx_word' id='word_1_42' title='bbox 1260 772 1412 852; x_wconf 71' lang='grc' dir='ltr'>ἁγιωσύνην</span> <span class='ocrx_word' id='word_1_43' title='bbox 1432 791 1478 831; x_wconf 92' lang='grc' dir='ltr'>σου</span> <span class='ocrx_word' id='word_1_44' title='bbox 1500 771 1540 830; x_wconf 77' lang='grc' dir='ltr'>διὰ</span> 
     </span>
     <span class='ocr_line' id='line_1_5' title="bbox 252 891 1538 976; baseline -0.005 -20"><span class='ocrx_word' id='word_1_45' title='bbox 252 902 359 976; x_wconf 80' lang='grc' dir='ltr'>γραφῆς</span> <span class='ocrx_word' id='word_1_46' title='bbox 381 917 437 975; x_wconf 92' lang='grc' dir='ltr'>σου,</span> <span class='ocrx_word' id='word_1_47' title='bbox 459 896 519 955; x_wconf 78' lang='grc' dir='ltr'>τότε</span> <span class='ocrx_word' id='word_1_48' title='bbox 543 895 677 974; x_wconf 80' lang='grc' dir='ltr'>μεγάλως</span> <span class='ocrx_word' id='word_1_49' title='bbox 698 897 832 976; x_wconf 78' lang='grc' dir='ltr'>χαίρομαι</span> <span class='ocrx_word' id='word_1_50' title='bbox 852 893 899 954; x_wconf 87' lang='grc' dir='ltr'>καὶ</span> <span class='ocrx_word' id='word_1_51' title='bbox 922 894 1106 976; x_wconf 79' lang='grc' dir='ltr'>εύφραίνομαι,</span> <span class='ocrx_word' id='word_1_52' title='bbox 1137 894 1342 970; x_wconf 81' lang='grc' dir='ltr'>λανθανὸμενος</span> <span class='ocrx_word' id='word_1_53' title='bbox 1369 891 1415 952; x_wconf 90' lang='grc' dir='ltr'>καί</span> <span class='ocrx_word' id='word_1_54' title='bbox 1442 891 1476 951; x_wconf 80' lang='grc' dir='ltr'>τά</span> <span class='ocrx_word' id='word_1_55' title='bbox 1501 893 1538 951; x_wconf 85' lang='grc' dir='ltr'>ἐπ’</span> 
     </span>
     <span class='ocr_line' id='line_1_6' title="bbox 253 1012 1539 1102; baseline -0.002 -26"><span class='ocrx_word' id='word_1_56' title='bbox 253 1015 315 1093; x_wconf 82' lang='grc' dir='ltr'>ἐμοὶ</span> <span class='ocrx_word' id='word_1_57' title='bbox 330 1017 444 1097; x_wconf 83' lang='grc' dir='ltr'>θλιβερίι</span> <span class='ocrx_word' id='word_1_58' title='bbox 461 1019 574 1078; x_wconf 77' lang='grc' dir='ltr'>ἅπαντα.</span> <span class='ocrx_word' id='word_1_59' title='bbox 600 1012 674 1101; x_wconf 78' lang='grc' dir='ltr'>[ὅταν</span> <span class='ocrx_word' id='word_1_60' title='bbox 691 1012 732 1102; x_wconf 79' lang='grc' dir='ltr'>δὲ]</span> <span class='ocrx_word' id='word_1_61' title='bbox 747 1017 831 1076; x_wconf 85' lang='grc' dir='ltr'>πάλιν</span> <span class='ocrx_word' id='word_1_62' title='bbox 854 1017 967 1097; x_wconf 81' lang='grc' dir='ltr'>ἁργήσω</span> <span class='ocrx_word' id='word_1_63' title='bbox 988 1021 1034 1076; x_wconf 89' lang='grc' dir='ltr'>τοῦ</span> <span class='ocrx_word' id='word_1_64' title='bbox 1057 1016 1153 1090; x_wconf 88' lang='grc' dir='ltr'>μαθεῖν</span> <span class='ocrx_word' id='word_1_65' title='bbox 1176 1017 1228 1076; x_wconf 73' lang='grc' dir='ltr'>ἀπὸ</span> <span class='ocrx_word' id='word_1_66' title='bbox 1250 1022 1300 1092; x_wconf 79' lang='grc' dir='ltr'>τῆς</span> <span class='ocrx_word' id='word_1_67' title='bbox 1323 1015 1475 1093; x_wconf 71' lang='grc' dir='ltr'>ἁγιωσύνης</span> <span class='ocrx_word' id='word_1_68' title='bbox 1489 1035 1539 1092; x_wconf 88' lang='grc' dir='ltr'>σου,</span> 
     </span>
     <span class='ocr_line' id='line_1_7' title="bbox 253 1137 1569 1218; baseline -0.002 -20"><span class='ocrx_word' id='word_1_69' title='bbox 253 1141 313 1199; x_wconf 83' lang='grc' dir='ltr'>τότε</span> <span class='ocrx_word' id='word_1_70' title='bbox 336 1139 407 1215; x_wconf 86' lang='grc' dir='ltr'>λύπη</span> <span class='ocrx_word' id='word_1_71' title='bbox 431 1140 634 1218; x_wconf 80' lang='grc' dir='ltr'>ἁπαραμυθήτῳ</span> <span class='ocrx_word' id='word_1_72' title='bbox 659 1139 807 1216; x_wconf 84' lang='grc' dir='ltr'>συνέχομαι</span> <span class='ocrx_word' id='word_1_73' title='bbox 834 1137 880 1197; x_wconf 87' lang='grc' dir='ltr'>καὶ</span> <span class='ocrx_word' id='word_1_74' title='bbox 910 1137 954 1197; x_wconf 78' lang='grc' dir='ltr'>διὰ</span> <span class='ocrx_word' id='word_1_75' title='bbox 981 1143 1034 1197; x_wconf 89' lang='grc' dir='ltr'>τῶν</span> <span class='ocrx_word' id='word_1_76' title='bbox 1061 1139 1146 1216; x_wconf 86' lang='grc' dir='ltr'>ἁγίων</span> <span class='ocrx_word' id='word_1_77' title='bbox 1171 1140 1259 1216; x_wconf 84' lang='grc' dir='ltr'>εθχῶν</span> <span class='ocrx_word' id='word_1_78' title='bbox 1283 1157 1338 1215; x_wconf 90' lang='grc' dir='ltr'>σου,</span> <span class='ocrx_word' id='word_1_79' title='bbox 1363 1137 1396 1209; x_wconf 85' lang='grc' dir='ltr'>ἁς</span> <span class='ocrx_word' id='word_1_80' title='bbox 1419 1137 1538 1211; x_wconf 78' lang='grc' dir='ltr'>μανθάνω</span> <span class='ocrx_word' id='word_1_81' title='bbox 1568 1169 1569 1174; x_wconf 43' lang='lat'>1</span> 
     </span>
     <span class='ocr_line' id='line_1_8' title="bbox 253 1259 1539 1339; baseline -0.003 -19"><span class='ocrx_word' id='word_1_82' title='bbox 253 1261 356 1336; x_wconf 76' lang='grc' dir='ltr'>ἕκτης</span> <span class='ocrx_word' id='word_1_83' title='bbox 379 1263 530 1339; x_wconf 75' lang='grc' dir='ltr'>ἁγιωσύνης</span> <span class='ocrx_word' id='word_1_84' title='bbox 553 1283 599 1322; x_wconf 90' lang='grc' dir='ltr'>σου</span> <span class='ocrx_word' id='word_1_85' title='bbox 625 1265 671 1320; x_wconf 88' lang='grc' dir='ltr'>τοῦ</span> <span class='ocrx_word' id='word_1_86' title='bbox 693 1261 824 1338; x_wconf 73' lang='grc' dir='ltr'>κουφίζειν</span> <span class='ocrx_word' id='word_1_87' title='bbox 847 1261 897 1330; x_wconf 82' lang='grc' dir='ltr'>τάς</span> <span class='ocrx_word' id='word_1_88' title='bbox 920 1260 1038 1336; x_wconf 86' lang='grc' dir='ltr'>ματαίας</span> <span class='ocrx_word' id='word_1_89' title='bbox 1064 1259 1110 1320; x_wconf 88' lang='grc' dir='ltr'>καί</span> <span class='ocrx_word' id='word_1_90' title='bbox 1133 1259 1267 1334; x_wconf 77' lang='grc' dir='ltr'>κοσμικὰς</span> <span class='ocrx_word' id='word_1_91' title='bbox 1289 1259 1405 1336; x_wconf 88' lang='grc' dir='ltr'>θλίψεις.</span> <span class='ocrx_word' id='word_1_92' title='bbox 1433 1259 1479 1318; x_wconf 88' lang='grc' dir='ltr'>καὶ</span> <span class='ocrx_word' id='word_1_93' title='bbox 1501 1259 1539 1318; x_wconf 77' lang='grc' dir='ltr'>διά</span> 
     </span>
     <span class='ocr_line' id='line_1_9' title="bbox 253 1381 1539 1464; baseline -0.005 -20"><span class='ocrx_word' id='word_1_94' title='bbox 253 1386 298 1444; x_wconf 76' lang='grc' dir='ltr'>τὸν</span> <span class='ocrx_word' id='word_1_95' title='bbox 318 1383 380 1444; x_wconf 72' lang='grc' dir='ltr'>θεὸν</span> <span class='ocrx_word' id='word_1_96' title='bbox 401 1384 439 1459; x_wconf 83' lang='grc' dir='ltr'>μὴ</span> <span class='ocrx_word' id='word_1_97' title='bbox 457 1384 636 1444; x_wconf 81' lang='grc' dir='ltr'>ἐπιλανθάνσυ</span> <span class='ocrx_word' id='word_1_98' title='bbox 656 1389 705 1458; x_wconf 80' lang='grc' dir='ltr'>τῖγς</span> <span class='ocrx_word' id='word_1_99' title='bbox 728 1383 867 1462; x_wconf 80' lang='grc' dir='ltr'>πτωχείας</span> <span class='ocrx_word' id='word_1_100' title='bbox 882 1385 971 1458; x_wconf 83' lang='grc' dir='ltr'>ἡμῶν.</span> <span class='ocrx_word' id='word_1_101' title='bbox 996 1383 1064 1442; x_wconf 87' lang='grc' dir='ltr'>έστω</span> <span class='ocrx_word' id='word_1_102' title='bbox 1088 1381 1119 1442; x_wconf 82' lang='grc' dir='ltr'>δέ</span> <span class='ocrx_word' id='word_1_103' title='bbox 1141 1384 1262 1459; x_wconf 71' lang='grc' dir='ltr'>γνωστὸν</span> <span class='ocrx_word' id='word_1_104' title='bbox 1284 1388 1318 1464; x_wconf 80' lang='grc' dir='ltr'>τῇ</span> <span class='ocrx_word' id='word_1_105' title='bbox 1341 1383 1477 1461; x_wconf 78' lang='grc' dir='ltr'>ἁγιωσύνῃ</span> <span class='ocrx_word' id='word_1_106' title='bbox 1498 1401 1539 1439; x_wconf 87' lang='grc' dir='ltr'>σου</span> 
     </span>
     <span class='ocr_line' id='line_1_10' title="bbox 251 1503 1539 1586; baseline -0.005 -20"><span class='ocrx_word' id='word_1_107' title='bbox 251 1504 313 1586; x_wconf 81' lang='grc' dir='ltr'>περὶ</span> <span class='ocrx_word' id='word_1_108' title='bbox 331 1527 385 1566; x_wconf 88' lang='grc' dir='ltr'>των</span> <span class='ocrx_word' id='word_1_109' title='bbox 408 1505 619 1581; x_wconf 80' lang='grc' dir='ltr'>συμβαινόντων.</span> <span class='ocrx_word' id='word_1_110' title='bbox 648 1507 663 1563; x_wconf 82' lang='grc' dir='ltr'>ἁ</span> <span class='ocrx_word' id='word_1_111' title='bbox 687 1506 815 1580; x_wconf 81' lang='grc' dir='ltr'>ούθένπης</span> <span class='ocrx_word' id='word_1_112' title='bbox 836 1506 916 1582; x_wconf 80' lang='grc' dir='ltr'>ἡμῶν</span> <span class='ocrx_word' id='word_1_113' title='bbox 939 1507 953 1564; x_wconf 80' lang='grc' dir='ltr'>ὁ</span> <span class='ocrx_word' id='word_1_114' title='bbox 977 1503 1106 1579; x_wconf 80' lang='grc' dir='ltr'>βασιλεὺς</span> <span class='ocrx_word' id='word_1_115' title='bbox 1129 1505 1144 1561; x_wconf 81' lang='grc' dir='ltr'>ὁ</span> <span class='ocrx_word' id='word_1_116' title='bbox 1167 1505 1245 1582; x_wconf 83' lang='grc' dir='ltr'>άγιος</span> <span class='ocrx_word' id='word_1_117' title='bbox 1267 1509 1300 1582; x_wconf 78' lang='grc' dir='ltr'>τῇ</span> <span class='ocrx_word' id='word_1_118' title='bbox 1322 1506 1369 1563; x_wconf 85' lang='grc' dir='ltr'>τοῦ</span> <span class='ocrx_word' id='word_1_119' title='bbox 1390 1503 1455 1562; x_wconf 84' lang='grc' dir='ltr'>θεοῦ</span> <span class='ocrx_word' id='word_1_120' title='bbox 1476 1522 1539 1581; x_wconf 81' lang='grc' dir='ltr'>κρα-</span> 
     </span>
    </p>
   </div>
   <div class='ocr_carea' id='block_1_3' title="bbox 142 1619 1540 1710">
    <p class='ocr_par' dir='ltr' id='par_1_3' title="bbox 142 1619 1540 1710">
     <span class='ocr_line' id='line_1_11' title="bbox 142 1619 1540 1710; baseline -0.003 -23"><span class='ocrx_word' id='word_1_121' title='bbox 142 1629 145 1641; x_wconf 83' lang='grc'><em>’</em></span> <span class='ocrx_word' id='word_1_122' title='bbox 252 1628 315 1710; x_wconf 83' lang='grc' dir='ltr'>ταιᾷ</span> <span class='ocrx_word' id='word_1_123' title='bbox 333 1626 405 1708; x_wconf 87' lang='grc' dir='ltr'>χειρί</span> <span class='ocrx_word' id='word_1_124' title='bbox 424 1629 469 1687; x_wconf 78' lang='grc' dir='ltr'>τον</span> <span class='ocrx_word' id='word_1_125' title='bbox 491 1633 540 1702; x_wconf 83' lang='grc' dir='ltr'>τῆς</span> <span class='ocrx_word' id='word_1_126' title='bbox 564 1627 666 1696; x_wconf 85' lang='grc' dir='ltr'>δύσεως</span> <span class='ocrx_word' id='word_1_127' title='bbox 690 1627 860 1707; x_wconf 88' lang='grc' dir='ltr'>έτροπῶσατο</span> <span class='ocrx_word' id='word_1_128' title='bbox 882 1629 971 1688; x_wconf 89' lang='grc' dir='ltr'>πάντα</span> <span class='ocrx_word' id='word_1_129' title='bbox 994 1625 1092 1706; x_wconf 72' lang='grc' dir='ltr'>ἐχθράν</span> <span class='ocrx_word' id='word_1_130' title='bbox 1115 1623 1161 1686; x_wconf 85' lang='grc' dir='ltr'>καί</span> <span class='ocrx_word' id='word_1_131' title='bbox 1182 1625 1318 1700; x_wconf 87' lang='grc' dir='ltr'>πολέμιον</span> <span class='ocrx_word' id='word_1_132' title='bbox 1339 1619 1387 1684; x_wconf 85' lang='grc' dir='ltr'>καί</span> <span class='ocrx_word' id='word_1_133' title='bbox 1409 1625 1540 1684; x_wconf 84' lang='grc' dir='ltr'>ἀπεκατέ-</span> 
     </span>
    </p>
   </div>
   <div class='ocr_carea' id='block_1_4' title="bbox 252 1747 1569 3168">
    <p class='ocr_par' dir='ltr' id='par_1_4' title="bbox 252 1747 1569 3168">
     <span class='ocr_line' id='line_1_12' title="bbox 253 1747 1540 1830; baseline -0.002 -21"><span class='ocrx_word' id='word_1_134' title='bbox 253 1769 349 1824; x_wconf 87' lang='grc' dir='ltr'>στησεν</span> <span class='ocrx_word' id='word_1_135' title='bbox 382 1748 491 1830; x_wconf 74' lang='grc' dir='ltr'>εἰρήνην</span> <span class='ocrx_word' id='word_1_136' title='bbox 518 1749 631 1823; x_wconf 79' lang='grc' dir='ltr'>βαθεῖαν</span> <span class='ocrx_word' id='word_1_137' title='bbox 658 1752 780 1825; x_wconf 81' lang='grc' dir='ltr'>μετάτε</span> <span class='ocrx_word' id='word_1_138' title='bbox 806 1753 852 1808; x_wconf 89' lang='grc' dir='ltr'>τοῦ</span> <span class='ocrx_word' id='word_1_139' title='bbox 875 1748 973 1823; x_wconf 80' lang='grc' dir='ltr'>Ἀσὰνη</span> <span class='ocrx_word' id='word_1_140' title='bbox 1000 1747 1113 1808; x_wconf 86' lang='grc' dir='ltr'>καὶτοῦ</span> <span class='ocrx_word' id='word_1_141' title='bbox 1136 1749 1317 1827; x_wconf 89' lang='grc' dir='ltr'>συμπενθεροῦ</span> <span class='ocrx_word' id='word_1_142' title='bbox 1340 1749 1429 1808; x_wconf 75' lang='grc' dir='ltr'>αὐτοῦ.</span> <span class='ocrx_word' id='word_1_143' title='bbox 1457 1747 1540 1822; x_wconf 83' lang='grc' dir='ltr'>ἐπλη-</span> 
     </span>
     <span class='ocr_line' id='line_1_13' title="bbox 253 1841 1541 1952; baseline -0.006 -20"><span class='ocrx_word' id='word_1_144' title='bbox 253 1871 326 1950; x_wconf 85' lang='grc' dir='ltr'>ρύθη</span> <span class='ocrx_word' id='word_1_145' title='bbox 346 1873 410 1952; x_wconf 87' lang='grc' dir='ltr'>γάρ,</span> <span class='ocrx_word' id='word_1_146' title='bbox 431 1873 470 1944; x_wconf 83' lang='grc' dir='ltr'>ὡς</span> <span class='ocrx_word' id='word_1_147' title='bbox 493 1871 642 1950; x_wconf 83' lang='grc' dir='ltr'>ἐμάθομεν,</span> <span class='ocrx_word' id='word_1_148' title='bbox 664 1869 711 1931; x_wconf 86' lang='grc' dir='ltr'>καὶ</span> <span class='ocrx_word' id='word_1_149' title='bbox 734 1872 749 1930; x_wconf 83' lang='grc' dir='ltr'>ὁ</span> <span class='ocrx_word' id='word_1_150' title='bbox 771 1873 871 1950; x_wconf 90' lang='grc' dir='ltr'>γάμος,</span> <span class='ocrx_word' id='word_1_151' title='bbox 897 1870 974 1930; x_wconf 81' lang='grc' dir='ltr'>ἀλλὰ</span> <span class='ocrx_word' id='word_1_152' title='bbox 997 1871 1032 1946; x_wconf 78' lang='grc' dir='ltr'>δὴ</span> <span class='ocrx_word' id='word_1_153' title='bbox 1054 1868 1101 1931; x_wconf 90' lang='grc' dir='ltr'>καί</span> <span class='ocrx_word' id='word_1_154' title='bbox 1123 1872 1227 1950; x_wconf 87' lang='grc' dir='ltr'>κάστρα</span> <span class='ocrx_word' id='word_1_155' title='bbox 1249 1841 1367 1930; x_wconf 81' lang='grc' dir='ltr'>ἀπέδοτο</span> <span class='ocrx_word' id='word_1_156' title='bbox 1389 1870 1404 1926; x_wconf 84' lang='grc' dir='ltr'>ά</span> <span class='ocrx_word' id='word_1_157' title='bbox 1426 1887 1541 1944; x_wconf 84' lang='grc' dir='ltr'>συμπεν-</span> 
     </span>
     <span class='ocr_line' id='line_1_14' title="bbox 253 1987 1541 2073; baseline -0.004 -21"><span class='ocrx_word' id='word_1_158' title='bbox 253 1991 332 2072; x_wconf 76' lang='grc' dir='ltr'>θερὰς</span> <span class='ocrx_word' id='word_1_159' title='bbox 358 1991 425 2073; x_wconf 71' lang='grc' dir='ltr'>πρὸς</span> <span class='ocrx_word' id='word_1_160' title='bbox 452 1993 496 2052; x_wconf 74' lang='grc' dir='ltr'>τὸν</span> <span class='ocrx_word' id='word_1_161' title='bbox 519 1993 648 2066; x_wconf 84' lang='grc' dir='ltr'>αῦθέντην</span> <span class='ocrx_word' id='word_1_162' title='bbox 670 1993 749 2067; x_wconf 78' lang='grc' dir='ltr'>ἡμῶν</span> <span class='ocrx_word' id='word_1_163' title='bbox 772 1994 817 2052; x_wconf 72' lang='grc' dir='ltr'>τὸν</span> <span class='ocrx_word' id='word_1_164' title='bbox 840 1993 958 2068; x_wconf 81' lang='grc' dir='ltr'>βασιλέα</span> <span class='ocrx_word' id='word_1_165' title='bbox 979 1995 1025 2052; x_wconf 75' lang='grc' dir='ltr'>τὀν</span> <span class='ocrx_word' id='word_1_166' title='bbox 1048 1993 1135 2071; x_wconf 74' lang='grc' dir='ltr'>ἅγιον,</span> <span class='ocrx_word' id='word_1_167' title='bbox 1158 1992 1188 2051; x_wconf 81' lang='grc' dir='ltr'>τά</span> <span class='ocrx_word' id='word_1_168' title='bbox 1210 2011 1241 2050; x_wconf 91' lang='grc' dir='ltr'>τε</span> <span class='ocrx_word' id='word_1_169' title='bbox 1260 1992 1379 2072; x_wconf 87' lang='grc' dir='ltr'>Δυράχιν</span> <span class='ocrx_word' id='word_1_170' title='bbox 1401 1987 1449 2050; x_wconf 87' lang='grc' dir='ltr'>καὶ</span> <span class='ocrx_word' id='word_1_171' title='bbox 1471 1989 1541 2050; x_wconf 83' lang='grc' dir='ltr'>ἅλλα</span> 
     </span>
     <span class='ocr_line' id='line_1_15' title="bbox 252 2109 1541 2198; baseline -0.001 -25"><span class='ocrx_word' id='word_1_172' title='bbox 252 2116 355 2194; x_wconf 88' lang='grc' dir='ltr'>κάστρα</span> <span class='ocrx_word' id='word_1_173' title='bbox 375 2109 509 2198; x_wconf 86' lang='grc' dir='ltr'>μεγ[άλα,</span> <span class='ocrx_word' id='word_1_174' title='bbox 529 2112 576 2173; x_wconf 87' lang='grc' dir='ltr'>καὶ</span> <span class='ocrx_word' id='word_1_175' title='bbox 600 2110 667 2198; x_wconf 83' lang='grc' dir='ltr'>νῦν],</span> <span class='ocrx_word' id='word_1_176' title='bbox 690 2115 729 2184; x_wconf 86' lang='grc' dir='ltr'>ῶς</span> <span class='ocrx_word' id='word_1_177' title='bbox 752 2115 935 2190; x_wconf 81' lang='grc' dir='ltr'>μανθάνομεν,</span> <span class='ocrx_word' id='word_1_178' title='bbox 960 2113 1070 2193; x_wconf 80' lang='grc' dir='ltr'>ἔρχεται</span> <span class='ocrx_word' id='word_1_179' title='bbox 1092 2113 1146 2172; x_wconf 84' lang='grc' dir='ltr'>τῶν</span> <span class='ocrx_word' id='word_1_180' title='bbox 1171 2114 1293 2173; x_wconf 83' lang='grc' dir='ltr'>ἐνταῦθα.</span> <span class='ocrx_word' id='word_1_181' title='bbox 1317 2113 1333 2171; x_wconf 79' lang='grc' dir='ltr'>ὁ</span> <span class='ocrx_word' id='word_1_182' title='bbox 1355 2111 1387 2173; x_wconf 81' lang='grc' dir='ltr'>δὲ</span> <span class='ocrx_word' id='word_1_183' title='bbox 1410 2119 1541 2193; x_wconf 85' lang='grc' dir='ltr'>συρττῖνσς,</span> 
     </span>
     <span class='ocr_line' id='line_1_16' title="bbox 253 2233 1540 2316; baseline -0.004 -20"><span class='ocrx_word' id='word_1_184' title='bbox 253 2237 292 2307; x_wconf 85' lang='grc' dir='ltr'>ὡς</span> <span class='ocrx_word' id='word_1_185' title='bbox 314 2235 464 2315; x_wconf 81' lang='grc' dir='ltr'>ἐμάθομεν,</span> <span class='ocrx_word' id='word_1_186' title='bbox 488 2235 599 2311; x_wconf 84' lang='grc' dir='ltr'>ἐνικήθη</span> <span class='ocrx_word' id='word_1_187' title='bbox 622 2236 695 2315; x_wconf 83' lang='grc' dir='ltr'>παρὰ</span> <span class='ocrx_word' id='word_1_188' title='bbox 718 2240 771 2294; x_wconf 89' lang='grc' dir='ltr'>τῶν</span> <span class='ocrx_word' id='word_1_189' title='bbox 794 2234 964 2316; x_wconf 90' lang='grc' dir='ltr'>Ταρταρίων,</span> <span class='ocrx_word' id='word_1_190' title='bbox 992 2233 1039 2296; x_wconf 83' lang='grc' dir='ltr'>καί</span> <span class='ocrx_word' id='word_1_191' title='bbox 1062 2236 1196 2314; x_wconf 79' lang='grc' dir='ltr'>ἀπέφυγεν</span> <span class='ocrx_word' id='word_1_192' title='bbox 1225 2233 1265 2306; x_wconf 86' lang='grc' dir='ltr'>εἰς</span> <span class='ocrx_word' id='word_1_193' title='bbox 1287 2237 1317 2294; x_wconf 80' lang='grc' dir='ltr'>τ“ο</span> <span class='ocrx_word' id='word_1_194' title='bbox 1340 2234 1427 2295; x_wconf 83' lang='grc' dir='ltr'>Καλ.</span> <span class='ocrx_word' id='word_1_195' title='bbox 1446 2283 1452 2296; x_wconf 91' lang='grc'><strong>.</strong></span> <span class='ocrx_word' id='word_1_196' title='bbox 1470 2254 1540 2314; x_wconf 83' lang='grc' dir='ltr'>,ρος</span> 
     </span>
     <span class='ocr_line' id='line_1_17' title="bbox 253 2353 1543 2437; baseline -0.002 -22"><span class='ocrx_word' id='word_1_197' title='bbox 253 2358 268 2415; x_wconf 79' lang='grc' dir='ltr'><strong>ὁ</strong></span> <span class='ocrx_word' id='word_1_198' title='bbox 295 2355 326 2416; x_wconf 79' lang='grc' dir='ltr'>δὲ</span> <span class='ocrx_word' id='word_1_199' title='bbox 355 2361 430 2436; x_wconf 85' lang='grc' dir='ltr'>κῦρις</span> <span class='ocrx_word' id='word_1_200' title='bbox 458 2357 578 2435; x_wconf 87' lang='grc' dir='ltr'>Μιχαὴλ</span> <span class='ocrx_word' id='word_1_201' title='bbox 604 2359 620 2416; x_wconf 82' lang='grc' dir='ltr'>ύ</span> <span class='ocrx_word' id='word_1_202' title='bbox 648 2357 845 2436; x_wconf 87' lang='grc' dir='ltr'>Παλαιολάγος</span> <span class='ocrx_word' id='word_1_203' title='bbox 873 2359 969 2436; x_wconf 82' lang='grc' dir='ltr'>ἔφυγεν</span> <span class='ocrx_word' id='word_1_204' title='bbox 998 2356 1046 2416; x_wconf 86' lang='grc' dir='ltr'>καὶ</span> <span class='ocrx_word' id='word_1_205' title='bbox 1076 2353 1183 2436; x_wconf 78' lang='grc' dir='ltr'>ἁπηγεν</span> <span class='ocrx_word' id='word_1_206' title='bbox 1210 2355 1250 2428; x_wconf 86' lang='grc' dir='ltr'>είς</span> <span class='ocrx_word' id='word_1_207' title='bbox 1272 2358 1317 2416; x_wconf 74' lang='grc' dir='ltr'>τὸν</span> <span class='ocrx_word' id='word_1_208' title='bbox 1340 2361 1477 2437; x_wconf 83' lang='grc' dir='ltr'>συρτὰνον,</span> <span class='ocrx_word' id='word_1_209' title='bbox 1500 2353 1543 2416; x_wconf 83' lang='grc' dir='ltr'>καί</span> 
     </span>
     <span class='ocr_line' id='line_1_18' title="bbox 254 2475 1541 2564; baseline 0 -26"><span class='ocrx_word' id='word_1_210' title='bbox 254 2478 350 2560; x_wconf 79' lang='grc' dir='ltr'>εὑρέθη</span> <span class='ocrx_word' id='word_1_211' title='bbox 378 2477 418 2550; x_wconf 87' lang='grc' dir='ltr'>είς</span> <span class='ocrx_word' id='word_1_212' title='bbox 444 2479 490 2538; x_wconf 74' lang='grc' dir='ltr'>τον</span> <span class='ocrx_word' id='word_1_213' title='bbox 517 2478 649 2555; x_wconf 82' lang='grc' dir='ltr'>πόλεμον.</span> <span class='ocrx_word' id='word_1_214' title='bbox 679 2485 733 2538; x_wconf 90' lang='grc' dir='ltr'>τῶν</span> <span class='ocrx_word' id='word_1_215' title='bbox 756 2475 928 2564; x_wconf 82' lang='grc' dir='ltr'>Ταρ[τά]ρων</span> <span class='ocrx_word' id='word_1_216' title='bbox 955 2480 1015 2560; x_wconf 91' lang='grc' dir='ltr'>καί,</span> <span class='ocrx_word' id='word_1_217' title='bbox 1043 2481 1082 2552; x_wconf 88' lang='grc' dir='ltr'>ὡς</span> <span class='ocrx_word' id='word_1_218' title='bbox 1104 2479 1215 2560; x_wconf 89' lang='grc' dir='ltr'>λέγσυν,</span> <span class='ocrx_word' id='word_1_219' title='bbox 1240 2477 1369 2554; x_wconf 79' lang='grc' dir='ltr'>ἐποίησάν</span> <span class='ocrx_word' id='word_1_220' title='bbox 1391 2499 1439 2539; x_wconf 92' lang='grc' dir='ltr'>τον</span> <span class='ocrx_word' id='word_1_221' title='bbox 1461 2499 1541 2556; x_wconf 86' lang='grc' dir='ltr'>κεφα-</span> 
     </span>
     <span class='ocr_line' id='line_1_19' title="bbox 253 2599 1542 2680; baseline 0 -20"><span class='ocrx_word' id='word_1_222' title='bbox 253 2601 307 2675; x_wconf 83' lang='grc' dir='ltr'>λὴν</span> <span class='ocrx_word' id='word_1_223' title='bbox 334 2599 375 2672; x_wconf 93' lang='grc' dir='ltr'>είς</span> <span class='ocrx_word' id='word_1_224' title='bbox 401 2601 432 2660; x_wconf 76' lang='grc' dir='ltr'>τὸ</span> <span class='ocrx_word' id='word_1_225' title='bbox 459 2600 597 2678; x_wconf 75' lang='grc' dir='ltr'>ῥωμαϊκον</span> <span class='ocrx_word' id='word_1_226' title='bbox 625 2603 655 2660; x_wconf 80' lang='grc' dir='ltr'>τ“ο</span> <span class='ocrx_word' id='word_1_227' title='bbox 677 2603 810 2680; x_wconf 86' lang='grc' dir='ltr'>φωσάτον,</span> <span class='ocrx_word' id='word_1_228' title='bbox 838 2599 885 2661; x_wconf 87' lang='grc' dir='ltr'>καί</span> <span class='ocrx_word' id='word_1_229' title='bbox 906 2600 1046 2676; x_wconf 87' lang='grc' dir='ltr'>ἐνεπλάκη</span> <span class='ocrx_word' id='word_1_230' title='bbox 1069 2602 1115 2662; x_wconf 76' lang='grc' dir='ltr'>τὸν</span> <span class='ocrx_word' id='word_1_231' title='bbox 1135 2601 1259 2675; x_wconf 81' lang='grc' dir='ltr'>πόλεμον</span> <span class='ocrx_word' id='word_1_232' title='bbox 1281 2599 1328 2660; x_wconf 91' lang='grc' dir='ltr'>καὶ</span> <span class='ocrx_word' id='word_1_233' title='bbox 1351 2599 1475 2676; x_wconf 83' lang='grc' dir='ltr'>ἐνίκησεν</span> <span class='ocrx_word' id='word_1_234' title='bbox 1497 2601 1542 2660; x_wconf 81' lang='grc' dir='ltr'>αὐ-</span> 
     </span>
     <span class='ocr_line' id='line_1_20' title="bbox 254 2716 1543 2808; baseline -0.002 -26"><span class='ocrx_word' id='word_1_235' title='bbox 254 2725 310 2785; x_wconf 83' lang='grc' dir='ltr'>τάν.</span> <span class='ocrx_word' id='word_1_236' title='bbox 338 2717 398 2808; x_wconf 83' lang='grc' dir='ltr'>[ὡς]</span> <span class='ocrx_word' id='word_1_237' title='bbox 422 2722 454 2782; x_wconf 74' lang='grc' dir='ltr'>δὲ</span> <span class='ocrx_word' id='word_1_238' title='bbox 477 2716 550 2784; x_wconf 82' lang='grc' dir='ltr'>εἶδον</span> <span class='ocrx_word' id='word_1_239' title='bbox 573 2721 598 2782; x_wconf 91' lang='grc' dir='ltr'>οί</span> <span class='ocrx_word' id='word_1_240' title='bbox 620 2723 831 2803; x_wconf 81' lang='grc' dir='ltr'>μουσουλμοίνοι,</span> <span class='ocrx_word' id='word_1_241' title='bbox 861 2723 1104 2803; x_wconf 86' lang='grc' dir='ltr'>ἐπεβουλεύσαντο,</span> <span class='ocrx_word' id='word_1_242' title='bbox 1128 2722 1174 2782; x_wconf 83' lang='grc' dir='ltr'>καί</span> <span class='ocrx_word' id='word_1_243' title='bbox 1198 2723 1223 2783; x_wconf 88' lang='grc' dir='ltr'>οί</span> <span class='ocrx_word' id='word_1_244' title='bbox 1246 2722 1297 2798; x_wconf 88' lang='grc' dir='ltr'>μὲν</span> <span class='ocrx_word' id='word_1_245' title='bbox 1319 2722 1445 2797; x_wconf 82' lang='grc' dir='ltr'>ἀπῆλθον</span> <span class='ocrx_word' id='word_1_246' title='bbox 1469 2717 1543 2807; x_wconf 74' lang='grc' dir='ltr'>[μετὰ</span> 
     </span>
     <span class='ocr_line' id='line_1_21' title="bbox 255 2839 1543 2930; baseline -0.002 -26"><span class='ocrx_word' id='word_1_247' title='bbox 255 2839 320 2930; x_wconf 88' lang='grc' dir='ltr'>τῶ]ν</span> <span class='ocrx_word' id='word_1_248' title='bbox 340 2845 482 2924; x_wconf 89' lang='grc' dir='ltr'>Τατάρων,</span> <span class='ocrx_word' id='word_1_249' title='bbox 505 2843 531 2902; x_wconf 86' lang='grc' dir='ltr'>οἱ</span> <span class='ocrx_word' id='word_1_250' title='bbox 555 2843 587 2903; x_wconf 79' lang='grc' dir='ltr'>δὲ</span> <span class='ocrx_word' id='word_1_251' title='bbox 610 2845 716 2924; x_wconf 83' lang='grc' dir='ltr'>ἔφυγον,</span> <span class='ocrx_word' id='word_1_252' title='bbox 751 2843 798 2904; x_wconf 84' lang='grc' dir='ltr'>καὶ</span> <span class='ocrx_word' id='word_1_253' title='bbox 820 2843 885 2916; x_wconf 84' lang='grc' dir='ltr'>ἴσως</span> <span class='ocrx_word' id='word_1_254' title='bbox 906 2845 999 2916; x_wconf 91' lang='grc' dir='ltr'>τούτσς</span> <span class='ocrx_word' id='word_1_255' title='bbox 1022 2846 1037 2903; x_wconf 77' lang='grc' dir='ltr'>ὁ</span> <span class='ocrx_word' id='word_1_256' title='bbox 1060 2844 1257 2922; x_wconf 81' lang='grc' dir='ltr'>Παλαιολάγος</span> <span class='ocrx_word' id='word_1_257' title='bbox 1282 2845 1377 2923; x_wconf 76' lang='grc' dir='ltr'>ἔφυγεν</span> <span class='ocrx_word' id='word_1_258' title='bbox 1400 2843 1449 2904; x_wconf 88' lang='grc' dir='ltr'>καί</span> <span class='ocrx_word' id='word_1_259' title='bbox 1471 2844 1543 2915; x_wconf 76' lang='grc' dir='ltr'>αύτῖς</span> 
     </span>
     <span class='ocr_line' id='line_1_22' title="bbox 255 2963 1569 3047; baseline -0.003 -21"><span class='ocrx_word' id='word_1_260' title='bbox 255 2964 302 3026; x_wconf 87' lang='grc' dir='ltr'>καὶ</span> <span class='ocrx_word' id='word_1_261' title='bbox 330 2964 457 3043; x_wconf 84' lang='grc' dir='ltr'>εἰσῆλθεν</span> <span class='ocrx_word' id='word_1_262' title='bbox 484 2963 524 3038; x_wconf 89' lang='grc' dir='ltr'>είς</span> <span class='ocrx_word' id='word_1_263' title='bbox 550 2967 675 3047; x_wconf 88' lang='grc' dir='ltr'>κάστρον,</span> <span class='ocrx_word' id='word_1_264' title='bbox 704 2967 742 3037; x_wconf 84' lang='grc' dir='ltr'>ῶς</span> <span class='ocrx_word' id='word_1_265' title='bbox 769 2967 879 3046; x_wconf 86' lang='grc' dir='ltr'>λέγουν,</span> <span class='ocrx_word' id='word_1_266' title='bbox 907 2963 954 3026; x_wconf 89' lang='grc' dir='ltr'>καὶ</span> <span class='ocrx_word' id='word_1_267' title='bbox 983 2965 1131 3044; x_wconf 86' lang='grc' dir='ltr'>ἐκράτησεν</span> <span class='ocrx_word' id='word_1_268' title='bbox 1159 2967 1275 3046; x_wconf 82' lang='grc' dir='ltr'>μέτοχα,</span> <span class='ocrx_word' id='word_1_269' title='bbox 1303 2967 1365 3025; x_wconf 76' lang='grc' dir='ltr'>ὅσον</span> <span class='ocrx_word' id='word_1_270' title='bbox 1393 2963 1442 3026; x_wconf 90' lang='grc' dir='ltr'>καί</span> <span class='ocrx_word' id='word_1_271' title='bbox 1472 2965 1542 3024; x_wconf 75' lang='grc' dir='ltr'>αύτὲν</span> <span class='ocrx_word' id='word_1_272' title='bbox 1568 3001 1569 3006; x_wconf 41' lang='lat'>1</span> 
     </span>
     <span class='ocr_line' id='line_1_23' title="bbox 255 3085 1569 3168; baseline -0.001 -21"><span class='ocrx_word' id='word_1_273' title='bbox 255 3085 303 3147; x_wconf 83' lang='grc' dir='ltr'>καί</span> <span class='ocrx_word' id='word_1_274' title='bbox 324 3089 372 3148; x_wconf 89' lang='grc' dir='ltr'>ούκ</span> <span class='ocrx_word' id='word_1_275' title='bbox 395 3085 580 3168; x_wconf 83' lang='grc' dir='ltr'>ἐγνωρίσαμεν</span> <span class='ocrx_word' id='word_1_276' title='bbox 603 3085 723 3168; x_wconf 82' lang='grc' dir='ltr'>ἀκριβῶς</span> <span class='ocrx_word' id='word_1_277' title='bbox 744 3085 806 3166; x_wconf 83' lang='grc' dir='ltr'>περὶ</span> <span class='ocrx_word' id='word_1_278' title='bbox 827 3093 881 3146; x_wconf 91' lang='grc' dir='ltr'>τῶν</span> <span class='ocrx_word' id='word_1_279' title='bbox 903 3088 1069 3165; x_wconf 82' lang='grc' dir='ltr'>γενομένων.</span> <span class='ocrx_word' id='word_1_280' title='bbox 1097 3085 1194 3162; x_wconf 80' lang='grc' dir='ltr'>οἱμὲν</span> <span class='ocrx_word' id='word_1_281' title='bbox 1216 3087 1353 3166; x_wconf 90' lang='grc' dir='ltr'>λέγουσιν,</span> <span class='ocrx_word' id='word_1_282' title='bbox 1377 3088 1417 3147; x_wconf 82' lang='grc' dir='ltr'>ύττ</span> <span class='ocrx_word' id='word_1_283' title='bbox 1440 3085 1542 3156; x_wconf 80' lang='grc' dir='ltr'>δικαίως</span> <span class='ocrx_word' id='word_1_284' title='bbox 1568 3089 1569 3096; x_wconf 74' lang='grc'>’</span> 
     </span>
    </p>
   </div>
   <div class='ocr_carea' id='block_1_5' title="bbox 256 3207 1542 3289">
    <p class='ocr_par' dir='ltr' id='par_1_5' title="bbox 256 3207 1542 3289">
     <span class='ocr_line' id='line_1_24' title="bbox 256 3207 1542 3289; baseline -0.003 -19"><span class='ocrx_word' id='word_1_285' title='bbox 256 3212 302 3270; x_wconf 91' lang='grc' dir='ltr'>τοῦ</span> <span class='ocrx_word' id='word_1_286' title='bbox 332 3208 452 3288; x_wconf 82' lang='grc' dir='ltr'>ἀδελφοῦ</span> <span class='ocrx_word' id='word_1_287' title='bbox 481 3212 528 3268; x_wconf 90' lang='grc' dir='ltr'>τοῦ</span> <span class='ocrx_word' id='word_1_288' title='bbox 560 3207 710 3270; x_wconf 88' lang='grc' dir='ltr'>σουλτάνου</span> <span class='ocrx_word' id='word_1_289' title='bbox 742 3211 816 3287; x_wconf 87' lang='grc' dir='ltr'>τάχα</span> <span class='ocrx_word' id='word_1_290' title='bbox 849 3212 895 3268; x_wconf 90' lang='grc' dir='ltr'>τοῦ</span> <span class='ocrx_word' id='word_1_291' title='bbox 927 3207 983 3268; x_wconf 85' lang='grc' dir='ltr'>υἱοῦ</span> <span class='ocrx_word' id='word_1_292' title='bbox 1015 3213 1064 3284; x_wconf 82' lang='grc' dir='ltr'>τῆς</span> <span class='ocrx_word' id='word_1_293' title='bbox 1091 3207 1222 3288; x_wconf 87' lang='grc' dir='ltr'>Ἣβερίας</span> <span class='ocrx_word' id='word_1_294' title='bbox 1252 3211 1472 3289; x_wconf 80' lang='grc' dir='ltr'>σφετεριζόμενον</span> <span class='ocrx_word' id='word_1_295' title='bbox 1501 3212 1542 3284; x_wconf 79' lang='grc' dir='ltr'>την</span> 
     </span>
    </p>
   </div>
   <div class='ocr_carea' id='block_1_6' title="bbox 257 3327 1540 3446">
    <p class='ocr_par' dir='ltr' id='par_1_6' title="bbox 257 3327 1540 3446">
     <span class='ocr_line' id='line_1_25' title="bbox 257 3327 1540 3412; baseline -0.001 -22"><span class='ocrx_word' id='word_1_296' title='bbox 257 3330 345 3410; x_wconf 80' lang='grc' dir='ltr'>ἀρχὴν</span> <span class='ocrx_word' id='word_1_297' title='bbox 367 3331 494 3390; x_wconf 85' lang='grc' dir='ltr'>ποιώσειν</span> <span class='ocrx_word' id='word_1_298' title='bbox 515 3333 599 3390; x_wconf 88' lang='grc' dir='ltr'>ταῦτα</span> <span class='ocrx_word' id='word_1_299' title='bbox 621 3330 645 3390; x_wconf 88' lang='grc' dir='ltr'>οἱ</span> <span class='ocrx_word' id='word_1_300' title='bbox 668 3331 824 3412; x_wconf 88' lang='grc' dir='ltr'>Ταρτὰριοι,</span> <span class='ocrx_word' id='word_1_301' title='bbox 857 3330 882 3390; x_wconf 90' lang='grc' dir='ltr'>σί</span> <span class='ocrx_word' id='word_1_302' title='bbox 909 3329 949 3410; x_wconf 81' lang='grc' dir='ltr'>δέ,</span> <span class='ocrx_word' id='word_1_303' title='bbox 973 3333 1012 3390; x_wconf 83' lang='grc' dir='ltr'>ὅτι</span> <span class='ocrx_word' id='word_1_304' title='bbox 1036 3327 1067 3402; x_wconf 77' lang='grc' dir='ltr'>ἐξ</span> <span class='ocrx_word' id='word_1_305' title='bbox 1089 3333 1199 3412; x_wconf 79' lang='grc' dir='ltr'>ὁρισμοῦ</span> <span class='ocrx_word' id='word_1_306' title='bbox 1223 3335 1267 3391; x_wconf 90' lang='grc' dir='ltr'>τοῦ</span> <span class='ocrx_word' id='word_1_307' title='bbox 1290 3332 1417 3410; x_wconf 81' lang='grc' dir='ltr'>μεγάλου</span> <span class='ocrx_word' id='word_1_308' title='bbox 1438 3333 1540 3412; x_wconf 86' lang='grc' dir='ltr'>Τάταρη</span> 
     </span>
     <span class='ocr_line' id='line_1_26' title="bbox 298 3423 325 3446; baseline 0 0"><span class='ocrx_word' id='word_1_309' title='bbox 298 3423 325 3446; x_wconf 74' lang='lat' dir='ltr'><em>s</em></span> 
     </span>
    </p>
   </div>
   <div class='ocr_carea' id='block_1_7' title="bbox 225 3448 1541 4750">
    <p class='ocr_par' dir='ltr' id='par_1_7' title="bbox 225 3448 1541 4750">
     <span class='ocr_line' id='line_1_27' title="bbox 257 3448 1541 3531; baseline 0.001 -21"><span class='ocrx_word' id='word_1_310' title='bbox 257 3452 415 3526; x_wconf 83' lang='grc' dir='ltr'>μετέπεισεν</span> <span class='ocrx_word' id='word_1_311' title='bbox 449 3452 528 3510; x_wconf 78' lang='grc' dir='ltr'>αύτον</span> <span class='ocrx_word' id='word_1_312' title='bbox 561 3451 607 3510; x_wconf 89' lang='grc' dir='ltr'>καὶ</span> <span class='ocrx_word' id='word_1_313' title='bbox 636 3448 722 3528; x_wconf 77' lang='grc' dir='ltr'>ἦλθεν</span> <span class='ocrx_word' id='word_1_314' title='bbox 753 3450 792 3524; x_wconf 88' lang='grc' dir='ltr'>εἰς</span> <span class='ocrx_word' id='word_1_315' title='bbox 821 3449 971 3531; x_wconf 86' lang='grc' dir='ltr'>Τουρκίαν,</span> <span class='ocrx_word' id='word_1_316' title='bbox 1005 3450 1052 3511; x_wconf 85' lang='grc' dir='ltr'>καὶ</span> <span class='ocrx_word' id='word_1_317' title='bbox 1083 3451 1122 3523; x_wconf 85' lang='grc' dir='ltr'>εἰς</span> <span class='ocrx_word' id='word_1_318' title='bbox 1152 3454 1197 3512; x_wconf 75' lang='grc' dir='ltr'>τὀν</span> <span class='ocrx_word' id='word_1_319' title='bbox 1228 3455 1310 3513; x_wconf 85' lang='grc' dir='ltr'>τύπον</span> <span class='ocrx_word' id='word_1_320' title='bbox 1341 3453 1423 3514; x_wconf 78' lang='grc' dir='ltr'>αὺτοῦ</span> <span class='ocrx_word' id='word_1_321' title='bbox 1456 3455 1541 3513; x_wconf 83' lang='grc' dir='ltr'>ἔθεσιν</span> 
     </span>
     <span class='ocr_line' id='line_1_28' title="bbox 225 3571 1541 3656; baseline -0.001 -24"><span class='ocrx_word' id='word_1_322' title='bbox 225 3583 227 3588; x_wconf 86' lang='grc'><strong>“</strong></span> <span class='ocrx_word' id='word_1_323' title='bbox 258 3573 356 3634; x_wconf 80' lang='grc' dir='ltr'>ἄλλον.</span> <span class='ocrx_word' id='word_1_324' title='bbox 385 3571 431 3632; x_wconf 87' lang='grc' dir='ltr'>καὶ</span> <span class='ocrx_word' id='word_1_325' title='bbox 455 3571 520 3633; x_wconf 84' lang='grc' dir='ltr'>εἰσίν</span> <span class='ocrx_word' id='word_1_326' title='bbox 547 3574 580 3634; x_wconf 81' lang='grc' dir='ltr'>τά</span> <span class='ocrx_word' id='word_1_327' title='bbox 605 3572 753 3654; x_wconf 86' lang='grc' dir='ltr'>πράγματα</span> <span class='ocrx_word' id='word_1_328' title='bbox 775 3576 858 3646; x_wconf 89' lang='grc' dir='ltr'>ούτως</span> <span class='ocrx_word' id='word_1_329' title='bbox 889 3576 1089 3655; x_wconf 82' lang='grc' dir='ltr'>τεταραγμένα,</span> <span class='ocrx_word' id='word_1_330' title='bbox 1119 3573 1166 3634; x_wconf 85' lang='grc' dir='ltr'>καὶ</span> <span class='ocrx_word' id='word_1_331' title='bbox 1197 3573 1289 3656; x_wconf 84' lang='grc' dir='ltr'>τύχον,</span> <span class='ocrx_word' id='word_1_332' title='bbox 1321 3577 1395 3648; x_wconf 75' lang='grc' dir='ltr'>ὅπως</span> <span class='ocrx_word' id='word_1_333' title='bbox 1423 3574 1468 3636; x_wconf 84' lang='grc' dir='ltr'>διὰ</span> <span class='ocrx_word' id='word_1_334' title='bbox 1494 3575 1541 3634; x_wconf 84' lang='grc' dir='ltr'>τῶν</span> 
     </span>
     <span class='ocr_line' id='line_1_29' title="bbox 258 3693 1541 3776; baseline -0.001 -21"><span class='ocrx_word' id='word_1_335' title='bbox 258 3693 460 3776; x_wconf 78' lang='grc' dir='ltr'>εἷνπροσδὲκτων</span> <span class='ocrx_word' id='word_1_336' title='bbox 488 3695 577 3772; x_wconf 85' lang='grc' dir='ltr'>εύχῶν</span> <span class='ocrx_word' id='word_1_337' title='bbox 603 3701 652 3771; x_wconf 80' lang='grc' dir='ltr'>τῆς</span> <span class='ocrx_word' id='word_1_338' title='bbox 679 3697 807 3775; x_wconf 87' lang='grc' dir='ltr'>μεγάλης</span> <span class='ocrx_word' id='word_1_339' title='bbox 835 3696 987 3773; x_wconf 89' lang='grc' dir='ltr'>ἁγιωσύνης</span> <span class='ocrx_word' id='word_1_340' title='bbox 1017 3717 1064 3756; x_wconf 92' lang='grc' dir='ltr'>σου</span> <span class='ocrx_word' id='word_1_341' title='bbox 1091 3694 1295 3776; x_wconf 85' lang='grc' dir='ltr'>εἰρηνεύσσυσιν,</span> <span class='ocrx_word' id='word_1_342' title='bbox 1325 3697 1369 3756; x_wconf 85' lang='grc' dir='ltr'>ἵνα</span> <span class='ocrx_word' id='word_1_343' title='bbox 1396 3695 1443 3756; x_wconf 85' lang='grc' dir='ltr'>καί</span> <span class='ocrx_word' id='word_1_344' title='bbox 1468 3699 1541 3772; x_wconf 80' lang='grc' dir='ltr'>ἡμεῖς</span> 
     </span>
     <span class='ocr_line' id='line_1_30' title="bbox 257 3815 1540 3898; baseline 0.001 -22"><span class='ocrx_word' id='word_1_345' title='bbox 257 3819 287 3876; x_wconf 84' lang='grc' dir='ltr'>τ“ο</span> <span class='ocrx_word' id='word_1_346' title='bbox 308 3815 397 3896; x_wconf 81' lang='grc' dir='ltr'>βραχύ</span> <span class='ocrx_word' id='word_1_347' title='bbox 418 3822 467 3892; x_wconf 84' lang='grc' dir='ltr'>τῆς</span> <span class='ocrx_word' id='word_1_348' title='bbox 490 3817 563 3891; x_wconf 82' lang='grc' dir='ltr'>ζωῆς</span> <span class='ocrx_word' id='word_1_349' title='bbox 584 3817 663 3892; x_wconf 84' lang='grc' dir='ltr'>ἡμῶν</span> <span class='ocrx_word' id='word_1_350' title='bbox 686 3815 826 3897; x_wconf 84' lang='grc' dir='ltr'>εἰρηνικῶς</span> <span class='ocrx_word' id='word_1_351' title='bbox 848 3819 1054 3898; x_wconf 87' lang='grc' dir='ltr'>περαιῶσωμεν.</span> <span class='ocrx_word' id='word_1_352' title='bbox 1078 3817 1139 3889; x_wconf 82' lang='grc' dir='ltr'>τούς</span> <span class='ocrx_word' id='word_1_353' title='bbox 1162 3816 1297 3895; x_wconf 81' lang='grc' dir='ltr'>ἀδελφούς</span> <span class='ocrx_word' id='word_1_354' title='bbox 1320 3819 1441 3891; x_wconf 75' lang='grc' dir='ltr'>ἅπαντας</span> <span class='ocrx_word' id='word_1_355' title='bbox 1463 3819 1540 3894; x_wconf 85' lang='grc' dir='ltr'>μετά-</span> 
     </span>
     <span class='ocr_line' id='line_1_31' title="bbox 257 3935 1539 4018; baseline 0.002 -22"><span class='ocrx_word' id='word_1_356' title='bbox 257 3957 332 3997; x_wconf 89' lang='grc' dir='ltr'>νοιαν</span> <span class='ocrx_word' id='word_1_357' title='bbox 354 3943 433 4018; x_wconf 87' lang='grc' dir='ltr'>ποιῶ,</span> <span class='ocrx_word' id='word_1_358' title='bbox 454 3936 503 4012; x_wconf 71' lang='grc' dir='ltr'>τἠν</span> <span class='ocrx_word' id='word_1_359' title='bbox 527 3935 557 3997; x_wconf 78' lang='grc' dir='ltr'>δὲ</span> <span class='ocrx_word' id='word_1_360' title='bbox 580 3938 708 4016; x_wconf 88' lang='grc' dir='ltr'>μεγάλην</span> <span class='ocrx_word' id='word_1_361' title='bbox 732 3939 884 4016; x_wconf 85' lang='grc' dir='ltr'>ἁγιωσύνην</span> <span class='ocrx_word' id='word_1_362' title='bbox 907 3960 953 3999; x_wconf 93' lang='grc' dir='ltr'>σου</span> <span class='ocrx_word' id='word_1_363' title='bbox 976 3938 1112 4010; x_wconf 75' lang='grc' dir='ltr'>δουλικῶς</span> <span class='ocrx_word' id='word_1_364' title='bbox 1135 3939 1264 4012; x_wconf 82' lang='grc' dir='ltr'>ὡσαύτως</span> <span class='ocrx_word' id='word_1_365' title='bbox 1287 3983 1539 4002; x_wconf 89' lang='grc'><strong>.........</strong></span> 
     </span>
     <span class='ocr_line' id='line_1_32' title="bbox 259 4059 1540 4142; baseline -0.002 -24"><span class='ocrx_word' id='word_1_366' title='bbox 259 4102 556 4120; x_wconf 91' lang='grc'><strong>..........</strong></span> <span class='ocrx_word' id='word_1_367' title='bbox 579 4063 689 4134; x_wconf 82' lang='grc' dir='ltr'>ποιῆσαι</span> <span class='ocrx_word' id='word_1_368' title='bbox 714 4064 747 4139; x_wconf 76' lang='grc' dir='ltr'>τῇ</span> <span class='ocrx_word' id='word_1_369' title='bbox 776 4059 889 4141; x_wconf 82' lang='grc' dir='ltr'>μεγάλη</span> <span class='ocrx_word' id='word_1_370' title='bbox 917 4061 1053 4142; x_wconf 83' lang='grc' dir='ltr'>ἁγιωσύνῃ</span> <span class='ocrx_word' id='word_1_371' title='bbox 1076 4082 1131 4122; x_wconf 91' lang='grc' dir='ltr'>σου.</span> <span class='ocrx_word' id='word_1_372' title='bbox 1160 4062 1206 4121; x_wconf 75' lang='grc' dir='ltr'>τὸν</span> <span class='ocrx_word' id='word_1_373' title='bbox 1230 4059 1260 4120; x_wconf 82' lang='grc' dir='ltr'>δὲ</span> <span class='ocrx_word' id='word_1_374' title='bbox 1283 4060 1481 4138; x_wconf 83' lang='grc' dir='ltr'>Καλοῖωάννην</span> <span class='ocrx_word' id='word_1_375' title='bbox 1502 4061 1540 4119; x_wconf 73' lang='grc' dir='ltr'>τὀν</span> 
     </span>
     <span class='ocr_line' id='line_1_33' title="bbox 259 4177 1540 4260; baseline -0.001 -20"><span class='ocrx_word' id='word_1_376' title='bbox 259 4179 456 4258; x_wconf 85' lang='grc' dir='ltr'>Παλαιολὸγον</span> <span class='ocrx_word' id='word_1_377' title='bbox 483 4177 523 4252; x_wconf 87' lang='grc' dir='ltr'>εἰς</span> <span class='ocrx_word' id='word_1_378' title='bbox 549 4179 597 4254; x_wconf 84' lang='grc' dir='ltr'>τὴν</span> <span class='ocrx_word' id='word_1_379' title='bbox 625 4178 719 4241; x_wconf 79' lang='grc' dir='ltr'>Ῥόδον</span> <span class='ocrx_word' id='word_1_380' title='bbox 751 4179 853 4255; x_wconf 83' lang='grc' dir='ltr'>ἔβαλον</span> <span class='ocrx_word' id='word_1_381' title='bbox 886 4181 963 4240; x_wconf 77' lang='grc' dir='ltr'>αύτον</span> <span class='ocrx_word' id='word_1_382' title='bbox 988 4227 1286 4246; x_wconf 86' lang='grc'><strong>..........</strong></span> <span class='ocrx_word' id='word_1_383' title='bbox 1311 4185 1399 4246; x_wconf 81' lang='grc' dir='ltr'>αῦτάν.</span> <span class='ocrx_word' id='word_1_384' title='bbox 1424 4187 1495 4260; x_wconf 80' lang='grc' dir='ltr'>ἡμᾶς</span> <span class='ocrx_word' id='word_1_385' title='bbox 1515 4179 1540 4240; x_wconf 75' lang='grc' dir='ltr'>δέ</span> 
     </span>
     <span class='ocr_line' id='line_1_34' title="bbox 259 4302 1539 4389; baseline 0.002 -27"><span class='ocrx_word' id='word_1_386' title='bbox 259 4303 294 4363; x_wconf 78' lang='grc' dir='ltr'>δι’</span> <span class='ocrx_word' id='word_1_387' title='bbox 322 4305 410 4381; x_wconf 86' lang='grc' dir='ltr'>εύχῶν</span> <span class='ocrx_word' id='word_1_388' title='bbox 439 4305 562 4378; x_wconf 87' lang='grc' dir='ltr'>μέμνησο</span> <span class='ocrx_word' id='word_1_389' title='bbox 589 4302 636 4362; x_wconf 88' lang='grc' dir='ltr'>καί</span> <span class='ocrx_word' id='word_1_390' title='bbox 661 4304 813 4384; x_wconf 83' lang='grc' dir='ltr'>παρηγόρει</span> <span class='ocrx_word' id='word_1_391' title='bbox 835 4304 900 4378; x_wconf 76' lang='grc' dir='ltr'>ἡμῖν</span> <span class='ocrx_word' id='word_1_392' title='bbox 928 4303 973 4362; x_wconf 82' lang='grc' dir='ltr'>διὰ</span> <span class='ocrx_word' id='word_1_393' title='bbox 994 4309 1106 4384; x_wconf 90' lang='grc' dir='ltr'>γραφῶν</span> <span class='ocrx_word' id='word_1_394' title='bbox 1130 4325 1186 4364; x_wconf 90' lang='grc' dir='ltr'>σου.</span> <span class='ocrx_word' id='word_1_395' title='bbox 1215 4303 1261 4364; x_wconf 86' lang='grc' dir='ltr'>καὶ</span> <span class='ocrx_word' id='word_1_396' title='bbox 1282 4304 1378 4386; x_wconf 84' lang='grc' dir='ltr'>γράφω</span> <span class='ocrx_word' id='word_1_397' title='bbox 1406 4313 1439 4389; x_wconf 81' lang='grc' dir='ltr'>τῇ</span> <span class='ocrx_word' id='word_1_398' title='bbox 1463 4307 1539 4383; x_wconf 89' lang='grc' dir='ltr'>ἁγιω-</span> 
     </span>
     <span class='ocr_line' id='line_1_35' title="bbox 259 4422 1539 4507; baseline 0 -24"><span class='ocrx_word' id='word_1_399' title='bbox 259 4426 322 4507; x_wconf 85' lang='grc' dir='ltr'>σύνῃ</span> <span class='ocrx_word' id='word_1_400' title='bbox 345 4445 392 4484; x_wconf 96' lang='grc' dir='ltr'>σου</span> <span class='ocrx_word' id='word_1_401' title='bbox 414 4423 460 4484; x_wconf 83' lang='grc' dir='ltr'>καί</span> <span class='ocrx_word' id='word_1_402' title='bbox 483 4423 545 4505; x_wconf 88' lang='grc' dir='ltr'>περὶ</span> <span class='ocrx_word' id='word_1_403' title='bbox 571 4422 625 4484; x_wconf 81' lang='grc' dir='ltr'>τῶν</span> <span class='ocrx_word' id='word_1_404' title='bbox 650 4431 758 4485; x_wconf 89' lang='grc' dir='ltr'>...ῶν</span> <span class='ocrx_word' id='word_1_405' title='bbox 780 4431 834 4483; x_wconf 85' lang='grc' dir='ltr'>τῶν</span> <span class='ocrx_word' id='word_1_406' title='bbox 856 4426 1013 4502; x_wconf 87' lang='grc' dir='ltr'>γενομένων</span> <span class='ocrx_word' id='word_1_407' title='bbox 1036 4425 1065 4484; x_wconf 89' lang='grc' dir='ltr'>ἐν</span> <span class='ocrx_word' id='word_1_408' title='bbox 1088 4425 1126 4503; x_wconf 81' lang='grc' dir='ltr'>τῷ</span> <span class='ocrx_word' id='word_1_409' title='bbox 1150 4426 1250 4505; x_wconf 89' lang='grc' dir='ltr'>ίίύργῳ</span> <span class='ocrx_word' id='word_1_410' title='bbox 1271 4425 1319 4486; x_wconf 87' lang='grc' dir='ltr'>καὶ</span> <span class='ocrx_word' id='word_1_411' title='bbox 1348 4475 1353 4486; x_wconf 98' lang='grc'>.</span> <span class='ocrx_word' id='word_1_412' title='bbox 1380 4473 1387 4488; x_wconf 94' lang='grc'><strong>.</strong></span> <span class='ocrx_word' id='word_1_413' title='bbox 1414 4477 1420 4490; x_wconf 93' lang='grc'>,</span> <span class='ocrx_word' id='word_1_414' title='bbox 1446 4477 1452 4491; x_wconf 93' lang='grc'>,</span> <span class='ocrx_word' id='word_1_415' title='bbox 1476 4429 1539 4505; x_wconf 75' lang='grc' dir='ltr'>ἡμῖν,</span> 
     </span>
     <span class='ocr_line' id='line_1_36' title="bbox 259 4546 1538 4629; baseline 0.002 -23"><span class='ocrx_word' id='word_1_416' title='bbox 259 4552 317 4618; x_wconf 88' lang='grc' dir='ltr'>πῶς</span> <span class='ocrx_word' id='word_1_417' title='bbox 338 4551 422 4607; x_wconf 85' lang='grc' dir='ltr'>ταῦτα</span> <span class='ocrx_word' id='word_1_418' title='bbox 443 4552 554 4606; x_wconf 80' lang='grc' dir='ltr'>πονῶσιν</span> <span class='ocrx_word' id='word_1_419' title='bbox 578 4546 641 4605; x_wconf 76' lang='grc' dir='ltr'>ἄνευ</span> <span class='ocrx_word' id='word_1_420' title='bbox 664 4549 774 4626; x_wconf 84' lang='grc' dir='ltr'>ὁρισμοῦ</span> <span class='ocrx_word' id='word_1_421' title='bbox 800 4551 849 4623; x_wconf 76' lang='grc' dir='ltr'>τῖης</span> <span class='ocrx_word' id='word_1_422' title='bbox 872 4546 1022 4624; x_wconf 82' lang='grc' dir='ltr'>ἁγιωσύνης</span> <span class='ocrx_word' id='word_1_423' title='bbox 1045 4567 1099 4608; x_wconf 91' lang='grc' dir='ltr'>σου.</span> <span class='ocrx_word' id='word_1_424' title='bbox 1125 4549 1181 4626; x_wconf 82' lang='grc' dir='ltr'>ἐγὼ</span> <span class='ocrx_word' id='word_1_425' title='bbox 1204 4551 1267 4629; x_wconf 83' lang='grc' dir='ltr'>γάρ,</span> <span class='ocrx_word' id='word_1_426' title='bbox 1290 4549 1415 4628; x_wconf 87' lang='grc' dir='ltr'>φαίνεταί</span> <span class='ocrx_word' id='word_1_427' title='bbox 1436 4572 1480 4625; x_wconf 89' lang='grc' dir='ltr'>μοι</span> <span class='ocrx_word' id='word_1_428' title='bbox 1506 4594 1538 4610; x_wconf 90' lang='grc'>..</span> 
     </span>
     <span class='ocr_line' id='line_1_37' title="bbox 260 4668 1201 4750; baseline 0 -22"><span class='ocrx_word' id='word_1_429' title='bbox 260 4711 621 4736; x_wconf 88' lang='grc'>............</span> <span class='ocrx_word' id='word_1_430' title='bbox 646 4668 799 4747; x_wconf 87' lang='grc' dir='ltr'>ἐκπληροῦν</span> <span class='ocrx_word' id='word_1_431' title='bbox 821 4668 892 4728; x_wconf 82' lang='grc' dir='ltr'>κατὰ</span> <span class='ocrx_word' id='word_1_432' title='bbox 914 4671 945 4728; x_wconf 73' lang='grc' dir='ltr'>τὸ</span> <span class='ocrx_word' id='word_1_433' title='bbox 968 4669 1078 4746; x_wconf 87' lang='grc' dir='ltr'>θέλημά</span> <span class='ocrx_word' id='word_1_434' title='bbox 1101 4691 1156 4731; x_wconf 95' lang='grc' dir='ltr'>σου.</span> <span class='ocrx_word' id='word_1_435' title='bbox 1180 4672 1201 4750; x_wconf 88' lang='lat'>†</span> 
     </span>
    </p>
   </div>
   <div class='ocr_carea' id='block_1_8' title="bbox 0 0 1589 5292">
    <p class='ocr_par' dir='ltr' id='par_1_8' title="bbox 0 0 1589 5292">
     <span class='ocr_line' id='line_1_38' title="bbox 0 0 1589 5292; baseline 0 0"><span class='ocrx_word' id='word_1_436' title='bbox 0 0 1589 5292; x_wconf 95' lang='lat' dir='ltr'> </span> 
     </span>
    </p>
   </div>
  </div>
 </body>
</html>
