3228 5294
1303 353 1345 416 65

58 547 178 624 ἔνστασις,
204 545 227 604 εί
250 546 289 621 μὴ
314 546 375 617 τούς
398 546 593 620 αὐλιζομένους
615 547 686 606 κατὰ
709 549 739 605 τδ
762 550 881 606 τοιοῦτον
904 546 967 626 ύρος
991 547 1112 624 εύριοκον
1128 545 1266 623 μονσχούς
1282 547 1344 605 έτε-

57 670 116 746 ροῑον
145 669 194 726 τὸν
221 667 319 748 τρύπον
348 668 463 745 ἔχοντας
489 665 536 727 καί
562 672 612 744 τῆς
640 667 711 743 ἐμῆς
738 666 842 741 βουλῆς
868 665 915 726 καὶ
941 668 1054 744 γνώμης
1076 663 1124 726 καὶ
1149 668 1216 746 πρός
1242 687 1277 744 γε
1299 667 1345 726 τδν

58 790 213 868 μονότροπον
237 787 295 860 βίον
318 784 357 872 (εί
381 788 420 865 μή
436 791 559 868 ρορτικδν
575 785 675 873 εἰπεῖν)
699 787 896 867 ἀκριβεστέρας
919 788 1061 866 διαγωγῆς
1083 779 1251 847 παντάτίασιν
1274 787 1345 848 άπο-

58 907 167 980 δέοντας.
196 910 234 981 ὡς
262 903 307 969 οῦν
337 909 423 984 δῆλον
447 909 571 988 έγεγύνει
598 907 645 969 καί
673 907 745 988 αύτῷ
773 909 883 984 βασιλεῖ
907 911 938 967 τδ
965 914 1019 968 τῶν
1047 914 1175 987 μοναχῶν
1204 909 1270 988 πρδς
1300 911 1345 968 τ“ον

59 1031 115 1104 ἑμδν
141 1031 243 1091 σκοπὸν
270 1031 377 1104 τελέως
404 1031 632 1110 ἀσυγκατάθετον,
661 1027 735 1102 αὖθις
763 1028 942 1110 ἐξελιπάρουν
971 1030 1028 1109 ἐγὼ
1054 1029 1100 1106 καὶ
1129 1031 1178 1106 τήν
1206 1032 1346 1106 βασίλειον

57 1151 126 1230 ᾔτουν
154 1153 297 1232 περιωπήν
325 1153 462 1213 ἐπινεῦσαί
489 1173 541 1227 μου
570 1151 609 1231 τῷ
642 1151 703 1232 περὶ
731 1158 780 1228 της
810 1152 921 1227 Πάτμον
948 1153 1093 1228 θελήματι.
1129 1151 1176 1212 καὶ
1204 1153 1237 1228 δὴ
1266 1175 1346 1230 μεσι-

58 1275 183 1348 τευσάσης
211 1271 251 1344 εἰς
277 1277 355 1334 τοῦτο
382 1271 429 1334 καί
455 1280 505 1348 τῆς
532 1273 709 1354 μακαρίτιδος
737 1272 893 1354 δεσποίνης,
920 1280 969 1348 της
995 1279 1041 1334 τοῦ
1068 1273 1206 1348 βασιλέως
1234 1278 1346 1358 μητρύς,

57 1394 95 1453 καί
115 1395 321 1474 πρεσβευσάσης
343 1395 409 1474 ὑπὲρ
434 1395 510 1473 ἐμοῦ,
534 1397 583 1470 τήν
605 1401 654 1472 τής
679 1395 748 1471 ἐμῆς
771 1393 943 1474 οίκτρύτητος
971 1394 1074 1470 αἴτησιν
1097 1397 1112 1454 θ
1133 1399 1262 1476 κραταιδς
1285 1398 1299 1458 ἐ
1322 1401 1346 1458 έ-

58 1537 122 1594 ραινε
149 1515 294 1590 βασιλεύς·
325 1516 373 1576 καὶ
400 1515 493 1595 τέλος,
520 1517 564 1576 ίνα
592 1517 630 1592 μὴ
660 1517 764 1596 μανρδν
791 1519 837 1576 τδν
863 1515 924 1596 περί
954 1517 1055 1576 τούτων
1087 1516 1220 1578 ἀποτείνω
1249 1517 1346 1598 λύγον,

57 1635 194 1713 ύτεξέστην
217 1639 269 1712 μὲν
292 1637 350 1716 ἐγὼ
372 1636 411 1716 τῷ
438 1639 514 1718 μέρει
537 1640 584 1697 τοῦ
607 1637 738 1713 δημοσίου
761 1639 867 1698 πάντων
895 1643 948 1697 τῶν
976 1639 1029 1698 ἀπο
1051 1657 1082 1698 τε
1104 1642 1150 1699 τοῦ
1173 1640 1347 1722 Σκηνουρίου,

59 1757 102 1816 ύπά
125 1779 153 1818 τε
176 1757 274 1818 άλλων
296 1761 448 1840 προσώπων
471 1761 694 1840 προηττηθέντων
717 1780 763 1834 μοι
787 1759 816 1819 έν
837 1779 867 1818 τε
890 1765 924 1839 τῇ
944 1757 994 1836 Κῷ
1016 1757 1064 1819 καί
1083 1761 1112 1818 ἐν
1134 1761 1346 1843 τήΣτροβήλῳ,

59 1882 124 1952 μένα
148 1881 339 1960 ύποκρατήσας
365 1881 399 1940 τά
427 1881 456 1940 έν
482 1887 516 1962 τῇ
543 1882 617 1960 νήσῳ
645 1881 742 1961 Λέρνῳ
765 1880 811 1940 δύο
833 1883 980 1960 προάστεια
1009 1880 1042 1940 ἐκ
1062 1886 1109 1942 τοῦ
1131 1883 1271 1956 πολλάκις
1292 1883 1347 1960 ήδη

58 2003 282 2076 μνημονευθέντος
304 2001 469 2084 Σκηνουρίου
490 2001 538 2062 καί
560 2006 606 2062 τοῦ
629 2001 843 2083 Καβαλλουρίου
869 2002 940 2062 κατὰ
967 2001 1054 2080 λύγον
1082 2002 1241 2076 δεσποτείας
1268 2025 1347 2085 περι-

59 2122 165 2182 ελθέντα
185 2144 245 2198 μοι·
271 2124 397 2204 ἐδωρήθη
418 2124 449 2184 δέ
465 2145 511 2200 μοι
527 2124 571 2182 διά
586 2123 794 2204 χρυσοβούλλου
809 2121 953 2197 βασιλικοῦ
974 2124 1005 2182 τό
1027 2144 1057 2183 τε
1079 2124 1171 2198 νησίον
1193 2129 1211 2202 ή
1236 2127 1348 2202 Πάτμος

60 2241 273 2325 έξῦλοκλήρου,
296 2251 350 2304 τῶν
380 2244 555 2321 δημοσιακῶν
583 2245 695 2304 δυσαίων
722 2241 850 2317 καθάπαξ
877 2245 1060 2326 ἀποσπασθέν,
1088 2245 1134 2305 καί
1166 2247 1199 2305 τὰ
1225 2248 1348 2323 πλησιά-

59 2369 131 2434 ζοντα
148 2367 234 2447 πούτῳ
254 2367 372 2446 νησίδια,
393 2367 418 2426 οἱ
437 2366 553 2446 Ναρκίοι
568 2366 649 2442 καὶή
672 2367 778 2447 Λειψύ,
803 2367 840 2425 έτι
862 2387 893 2425 τε
915 2365 962 2426 καί
986 2367 1054 2427 αύτὰ
1075 2368 1109 2427 τὰ
1134 2367 1162 2426 έν
1184 2375 1218 2450 τῇ
1242 2369 1348 2450 Λέρνῳ,

60 2489 74 2544 οἳ
98 2487 141 2547 καὶ
167 2492 360 2569 προκατεῑχον,
389 2491 428 2561 ὡς
455 2489 537 2567 ἔρθην
564 2486 656 2568 είπιύν,
681 2487 727 2548 δύο
748 2489 905 2569 προάστεια,
929 2487 997 2568 ρημὶ
1020 2489 1054 2564 δὴ
1077 2491 1107 2548 τδ
1132 2490 1281 2572 Παρθένιον
1302 2491 1349 2550 καί

59 2611 85 2666 ιδ
105 2610 247 2686 Τεμένιον.

154 2730 180 2790 ι’.
206 2730 262 2792 Καὶ
284 2729 391 2813 προέβη
415 2732 445 2790 τδ
469 2730 513 2791 ἐπὶ
534 2733 638 2801 τούτοις
660 2737 725 2792 πᾶσι
748 2731 955 2812 χρυσύβουλλον
983 2732 1054 2792 κατὰ
1072 2733 1121 2807 τὴν
1146 2733 1215 2808 ἐμὴν
1238 2734 1349 2811 θέλησιν

60 2851 101 2910 καί
125 2853 227 2934 αἴτησιν
254 2851 301 2913 καὶ
328 2853 485 2935 ἀρέσκειαν,
512 2855 582 2914 ῦστε
611 2848 680 2912 εἶναι
706 2856 739 2912 τά
765 2875 796 2912 τε
824 2852 901 2913 άλλα
927 2859 981 2912 τῶν
1009 2853 1186 2933 δωρηθέντων
1213 2857 1277 2930 ἡμῖν
1304 2855 1350 2914 καί

63 2975 135 3051 αῦιην
163 2973 198 3052 δὴ
225 2981 315 3034 πᾶσαν
344 2977 393 3050 τὴν
420 2982 502 3050 νῆσον
531 2976 643 3051 Πάτμον
668 2975 815 3055 ἐλευθέραν
837 2977 867 3034 τδ
890 2973 1012 3034 καθόλου
1035 2973 1082 3034 καί
1103 2977 1203 3046 παντδς
1226 2975 1350 3056 ὑπεράνω

61 3098 179 3172 κειμένην
215 3096 390 3172 δημοσιακοῦ
415 3096 514 3176 βάρους
540 3095 587 3156 καὶ
615 3095 780 3172 οίουδήτινος
806 3097 1052 3176 λειτουργήματος,
1075 3099 1093 3156 ά
1117 3097 1150 3171 δὴ
1174 3099 1263 3157 πάντα
1285 3119 1349 3178 τρα-

62 3218 159 3297 νῦτερον
185 3219 254 3293 ὁμοῦ
281 3217 328 3278 καί
355 3217 550 3298 ἀριδηλότερον
577 3220 595 3292 ή
622 3218 830 3299 χρυσύβουλλος
858 3219 923 3294 αύπη
952 3218 1103 3298 διαγορεύει
1130 3221 1238 3298 γραρή·
1275 3219 1351 3278 ἀλλὰ

63 3337 108 3412 μὴν
135 3339 182 3399 καὶ
208 3341 239 3399 τδ
266 3339 305 3416 μὴ
335 3341 471 3400 κατοικεῖν
500 3341 529 3398 ἐν
558 3341 663 3420 Πάτμῳ
693 3340 841 3416 κοσμτκούς
869 3337 971 3420 ἄνδρας
1001 3343 1131 3419 γυναῖκας
1159 3341 1275 3419 ἔχοντας
1304 3341 1351 3402 καὶ

63 3459 155 3540 παιδία,
178 3464 197 3536 ή
219 3461 297 3532 νέους
324 3461 398 3533 τινὰς
420 3461 469 3535 τὴν
496 3461 606 3536 ήλικίαν
634 3461 841 3542 μειρακειώδεις
868 3460 914 3520 καί
942 3463 1025 3538 μήπω
1048 3465 1093 3522 τὀν
1115 3461 1208 3522 ίουλον
1232 3461 1351 3539 ἐξανθή-

65 3599 151 3652 ααντας
172 3585 191 3656 ἦ
215 3583 373 3660 εύνούχους·
401 3585 475 3660 τάχα
501 3583 555 3664 γὰρ
583 3583 616 3642 ἐκ
642 3585 764 3662 πρώτης,
784 3584 799 3642 δ
820 3604 891 3663 ραοι,
914 3590 1047 3664 γραμμῆς
1069 3590 1241 3664 περιαιρήσαι
1262 3587 1353 3660 πάσης

68 3701 182 3782 ἐπηρείας
212 3711 361 3780 σατανυιής
389 3704 513 3765 ύπύθεσιν
541 3704 588 3764 καὶ
617 3705 775 3785 προρρίζους
804 3702 911 3777 ἐξελεῖν
937 3705 987 3776 τὰς
1015 3702 1139 3784 άρορμὰς
1164 3711 1213 3782 τῆς
1242 3705 1353 3782 βλάβης

69 3823 182 3885 ἔσπευδον
208 3825 257 3885 καί
283 3827 333 3902 τὴν
360 3825 483 3901 βλάστην
510 3831 564 3885 τῶν
590 3828 743 3901 πτωμάτων
772 3827 945 3906 ριζοτομῆσαι
972 3827 1170 3906 προθέλυμνον.
1208 3828 1283 3886 ἔνθεν
1311 3847 1352 3886 τοι

68 3943 107 4002 καί
125 3949 166 4007 τὀν
188 3950 331 4030 κράτιστον
353 3943 568 4022 κατεδυσώπησα
592 3947 710 4022 βασιλέα
735 3948 875 4023 ἐντεθῆναι
891 3947 937 4007 καὶ
953 3948 1002 4022 τὴν
1017 3949 1141 4023 τοιαύτην
1165 3967 1217 4023 μου
1240 3947 1352 4023 θέλησιν

69 4061 318 4149 τῷχρυσοβούλλῳ
344 4075 395 4144 τῆς
418 4069 538 4150 δωρεᾶς·
561 4068 607 4128 καὶ
630 4071 722 4144 μέντοι
745 4067 792 4129 καί
815 4069 936 4147 ένετέθη,
961 4069 1000 4146 μὴ
1022 4071 1091 4130 πάνυ
1113 4091 1137 4130 τι
1162 4069 1266 4130 ἐκείνου
1285 4071 1353 4150 προς

71 4192 132 4247 τοῦτο
156 4194 287 4272 πρότερον
314 4192 520 4270 κατανεύοντος,
551 4192 588 4262 ὡς
616 4192 753 4269 ἐπαχθοῦς
782 4189 821 4262 εἰς
847 4192 877 4250 ιδ
904 4193 1050 4266 μετέπειτα
1072 4197 1106 4270 πή
1129 4198 1198 4274 μονῇ
1222 4192 1353 4266 ἐσομένου

72 4313 108 4366 τοῦ
128 4313 162 4386 μὴ
184 4313 333 4389 κεκτῆσθαι
356 4313 471 4384 λαϊκούς
492 4333 567 4384 τινας
590 4313 760 4394 ὑποχειρίους
781 4310 887 4391 γυναιξὶ
915 4317 1101 4383 συνοικοῦντας
1129 4312 1206 4372 ένδον
1230 4333 1280 4372 που
1307 4317 1354 4374 τοῦ

74 4429 149 4502 τησίσυ
176 4432 222 4493 καί
245 4435 295 4494 ύπδ
319 4435 399 4512 ζυγδν
421 4437 607 4513 τυγχάνοντας
630 4435 757 4514 γαμικύν,
780 4434 820 4512 ἐρ’
846 4428 868 4512 ᾧ
892 4433 927 4493 δι’
950 4435 1037 4494 αἰητῶν
1059 4435 1107 4505 τὰς
1129 4435 1286 4514 γεωργικὰς
1308 4433 1355 4494 καί

74 4547 159 4625 λοιπάς
178 4555 396 4636 ἐργατικωτέρας
411 4554 539 4626 δουλείας
555 4553 713 4628 ἐξανύεσθαι
727 4560 777 4631 τῆς
793 4559 888 4632 μονῆς.
912 4553 959 4615 καί
975 4577 1009 4636 γε
1032 4553 1066 4632 ήν
1090 4555 1194 4626 ἐκεῖνος
1220 4555 1354 4629 «βάπτων

75 4667 108 4742 εἰς
122 4681 209 4759 νοῦν»,
232 4679 265 4736 ἵν’
285 4678 387 4752 εἴποιμι
406 4679 436 4737 τδ
451 4683 498 4738 τοῦ
512 4679 650 4758 Ζήνωνος,
674 4679 711 4748 ὡς
735 4677 798 4736 αύτδ
817 4679 847 4737 τδ
861 4683 977 4757 πρᾶγμα
998 4679 1108 4757 ύστερον
1132 4673 1286 4756 άνεθίδαξε,
1309 4675 1356 4736 καὶ

1110 4803 1125 4849 ὁ
