3160 5292
262 355 326 420 256

263 549 425 628 Λαγωπάτι,
455 549 486 608 τ“ο
510 543 682 627 Νεοχὼριον,
713 547 743 606 τ“ο
768 546 946 624 Ῥεπανίδιον,
977 549 1006 608 τδ
1031 547 1129 628 Πτέριν
1157 545 1203 606 καί
1233 545 1272 618 είς
1300 548 1332 606 τ“ο
1361 551 1407 608 τοῦ
1433 548 1542 623 zum

262 671 389 741 ὡσαύτως
421 669 529 748 ἔχουσιν
560 667 599 741 είς
625 670 675 744 τἠν
703 668 827 742 τοιαύτην
854 673 937 744 νῆσον
964 667 1010 728 καὶ
1039 669 1085 730 δίο
1108 669 1196 740 θείους
1217 669 1299 739 ναοίις
1320 671 1488 744 τιμωμένους
1507 669 1541 730 ἐτ’

261 792 376 868 ὀνόμασι
397 797 447 868 τῆς
470 789 619 873 ίκτεραγίας
642 791 770 850 θεοτάκου
793 797 842 866 τῆς
858 790 1045 870 Ὀδηηητρίας
1066 788 1112 850 καί
1132 793 1178 850 τοῦ
1198 789 1276 870 άγίου
1292 789 1439 870 Ρεωργίου.
1463 791 1542 869 έχουσι

261 912 307 974 καὶ
335 911 375 985 εἰς
403 914 497 993 ἑτέραν
524 919 615 990 νῆσον,
643 912 692 987 τὴν
715 913 814 992 Λέρου,
844 911 898 972 ἀπδ
919 910 1107 992 προσενέξειίνς
1128 933 1217 991 τινων,
1244 911 1327 990 ἤγουν
1353 917 1401 974 τοῦ
1424 913 1543 992 Καθαρο-

261 1035 386 1111 μανδὺλη
423 1033 470 1094 καὶ
506 1039 553 1095 τοῦ
583 1033 679 1114 Βάρδα
711 1033 847 1110 ἀμπέλιον
880 1031 926 1094 καί
961 1036 1041 1114 έτερα
1075 1037 1215 1112 κτήματα,
1253 1033 1300 1096 καί
1329 1035 1543 1116 παρεκλητευσαν

259 1159 350 1234 τυχεῖν
378 1156 422 1216 ἐπὶ
448 1157 550 1229 τούτοις
577 1154 623 1216 καί
649 1155 867 1236 χρυσοβοίιλλου,
894 1156 943 1232 τἠν
972 1156 1063 1232 δέησιν
1092 1157 1177 1216 σίντῶν
1200 1154 1409 1236 προσδεξαμένη
1431 1158 1450 1232 ἡ
1473 1157 1542 1232 βασι-

260 1278 324 1338 λεία
347 1300 399 1355 μου
421 1280 451 1338 τδ
473 1281 559 1358 παρὀν
580 1277 788 1359 χρυοάβσυλλον
811 1277 947 1355 σιγίλλιον
971 1279 1133 1357 έπιχορηγεί
1154 1277 1200 1338 καί
1223 1278 1396 1359 έπιβραβείιει
1419 1285 1453 1360 τῇ
1476 1277 1542 1358 εἰρη-

260 1401 331 1482 μένῃ
361 1399 496 1484 σεβασμίᾳ
526 1405 596 1482 μονῇ
624 1403 671 1460 τοῦ
698 1399 775 1478 ἁγίου
799 1401 926 1460 Ἰωάννου
953 1405 999 1460 τοῦ
1022 1399 1175 1480 Θεολὸγου,
1204 1399 1239 1460 δι’
1263 1393 1293 1460 οὗ
1319 1403 1480 1482 προστάσσει
1505 1399 1542 1458 καί

260 1523 403 1602 διορίζεται
429 1523 559 1600 κατέχειν
584 1521 646 1594 τοίις
668 1521 696 1581 ἐν
720 1521 787 1604 αίιτῇ
810 1521 994 1598 ἀσκουμένους
1016 1522 1154 1600 μοναχοίνς
1180 1521 1227 1583 καί
1251 1521 1291 1594 είς
1312 1525 1342 1582 τδ
1365 1519 1433 1597 ἑξῆς
1456 1517 1541 1581 ιἰνενο

258 1645 387 1723 χλήτως,
418 1639 603 1724 ἀναραιρέτως
624 1663 655 1704 τε
684 1641 731 1704 καί
759 1641 974 1716 ἀναποσπάοτως
1002 1647 1032 1704 τδ
1054 1642 1095 1717 είς
1116 1645 1165 1719 τἠν
1187 1649 1268 1721 νῆσον
1292 1646 1403 1722 Λῆμνον
1427 1643 1543 1720 δηλωθὲν

260 1769 387 1844 μετάχιον
416 1767 502 1827 αίντῶν
529 1771 575 1827 τοῦ
597 1765 684 1842 τιμίου
708 1767 936 1847 ’ἀρχιστρατήγου
964 1767 1034 1842 μετὰ
1059 1773 1113 1828 τῶν
1136 1770 1288 1848 προσόντων
1311 1766 1383 1846 αίιτιρ
1405 1769 1543 1844 κτημάανν

258 1893 312 1948 τῶν
338 1887 385 1948 καί
412 1889 483 1948 κατὰ
510 1891 594 1969 μέρος
621 1887 782 1968 εἰρημένων,
811 1889 889 1950 ἀλλὰ
911 1889 944 1964 δὴ
971 1888 1018 1950 καὶ
1040 1889 1297 1965 τῶν-δηλωθέντων
1321 1889 1460 1970 παροίκων
1481 1885 1543 1948 κατέ

259 2011 307 2085 τὴν
327 2009 473 2090 περίληψιν
496 2015 542 2070 τοῦ
564 2003 646 2090 οὗπερ
669 2012 814 2086 κέκτηνται
835 2013 1045 2092 προστάγματος
1067 2010 1113 2072 καί
1132 2017 1182 2086 τῆς
1202 2010 1348 2093 εἰρημένης
1364 2011 1543 2092 ἀπογραφαῆς

258 2132 514 2205 ἀποκαταστάσεως.
552 2131 654 2209 ὁμοίως
687 2133 815 2210 κατέχειν
852 2131 1057 2209 ἀνεμποδίστως
1093 2131 1140 2194 καί
1176 2133 1239 2206 τοίις
1272 2133 1472 2214 ἀναληφθέντος
1504 2133 1543 2191 δύο

257 2253 345 2326 θείους
371 2256 465 2334 ναοίνς,
493 2255 532 2314 ἔτι
556 2253 587 2314 δὲ
613 2253 717 2315 καὶτὰ
739 2253 961 2336 είςτὴνΛέρον
984 2257 1065 2336 ἕτερα
1086 2259 1214 2333 κτήματα
1236 2258 1324 2317 αότιῑνν
1345 2254 1393 2316 καί
1416 2257 1455 2332 μὴ
1478 2249 1543 2334 είρί-

257 2397 331 2436 σκειν
364 2378 412 2452 τὴν
445 2381 577 2454 τυχοῦσαν
611 2375 784 2455 διενόχλησιν
813 2381 832 2452 ἢ
866 2377 1093 2438 καταδυναστείαν
1125 2377 1170 2439 ἐπὶ
1199 2385 1231 2460 τῇ
1261 2384 1369 2461 κατοχῇ
1403 2377 1451 2438 καί
1480 2382 1543 2456 νομῇ

258 2500 353 2561 αὐτῶν.
378 2498 512 2577 ὀφείλουσι
536 2500 627 2573 μέντοι
648 2505 681 2582 τῇ
705 2497 775 2578 ίοχίιι
797 2500 844 2560 καί
867 2499 979 2578 δυνάμει
1001 2505 1047 2561 τοῦ
1069 2503 1202 2582 ταράντος
1225 2500 1433 2582 χρυσσβοίιλλου
1456 2498 1543 2576 στμλ-

257 2620 318 2682 λίου
340 2626 388 2696 τῆς
412 2617 556 2694 βασιλείας
578 2642 630 2696 μου
652 2619 699 2681 καί
721 2620 746 2682 οί
768 2621 840 2682 κατὰ
861 2623 971 2702 καιροὺς
998 2622 1259 2702 κεραλατικεύοντες
1286 2621 1327 2694 είς
1348 2623 1396 2697 τὴν
1423 2623 1543 2702 ῥηθεῖσαν

257 2748 337 2818 νῆσον
361 2744 484 2823 Λῆμνον,
514 2744 552 2804 ἔτι
579 2743 610 2804 δὲ
639 2742 686 2804 καί
713 2743 739 2804 οί
764 2745 799 2804 τὰ
824 2749 870 2804 τοῦ
894 2743 1023 2822 δημοσίου
1047 2745 1248 2826 διενεργοῦντες
1271 2745 1300 2804 έν
1324 2746 1391 2826 αὺιῄ
1415 2744 1542 2822 διατηρεῖν

256 2869 424 2927 παντάπασιν
454 2867 641 2946 ἀνενόχλητον
670 2865 717 2928 καί
748 2867 886 2947 ἀτάραχον
916 2868 946 2928 τ“ο
977 2871 1095 2929 τοιοῦτον
1125 2869 1253 2946 μετίχιον
1284 2865 1372 2928 αὐτῶν
1399 2867 1472 2943 μετὰ
1496 2871 1542 2924 τῶν

256 2989 420 3068 προσάντων,
451 2990 490 3062 ὡς
520 2988 634 3070 εἴρηται,
666 2988 738 3068 αυτῷ
764 2987 811 3050 καί
841 2989 879 3065 μὴ
909 2989 1021 3068 ἐπάγειν
1049 2987 1089 3060 είς
1116 2990 1179 3050 αὺτδ
1203 2989 1357 3065 διασειομδν
1379 2991 1397 3064 ἢ
1422 2989 1542 3069 ἐπήρειαν

256 3108 302 3170 καί
328 3109 493 3191 κατατριβήν
516 3129 591 3170 τινα·
617 3111 661 3170 διὰ
683 3111 736 3191 γάρ
759 3115 837 3171 τοῦτο
860 3111 971 3188 ἐγένετο
999 3109 1046 3171 καί
1066 3113 1098 3170 τδ
1119 3112 1206 3191 παρδν
1227 3109 1435 3191 χρυσόβουλλον
1458 3109 1541 3189 σιγιλ-

256 3232 317 3293 λιον
337 3240 386 3310 τῆς
402 3233 545 3307 βασιλείας
562 3255 613 3310 μου
635 3231 683 3293 καὶ
707 3234 903 3314 έπεχορηγηθη
926 3231 973 3294 καὶ
997 3233 1183 3313 ἑπεβραβείθη
1206 3240 1240 3316 τῇ
1260 3232 1440 3316 διαληφθείοῃ
1463 3232 1540 3306 σεβα-

260 3353 326 3433 σμίᾳ
356 3361 426 3437 μονῇ
458 3355 497 3426 είς
529 3353 644 3430 βεβαίαν
679 3354 878 3433 ἀνενοχλησίαν
908 3361 961 3415 τιῖιν
996 3355 1025 3415 ἐν
1057 3355 1130 3436 αίιτῷ
1160 3361 1290 3434 μοναχῶν
1320 3353 1367 3414 καί
1397 3354 1541 3434 ἀσφάλειαν

257 3474 336 3552 μηνί
359 3476 495 3556 μαρτίιρ,
519 3475 727 3550 ίνδικτιῶνος
749 3475 788 3552 ς’.
812 3478 833 3558 †

359 3605 503 3676 Archetyp.
527 3607 635 3662 membr.
658 3607 734 3660 Hor.
754 3625 804 3660 ιντο
822 3609 871 3675 58,
897 3607 945 3676 qui
961 3607 1069 3662 scribit:
1092 3598 1235 3678 Σιγίλλιον
1251 3597 1404 3678 βασιλικόν,
1421 3599 1540 3657 Ἰωάννου

257 3699 323 3774 ἴσως
351 3706 397 3762 τοῦ
426 3701 452 3777 β’
482 3709 535 3764 τῶν
567 3705 779 3783 ίίαλαιολδγων.
809 3711 949 3781 Βιρίαιιια,
974 3713 1045 3781 quod
1067 3709 1210 3766 Sakkdion
1233 3711 1328 3764 tramit
1356 3727 1429 3763 αιιιιο
1455 3709 1537 3772 1353,

256 3813 332 3866 nobis
354 3821 393 3868 σοι
414 3815 494 3870 valde
515 3821 675 3885 ιυορεοίυιιι.

483 4121 587 4187 CXII.
613 4121 688 4188 Sine
711 4143 806 4208 anno,
828 4142 938 4187 mense
961 4123 1114 4206 ianuario,
1137 4119 1202 4185 ind.
1226 4119 1317 4185 ΧΙΠ.

256 4284 354 4340 Scriba
373 4287 501 4356 publicus
524 4288 630 4342 έπεωίαε
652 4289 751 4342 Lemni
771 4289 800 4342 ίιν
823 4295 886 4343 acta
908 4287 992 4357 refert
1014 4287 1194 4357 μοεεεεεάσιτοσ
1217 4293 1241 4338 et
1264 4286 1367 4340 colonos
1389 4281 1538 4338 monastm'i

795 4393 824 4445 ιἰι
847 4409 879 4446 ea
901 4392 1001 4446 imula.

356 4577 377 4657 †
401 4576 479 4636 Ἐτεί
502 4577 617 4659 ἀρίσθην
639 4577 714 4658 παρὰ
736 4581 782 4638 τοῦ
803 4582 932 4660 κραταιοῦ
954 4577 1002 4638 καί
1024 4571 1124 4663 ἀβρίου]
1147 4579 1227 4655 ἡμῶν
1247 4579 1373 4638 αθθέντου
1393 4575 1442 4637 καί
1464 4578 1535 4652 βασι-

252 4697 329 4770 λέως
358 4703 405 4758 τοῦ
431 4706 541 4776 ποιῆσαι
569 4697 690 4772 ἐξίσωοιν
723 4699 769 4761 καὶ
796 4701 1013 4761 ἀποκατάστασιν
1043 4705 1092 4778 τῆς
1119 4701 1201 4774 νήσου
1223 4699 1336 4776 Λήμνου
1362 4699 1411 4760 καὶ
1434 4701 1531 4774 ἑκάστῳ
