3162 5278
263 341 328 406 284

263 537 448 617 πραγοθμενοι
469 541 487 612 ἢ
511 539 753 619 ἀνακρινόμενοι».
788 541 855 620 προς
881 541 984 614 τούτοις
1012 541 1043 602 δὲ
1070 542 1231 620 ἀπεφαίνετο
1258 545 1355 619 ταΰτην
1383 545 1433 619 τὴν
1462 544 1547 620 δηλω-

264 661 355 720 θεῖσαν
386 659 538 736 σεβασμίου
566 662 651 737 μονὴν
682 662 879 724 αίιτοδέσποτον
911 663 959 724 καί
989 661 1158 736 αὐτεξούσιον
1192 665 1262 740 μετὰ
1296 671 1344 740 τῆς
1376 665 1446 738 ὅλης
1477 669 1547 739 νήσου

265 781 404 857 διαμένειν
432 781 516 862 ἐσαεί,
544 783 606 842 καθ’
635 783 731 858 ἑαυτὴν
760 785 899 862 ἀγομένην
925 785 972 846 καὶ
1000 786 1204 862 διευθυνομένην
1234 785 1282 847 καὶ
1311 785 1371 846 οάτε
1404 788 1469 862 αὔτη
1498 788 1547 847 οὔτε

264 903 298 963 τά
329 896 373 962 ὑπ’
401 903 483 978 αυτ-ἠν
511 903 565 964 οὔθ’
588 906 606 980 ἡ
629 911 711 980 νῆσος
737 907 805 981 αῦτη
833 907 883 966 ὑπὸ
906 908 1036 982 βασιλικὰ
1058 911 1076 982 ἢ
1099 909 1283 989 πατριαρχικά
1304 912 1322 983 ἡ
1346 911 1549 988 μητροπολιτικά

263 1028 282 1098 ἢ
306 1025 466 1086 ἐπισκοπικά
488 1031 506 1102 ἢ
530 1026 745 1104 ἐκκλησιαστικὸν
768 1031 786 1103 ἡ
810 1029 859 1088 ἀπό
881 1049 940 1089 τινα
967 1030 1043 1101 ὅλως
1071 1027 1191 1089 ἰδιωτικὰ
1213 1031 1397 1108 ἀπαχθήσεται
1419 1032 1549 1110 πρόσωπα,

265 1138 335 1206 ἀλλ’
365 1147 584 1227 έλευθεριοίσουσι
618 1151 746 1230 καθαρῶς
777 1152 856 1230 ἀχρις
887 1150 985 1222 αἰῶνος
1014 1153 1124 1223 παντός.
1158 1150 1205 1210 καί
1235 1151 1300 1228 αθτη
1332 1151 1382 1228 μὲν
1412 1154 1430 1227 ἠ
1464 1155 1499 1225 ὡς
1526 1155 1548 1211 ἐν

266 1271 388 1349 συντόμῳ
421 1269 568 1352 περίληψίς
601 1291 631 1330 τε
668 1271 714 1332 καί
750 1273 861 1348 δόναμις
894 1277 940 1334 τοῦ
970 1273 1144 1348 δηλωθέντος
1182 1273 1310 1347 εὺσεβους
1343 1275 1550 1354 χρυσοβοάλλου,

264 1393 412 1470 γεγονότος
435 1393 557 1452 κατὰτὸ
582 1391 691 1474 ,ςρί-γς·’
715 1394 776 1466 έτος
805 1400 854 1468 τῆς
879 1393 913 1453 ια’
942 1392 1122 1473 ίνδικτιῶνος,
1152 1394 1223 1454 κατὰ
1250 1397 1295 1454 τὀν
1323 1395 1449 1474 ἀπριλιον
1477 1403 1550 1472 μῆνα.

265 1513 365 1591 γέγονε
393 1511 424 1572 δὲ
452 1511 496 1572 ἐπὶ
521 1513 560 1592 τῷ
586 1513 667 1594 καλῷ
694 1515 779 1595 τοίπῳ
806 1514 929 1596 θεμελίῳ
956 1515 1003 1574 καί
1030 1517 1187 1598 ὑπόμνημα,
1216 1516 1390 1595 ἀναγνωσθὲν
1416 1517 1551 1578 καὶτοῦτο

264 1635 339 1714 παρά
355 1640 404 1710 τῆς
423 1636 502 1710 ἡμῶν
523 1637 705 1720 μετριότητος,
729 1642 773 1698 τοῦ
795 1637 835 1716 τῷ
857 1641 918 1698 τότε
941 1639 986 1698 τον
1008 1640 1204 1720 πατριαρχικδν
1228 1640 1321 1716 θρόνον
1345 1636 1492 1720 ίθίινοντος,
1514 1643 1552 1699 τοῦ

267 1755 474 1836 μακαριωτάτου
503 1759 594 1840 κυρίου
625 1760 760 1840 Ἰωοίννου,
794 1759 838 1820 ἐπὶ
870 1761 946 1834 ἔτους
979 1761 1060 1844 ,ςχμι
1091 1763 1312 1822 κατακολουθοῦν
1342 1761 1392 1838 μὲν
1423 1762 1470 1823 καὶ
1496 1769 1552 1822 πᾶσι

266 1884 321 1952 τοῖς
348 1880 387 1959 τῷ
415 1883 614 1964 χρυσοβοθλλῳ
643 1884 852 1964 έμρερομένοις,
880 1887 1070 1964 παρεχόμενον
1101 1886 1132 1946 δὲ
1159 1887 1241 1968 ταύτῃ
1267 1891 1300 1966 τῇ
1329 1885 1466 1967 σεβασμία
1491 1892 1553 1964 μονῇ

269 1999 322 2062 «τδ
349 2003 550 2084 ἀνεπηρέαστον
577 2004 624 2065 καὶ
651 2007 834 2084 ἀνενόχλητον
862 2007 909 2066 καὶ
936 2008 989 2067 ἀπό
1010 2013 1064 2066 τῶν
1086 2008 1156 2067 κατά
1179 2008 1289 2088 καιροὺς
1312 2007 1553 2082 ἀποστελλομένων

266 2121 391 2206 ἐξάρχων
418 2126 465 2186 καί
491 2129 591 2198 παντὸς
619 2129 711 2208 ἑτέρου
737 2131 891 2209 προσώπου,
919 2129 1068 2189 ἀποκλεϊον
1096 2127 1196 2188 δὲκαὶ
1218 2129 1266 2202 τήν
1291 2128 1396 2188 εἴσοδον
1418 2135 1487 2188 πᾶσι
1506 2131 1555 2198 τοῖς

266 2247 420 2328 ἀρχιερεῦσι
442 2251 497 2320 τοῖς
520 2247 561 2328 ἀρ’
587 2251 695 2320 ἑαυτοὺς
724 2251 800 2327 ἀγειν
827 2253 875 2326 τὴν
899 2252 985 2326 μονὴν
1009 2251 1196 2330 ἐπιχειροῦσιν,
1220 2252 1250 2310 οδ
1273 2252 1326 2328 μὴν
1350 2251 1392 2328 δέ,
1416 2251 1496 2310 ἀλλά
1516 2247 1556 2309 καὶ

264 2371 329 2445 ἡμῖν
351 2371 409 2440 τοῖς
430 2374 611 2450 πατριάρχαις
635 2373 721 2447 μηδέν
744 2395 767 2432 τι
789 2375 928 2452 προσεῖναι
953 2371 996 2433 ἐπὶ
1018 2381 1051 2454 τῇ
1075 2379 1144 2454 μονῇ
1167 2373 1250 2454 ταύτῃ
1273 2372 1466 2447 οἱονδηποτοῦν
1489 2372 1555 2430 ἀλλο

266 2489 369 2552 δίκαιον
399 2498 567 2575 συγχωροῦν,
599 2493 665 2554 ἀλλ’
687 2499 705 2569 ἢ
730 2498 814 2570 μόνην
845 2495 894 2571 τὴν
926 2495 1060 2574 ἀναροράν
1089 2498 1135 2553 τοῦ
1162 2492 1262 2554 οἰκείου
1290 2493 1424 2568 ὀνόματος
1454 2495 1482 2552 έν
1504 2497 1569 2560 ταῖς

265 2607 351 2684 θείαις
377 2612 601 2694 ίεροτελεοτίαις·
624 2617 692 2696 πρὸς
718 2618 820 2688 τούτοις
848 2616 878 2676 ἀὲ
902 2615 1084 2696 διοριζόμενον
1114 2615 1213 2688 ἐξεῖναι
1239 2619 1295 2686 τοῖς
1323 2619 1458 2693 μοναχοῑς
1486 2611 1556 2674 ἀναι-

265 2734 364 2814 λὺτως,
391 2737 456 2816 παρ’
473 2732 495 2817 ᾧ
514 2741 546 2796 ἀν
570 2737 723 2811 βούλωνται
746 2739 794 2810 τὰς
818 2739 921 2798 ἑαυτῶν
942 2739 1078 2798 ποιεῖσθαι
1098 2738 1269 2817 χειροτονίας
1296 2737 1342 2797 καὶ
1364 2737 1429 2796 καθ’
1454 2738 1556 2806 ἑαυτοὺς

267 2857 388 2938 ἐνεργεῖν
414 2861 463 2934 τὴν
490 2863 536 2920 τοῦ
563 2865 634 2938 σρῶν
657 2861 812 2937 ἡγουμένου
838 2859 1038 2940 προχείρισινν.
1066 2857 1213 2919 καὶτοῦτο
1237 2858 1286 2934 μέν
1312 2861 1344 2917 τό
1365 2861 1556 2938 πατριαρχικάν

266 2981 421 3056 ὑπόμνημα.
454 2983 562 3062 προσέτι
591 2981 622 3041 δὲ
649 2980 696 3041 καί
722 2984 752 3041 τό
774 2981 977 3061 προδιαληρθὲν
1003 2979 1211 3061 χρυσόβουλλον
1233 2979 1459 3060 προσεπιθεβαιοῖ
1482 2983 1555 3039 τοίνυν

269 3099 338 3161 «καὶ
369 3101 579 3182 ἀπαροίθραυστα
608 3102 655 3162 καί
686 3101 911 3184 ἀπαρεγχείρητα
943 3103 1080 3177 διαμένειν
1112 3099 1151 3171 είς
1180 3101 1241 3171 τοὺς
1272 3099 1337 3176 ἑξῆς
1368 3102 1493 3172 ἅπαντας
1518 3097 1556 3159 καὶ

266 3223 401 3300 διηνεκεῖς
430 3227 546 3304 χρόνους
577 3224 719 3306 διορίζεται
749 3227 764 3284 ό
792 3203 943 3303 ἀγιώτατος
971 3221 1018 3282 καὶ
1051 3219 1174 3298 ἀοίδιμος
1204 3222 1233 3281 ἐν
1262 3225 1445 3303 πατριάρχαις
1476 3223 1555 3301 κόριος

266 3349 377 3417 Λουκᾶς
411 3338 447 3404 δι’
474 3345 668 3422 ὐπομνήματος
703 3347 782 3406 αυτοῦ
816 3347 1010 3425 ἑνυπογροίρου,
1044 3348 1193 3424 γεγονότος
1226 3341 1272 3403 καὶ
1306 3343 1400 3402 τούτου
1434 3343 1507 3402 κατὰ
1532 3344 1554 3400 t':

266 3465 361 3548 ,ςχξζ
390 3468 463 3548 ἔτος,
494 3467 753 3546 παρακελευόμενος
785 3467 813 3528 ἐν
843 3468 928 3546 τούτῳ
960 3467 1083 3542 «ἄβατον
1115 3461 1184 3526 εἶναι
1214 3467 1367 3524 παντάπασι
1399 3463 1450 3539 τὴν
1482 3467 1555 3539 μονὴν

1196 3588 1358 3665 ειρωμένους
1388 3587 1474 3660 αυτ-ἠν
1503 3585 1554 3644 καθ’

267 3709 421 3784 οίονδήτινα
442 3711 541 3791 τρέπου
564 3716 616 3770 τῶν
640 3717 770 3788 μοναχῶν
794 3713 831 3786 μὴ
856 3709 1043 3788 βουλομένων,
1067 3707 1205 3788 ἀρορισμῷ
1229 3707 1324 3778 αὺτους
1348 3706 1377 3764 ἐν
1401 3707 1474 3787 ἁγίῳ
1496 3707 1555 3766 κιθ-

268 3833 475 3907 θποβάλλοντος
502 3833 643 3912 πνεύματι,
672 3831 751 3908 εἴγε
780 3832 850 3906 μετὰ
876 3833 923 3909 την
952 3833 1046 3891 ἑαυτοῦ
1069 3829 1174 3910 γραρὴν
1201 3828 1381 3903 όπωσδήποτε
1403 3831 1469 3889 καθ’
1494 3829 1554 3887 τῖον-

268 3954 363 4029 δητινα
389 3957 486 4035 τρόπον
512 3957 719 4036 παρασαλεῦσαι
746 3955 779 4014 τά
805 3961 854 4032 τῆς
883 3953 1042 4032 ἐλευθερίας
1068 3959 1118 4028 τῆς
1146 3958 1232 4028 μονῆς
1260 3953 1492 4030 ἐπιχειρήσουσι.»
1519 3969 1555 4008 κα

267 4081 351 4136 ταῦτα
381 4077 432 4151 μὲν
461 4077 650 4156 περιείληπται
680 4077 709 4135 ἐν
735 4079 792 4148 τοῖς
818 4076 1011 4154 παλαιοτέροις
1033 4079 1083 4148 τῆς
1106 4079 1192 4148 μονῆς
1214 4071 1380 4153 προνομίοις.
1414 4081 1517 4153 προσῆν
1537 4069 1554 4126 δ’

269 4199 334 4280 αάτῇ
368 4197 415 4258 καί
451 4201 531 4278 ἔτερα
564 4199 748 4279 πατριαρχικά
781 4199 914 4278 σιγίκλια,
949 4197 979 4256 ου
1014 4195 1120 4274 μακρὰν
1153 4195 1293 4272 ἀπέχοντα
1321 4198 1368 4254 τοῦ
1401 4197 1469 4254 καθ’
1496 4196 1555 4268 ἡμᾶς

267 4322 366 4400 χρόνου
392 4319 439 4380 καί
462 4325 545 4379 ταῦτα
567 4322 641 4401 παρὰ
667 4328 717 4397 τῆς
738 4321 817 4395 ἡμῶν
846 4321 1019 4398 μετριότητος
1046 4317 1217 4398 θεωρηθέντα
1239 4337 1269 4375 τε
1295 4315 1343 4374 καί
1367 4317 1554 4394 ἀποδεχθέντα.

269 4437 306 4500 ὧν
334 4443 364 4500 τό
395 4443 445 4517 μὲν
474 4447 520 4502 τοῦ
551 4445 700 4521 ἀγιωτοίτου
732 4441 840 4516 δηλαδὴ
871 4444 1037 4521 πατριάρχου
1066 4438 1158 4518 κυρίου
1186 4439 1299 4514 Συμεὼν
1335 4437 1504 4512 ἐπεβεβαίου
1532 4435 1555 4491 τί

269 4563 452 4642 διαληρθέντα
488 4565 645 4642 παλαιγενῆ
681 4563 804 4641 οιγιλλια
838 4569 890 4621 τῶν
924 4561 1056 4636 ἀοιδίμων
1086 4563 1277 4639 πατριαρχῶν,
1313 4557 1406 4638 κυρίου
1444 4559 1555 4618 ‘Imma

269 4682 316 4742 καὶ
345 4684 436 4762 κυρίου
465 4685 566 4758 Λουκά,
603 4683 649 4744 καὶ
682 4685 750 4762 πρός
778 4683 880 4756 τούτοις
911 4682 1050 4762 διωρίζετο
1082 4679 1198 4762 «κυρίαν
1230 4675 1300 4740 εἷναι
1334 4679 1386 4754 τὴν
1418 4675 1554 4756 σεβασρίιν
