3160 5292
1264 371 1325 435 227

48 568 143 622 τοιαῦτα
161 565 280 644 τέσσαρα
295 564 432 624 πλατῦδια
446 571 495 640 τῆς
511 572 596 641 μονῆς
618 565 791 644 ἀνενθχλητα
809 565 855 625 καὶ
872 565 1062 644 ἀνεπηρέαστα
1085 566 1137 624 ἀπό
1159 585 1189 624 τε
1211 573 1259 640 τῆς
1282 571 1326 624 τοῦ

47 683 204 764 κομμερκίου
220 685 323 759 δόσεως
338 685 453 746 καὶτῶν
468 687 591 747 λοιπῶν·
609 687 654 747 διὰ
668 689 721 768 γὰρ
736 692 813 748 τοῦτο
836 689 960 766 ἐγεγόνει
981 693 1015 768 τῆ
1038 691 1108 768 μονῇ
1134 685 1173 758 εἰς
1195 687 1244 760 τὴν
1266 685 1326 766 περὶ

46 808 124 866 τοῦτον
151 808 352 886 ἀνενσχλησίαν
379 807 426 868 καί
452 809 604 888 ἀσφάλειαν
629 809 676 870 καὶ
699 811 714 868 ὁ
735 809 829 890 παρὼν
851 809 1067 890 σῆςβασιλείσις
1089 829 1140 884 μου
1162 811 1281 889 ὁρισμός.
1305 810 1326 889 ί·

136 933 158 1009 †
182 929 269 1005 Μηνὶ
294 929 416 1010 ίουνίῳ,
441 930 647 1004 ίνδικτιῶνος
672 927 714 992 ιδ’.
739 933 759 1010 †

137 1059 281 1129 Archetyp.
310 1061 490 1115 chartaceum.
516 1061 592 1114 Flor.
622 1079 671 1114 τινα
696 1063 745 1114 53.
786 1061 891 1114 Tabula
931 1062 1037 1114 videtur
1068 1078 1123 1114 εσσε
1156 1061 1327 1130 imperatoris

45 1162 178 1216 Micha'e'lie
201 1163 361 1235 Ραίαεοίορί
382 1171 406 1218 et
428 1166 496 1219 σιιιιί
520 1167 600 1218 1271
626 1162 743 1234 (6779).

297 1449 399 1514 XCV.
424 1451 499 1516 Sine
523 1473 618 1534 annu,
642 1472 751 1514 mense
775 1449 858 1534 iulio,
882 1449 946 1515 ind.
971 1449 1062 1516 XIV.

45 1615 154 1668 Χίίαθοεί
176 1615 340 1670 Βαείίὶσὶοια
362 1617 438 1669 ium
462 1617 642 1686 imperatricis
671 1617 823 1672 Ίθεοιίοσαε
843 1617 1023 1687 Ραίαεοίοραε
1045 1617 1205 1670 ιιιοιιιιειειῦο
1227 1617 1329 1672 Christi

43 1717 187 1773 Χαίυοθυπίε
214 1721 242 1772 in
269 1721 362 1774 imula
386 1723 446 1790 Coo,
475 1721 546 1790 quod
574 1727 612 1773 ειιθ
638 1719 793 1774 ιιιεθοεθίιιιιι
817 1721 846 1774 S.
872 1721 993 1790 Ιοαιιιιίε,
1017 1723 1126 1774 restitui
1150 1722 1221 1775 iubet
1243 1722 1324 1791 οθααε,

275 1841 388 1894 quercus
411 1831 435 1878 et
457 1843 566 1894 campos
588 1825 615 1878 ei
635 1831 737 1895 ετερθοε
760 1825 794 1879 αθ
818 1826 940 1896 episcopo
962 1825 1077 1880 σἰιοωίασ.

134 2027 156 2104 †
179 2025 258 2086 Ἐπεί
280 2028 297 2101 ἡ
320 2027 437 2108 κραταιά
458 2025 506 2086 καί
528 2027 594 2106 σἰγία
614 2028 693 2102 ἡμῶν
713 2025 791 2108 κυρία
813 2027 859 2087 καὶ
883 2025 1011 2088 δέσποινα
1036 2026 1081 2088 διὰ
1103 2033 1220 2106 ψυχικῆς
1243 2030 1326 2088 ἕνεκα

42 2147 165 2227 σωτηρίας
197 2154 246 2224 τῆς
279 2147 360 2228 ἁγίας
390 2149 533 2224 βασιλείας
564 2151 646 2225 αὐτῆς
678 2149 834 2230 ἐδωρήσατο
864 2151 893 2209 τδ
926 2147 965 2222 είς
993 2151 1042 2225 τὴν
1069 2149 1119 2209 Κῶ
1154 2150 1325 2226 διακείμενον

41 2273 221 2350 μσναστῆριον,
244 2273 273 2329 το
297 2271 535 2345 ἐπονομαζόμενον
558 2273 674 2350 Σωτῆρα
694 2243 817 2351 Χριάτίν,
846 2271 916 2346 μετὰ
942 2269 988 2330 καί
1009 2273 1101 2346 πάσης
1123 2278 1172 2347 τῆς
1194 2279 1325 2352 περιοχῆς

41 2393 111 2450 αἰτοῦ
135 2391 174 2464 εἰς
197 2393 326 2470 μετθχιον
348 2393 416 2473 προς
437 2393 486 2467 τῆν
509 2391 659 2468 σεβασμίαν
675 2385 734 2451 καί
757 2391 838 2470 ἁγίαν
861 2393 946 2468 μονῆν
968 2398 1018 2468 τῆς
1043 2393 1163 2472 Πάτμου,
1191 2395 1258 2474 προς
1279 2395 1324 2454 τδν

41 2517 190 2586 τιμιώτατον
210 2515 426 2593 καθηγούμενον,
449 2513 629 2594 ίερομόναχον
648 2519 722 2594 κῦριν
739 2515 887 2595 Γερμανόν,
911 2517 985 2586 ὅπως
1008 2513 1137 2597 ἀνεγείρῃ
1158 2516 1256 2592 ταῦσην
1278 2515 1325 2575 καί

41 2632 73 2705 εἰς
93 2635 141 2709 τὴν
163 2637 295 2715 προτέραν
320 2632 530 2717 ἀποκατασπῆση
553 2636 718 2714 ριλοκαλίαν
738 2657 768 2694 τε
796 2635 841 2696 καί
865 2639 1037 2716 κατάποσιν,
1061 2636 1107 2695 διὰ
1128 2639 1158 2696 ιδ
1185 2633 1326 2712 εἶναιτὴν

39 2759 154 2832 τοιαάτην
182 2759 309 2837 ῥηθεῖσαν
337 2760 423 2832 μονὴν
451 2755 490 2829 εἰς
516 2759 638 2832 παντελῆ
665 2758 812 2836 ἀφανισμὸν
839 2757 885 2818 καί
914 2755 1037 2838 ἀπορίαν.
1070 2757 1128 2816 ἐπεὶ
1153 2757 1184 2817 δὲ
1208 2760 1325 2837 ἔφθασαν

41 2879 67 2936 ἐκ
87 2887 135 2954 τῆς
151 2881 235 2956 αὐτῆς
248 2887 384 2960 περιοχῆς
404 2883 450 2938 τοῦ
467 2881 595 2960 Σωτῆρος
612 2881 724 2958 Χριστοῦ
748 2878 847 2958 δένδρα
872 2879 972 2940 ἐλαϊκά
995 2878 1028 2937 τά
1049 2881 1131 2954 ἥμισυ
1155 2880 1217 2939 καθ’
1234 2881 1324 2959 ἁρπα-

42 3001 87 3076 γὴν
114 3001 328 3084 ἀποσπασθῆναι,
356 2998 432 3062 ἀλλὰ
459 3001 493 3076 δὴ
521 3000 567 3061 καὶ
595 3001 695 3080 ἰδρῦαις
717 3005 766 3078 τῆς
789 3001 871 3076 αὐτῆς
895 3005 981 3076 μονῆς
1002 2998 1048 3058 καί
1072 2997 1110 3069 εἰς
1132 3000 1166 3058 τὰ
1188 3005 1238 3074 τῆς
1261 3001 1324 3060 ἐπι-

40 3130 135 3198 σκοπῆς
159 3122 252 3184 δίκαια
275 3123 378 3195 ἀδίκως
401 3123 562 3182 διατεθεῑναι
588 3119 632 3182 διά
653 3125 683 3182 τ“ο
706 3122 789 3182 οἰκεῖν
811 3143 851 3194 τις
874 3123 902 3180 ἐν
926 3123 992 3202 σιῦτῆ
1015 3127 1047 3203 τῆ
1071 3121 1229 3204 δηλουμένη
1252 3129 1323 3200 μονῇ

38 3250 77 3302 τοῦ
103 3247 231 3325 Σωτῆρος
253 3247 366 3325 Χριστοῦ
396 3245 520 3326 ἀνέγειρε
545 3247 590 3304 τθν
621 3252 739 3305 τοιοῦτον
767 3247 838 3304 θεῖον
865 3245 929 3302 ναῦν
956 3242 1003 3302 καὶ
1032 3243 1212 3322 ἐπικρατεϊναι
1238 3238 1272 3301 τά
1295 3243 1323 3301 ἐν

40 3367 98 3448 αἰιῆ
122 3367 281 3447 διαφέροντα
308 3367 413 3426 δίκαια·
442 3365 501 3426 ἐπεὶ
529 3366 560 3426 δὲ
588 3363 777 3442 ἐξαπεοτάλην
804 3367 866 3426 καθ’
889 3366 999 3444 δρισμδν
1026 3365 1097 3424 θεῖον
1119 3371 1168 3440 τῆς
1192 3370 1323 3442 κραταιᾶς

39 3487 78 3544 καὶ
105 3489 184 3566 ἀγίας
211 3491 290 3562 ἡμῶν
317 3487 412 3568 κυρίας
438 3487 484 3546 καί
513 3487 657 3562 δεσποίνης
685 3487 714 3545 ἐν
741 3493 774 3566 τῇ
797 3491 878 3568 χώρᾳ
900 3493 948 3561 τῆς
971 3486 1053 3564 ἁγίας
1076 3486 1219 3560 βασιλείας
1241 3487 1323 3562 αὐτῆς

38 3615 66 3686 τῆ
90 3609 147 3686 Κῷ,
174 3609 219 3669 ίνα
245 3611 355 3689 τηρήσω
382 3609 429 3668 καί
458 3607 572 3681 ἐξισάσω
595 3609 629 3667 τὰ
651 3611 720 3688 ἅπερ
742 3609 894 3687 ὑφίστανται
918 3609 998 3668 ἀδικαὶ
1018 3631 1080 3680 τως,
1104 3609 1323 3684 ἀποκαταστῆσαι

41 3731 67 3786 δὲ
89 3733 136 3790 ἕνα
154 3733 268 3790 ἕκαστον
292 3729 330 3803 εἰς
352 3732 383 3790 τδ
405 3729 505 3790 οἰκεῖον
529 3733 608 3790 αὐτοῦ
629 3737 768 3810 πρᾶγμαν,
791 3731 858 3808 ὅπερ
882 3726 1003 3809 ἐξαρχῆς
1026 3731 1164 3811 ἐκέκτητο,
1188 3730 1266 3790 ἀλλὰ
1289 3729 1322 3804 δὴ

40 3851 80 3909 καὶ
108 3853 191 3912 αθτιῦν
218 3859 272 3912 τῶν
299 3851 484 3932 μοναοτηρίων
511 3859 560 3928 τῆς
587 3854 670 3928 αὐτῆς
696 3855 787 3931 νήσου,
816 3853 1035 3926 ἀποκαταστῆσαι
1061 3850 1107 3910 καὶ
1134 3853 1200 3911 αῦτά
1227 3850 1266 3922 είς
1292 3852 1322 3910 τδ

41 3971 132 4033 οἰκεῖον
160 3977 246 4034 αὐτῶν
271 3981 410 4054 πρᾶγμαν,
443 3975 512 4053 ἅπερ
541 3971 661 4061 ἐξαρχῆς
688 3975 828 4054 ἐκέκτητο,
854 3978 1075 4054 προκαικόμησεν
1102 3975 1166 4048 ἡμῖν
1188 3975 1203 4032 δ
1224 3976 1321 4048 τιμιὼ-

40 4115 114 4166 τατσς
144 4097 350 4176 καθηγούμενος
382 4102 431 4172 τῆς
461 4095 611 4172 σεβασμίας
642 4103 727 4172 μονῆς
756 4102 805 4171 τῆς
835 4093 945 4172 Πάτμου
974 4097 1045 4155 θεῖον
1067 4093 1114 4154 καί
1142 4097 1322 4174 προσκυνητδν

42 4216 199 4277 δεσποινικθν
230 4219 349 4298 ὁρισμόν,
380 4219 418 4289 ὡς
448 4204 480 4276 ἂν
512 4219 669 4296 ἐπιτηρῆσαι
699 4218 820 4297 ἀκριβῶς
849 4217 895 4276 καί
926 4218 1065 4296 ἐρευνῆσαι
1096 4218 1165 4292 μετὰ
1194 4215 1240 4276 καὶ
1268 4223 1322 4275 τῶν

43 4333 151 4398 ἐποίκων
169 4348 219 4415 τῆς
239 4341 322 4414 αῦτῆς
342 4343 425 4414 νήσου
444 4338 506 4418 περὶ
527 4347 580 4398 τῶν
604 4339 780 4415 δηλουμένων
804 4339 923 4398 ἐλαϊκῶν
948 4339 1067 4418 δένδρων
1087 4336 1205 4397 καὶτῶν
1226 4339 1321 4416 δρυῶν,

42 4465 95 4529 πῶς
118 4463 328 4542 καθηρπάγηοαν
351 4462 384 4520 ἐκ
406 4465 456 4537 σῆς
477 4467 610 4541 περιοχῆς
631 4463 678 4520 τοῦ
701 4461 829 4539 Σωτῆρος
851 4461 967 4540 Χριστοῦ
989 4457 1035 4518 καὶ
1059 4458 1189 4533 ἐτέθησαν
1213 4457 1251 4530 είς
1273 4459 1321 4534 πἠν

43 4587 83 4638 τοῦ
108 4581 246 4643 ἐπισκόπου
262 4583 445 4664 διακράτησιν.
470 4584 532 4642 ὅθεν
554 4581 600 4640 καί
624 4580 786 4654 ἐπισυνάξας
808 4583 870 4655 τοὺς
893 4582 922 4640 ἐν
939 4583 1005 4662 αῦιῆ
1027 4585 1059 4662 τῆ
1081 4582 1162 4662 χώρᾳ
1184 4577 1322 4650 οἰκοῦντας

43 4699 69 4757 ἐν
90 4709 123 4784 τῆ
144 4704 232 4788 ἑνσρίρ
258 4711 312 4765 τῶν
335 4705 463 4786 Βορηνῶν
490 4702 537 4764 καὶ
564 4703 659 4775 αθτοίις
687 4701 720 4778 δὴ
752 4705 812 4775 τοῦς
834 4701 949 4778 πλησίον
972 4701 1111 4774 οἰκοῦντας
1132 4699 1179 4761 καὶ
1200 4705 1322 4780 γειτνιά-

1069 4821 1115 4876 15*
