3162 5278
240 345 305 411 364

241 539 287 600 καί
317 543 404 618 ψήφον
436 539 464 598 έν
493 546 526 621 τῇ
558 539 774 600 ἀποκαταστάσει
804 545 849 601 τοῦ
876 543 1029 619 ἡγουμένου
1056 543 1127 602 κατά
1154 544 1200 602 τδν
1228 544 1309 604 τύπον
1335 547 1381 603 τοῦ
1408 546 1533 623 κτήτορος

241 669 292 738 τῆς
321 669 407 738 μονῆς
436 664 548 742 ταύτης,
584 661 662 740 ἀγίου
692 661 903 743 Χριστοδούλου,
938 665 1058 738 μηδενθς
1092 666 1184 744 ἑτέρου
1214 664 1363 745 ἱερωμένου
1392 669 1410 739 ἢ
1440 666 1533 725 λαϊκοῦ

242 785 319 855 έκτδς
346 791 395 860 τῆς
423 785 566 858 συσκηνίας
592 791 646 844 τῶν
673 787 797 865 πατέρων
825 786 975 860 δυναμένου
998 785 1216 862 ἀποκαταστῆναι
1239 791 1257 863 ἡ
1282 787 1309 846 ἐν
1331 793 1364 869 τῇ
1387 787 1533 869 ήγουμενῖᾳ

240 909 465 985 ήσυμψηφορεῖν
493 908 521 966 ὲν
547 915 581 988 τῇ
609 907 826 970 ἀποκαταστάσει
854 912 899 970 τοῦ
921 908 1084 987 ήγουμενίου
1112 908 1155 969 ἐπὶ
1176 909 1215 989 τῷ
1238 908 1416 988 φυλάττεσθαι
1438 912 1484 970 τδν
1506 908 1532 982 ἐξ

242 1028 331 1107 ἀρχῆς
364 1028 446 1088 τύπον
476 1035 520 1090 τοῦ
551 1029 729 1111 μοναττηρίου
758 1031 879 1110 καθαρόν
905 1051 935 1092 τε
969 1023 1016 1091 καὶ
1046 1031 1222 1106 ἀμετάθετον.
1255 1035 1287 1090 ἀν
1318 1030 1350 1091 δὲ
1379 1035 1446 1092 ποτέ
1467 1053 1531 1104 τινες

241 1153 473 1230 παρεισφρήσωσιν
497 1151 537 1224 είς
558 1153 588 1211 τδ
610 1158 660 1230 τῆς
682 1151 848 1229 ήγουμενίας
871 1151 989 1231 δφφίκιον
1011 1153 1083 1212 κατά
1106 1153 1242 1226 μεσιτείαν
1265 1156 1283 1224 ἡ
1307 1152 1368 1228 βίαν
1395 1154 1532 1228 πολιτικήν

220 1275 259 1346 ’ἢ
284 1272 446 1350 ἀρχοντικὴν
468 1277 486 1348 ή
510 1273 581 1333 κατά
602 1273 768 1353 ψηφοφορίαν
795 1271 841 1334 καὶ
865 1273 987 1352 ἐκλογὴν
1013 1279 1068 1332 τῶν
1091 1275 1232 1354 νεωτέρων
1253 1275 1378 1354 πατέρων
1405 1273 1452 1334 καὶ
1478 1275 1532 1352 οῦχὶ

242 1398 296 1452 τῶν
318 1395 506 1474 πρεσβυτέρων
534 1394 580 1456 καὶ
602 1401 728 1474 συνετῶν,
757 1393 867 1478 (οἵτινες
892 1395 1068 1476 πρεσβύτεροι
1094 1393 1141 1456 καὶ
1167 1397 1308 1473 νουνεχεῖς
1335 1395 1443 1474 ἀνάγκη
1465 1403 1531 1456 παῖσα

243 1510 313 1574 εἶναι
343 1521 376 1596 τῇ
404 1516 541 1576 δωδεκάδι
566 1523 620 1576 τῶν
648 1517 791 1592 διοικητῶν
817 1523 866 1596 τῆς
893 1523 980 1594 μονῆς
1006 1519 1118 1597 ταύτης,
1147 1519 1185 1589 ὡς
1208 1519 1335 1597 ἀνωτέρω
1359 1516 1530 1601 διείληπται),

244 1637 269 1698 οί
291 1641 405 1698 τοιοῦτοι
428 1645 522 1711 κακῶς
543 1641 792 1719 παρεισφρήταντες
819 1637 858 1709 είς
881 1640 911 1700 τδ
932 1645 982 1716 τῆς
1004 1640 1170 1718 ήγουμενίας
1193 1639 1311 1719 δφφῖκιον
1334 1637 1383 1700 καὶ
1405 1638 1430 1701 οἱ
1454 1639 1531 1717 δεχέ-

244 1780 321 1834 μενοι
352 1760 412 1830 τοῦς
442 1761 576 1833 τοιούτους
605 1762 644 1832 ὡς
670 1762 839 1838 ἡγουμένους
867 1761 1055 1843 καθηρημένοι
1084 1761 1224 1842 ὑπάρχωσι
1254 1762 1329 1844 παρὰ
1358 1763 1422 1822 θεοῦ
1449 1761 1531 1840 κυρίαν

244 1883 462 1962 παντοκράτορος
494 1881 541 1943 καί
571 1885 779 1962 γεγυμνωμένοι
809 1885 899 1960 πάσης
932 1883 1008 1955 θείας
1037 1886 1159 1962 χάριτος.
1196 1882 1307 1943 ἑπειδάν
1338 1881 1368 1942 δὲ
1400 1882 1434 1942 ἐν
1458 1883 1531 1962 χρεία

244 2005 358 2082 γένηται
388 2005 558 2083 χειροτονίας
587 2005 658 2076 τινδς
685 2007 702 2080 ἢ
731 2004 925 2085 ἀρχιερατικῆς
954 2005 1098 2084 ὑπουργίας
1130 2005 1159 2064 ἐν
1189 2003 1227 2082 τῷ
1255 2003 1327 2082 αύτῷ
1356 2003 1530 2082 μοναστηρίῳ,

244 2124 412 2206 προσκαλεῖν
437 2125 489 2207 έχῃ
513 2127 527 2184 ύ
549 2126 716 2204 ἡγούμενος,
740 2127 769 2185 δν
793 2129 825 2185 ἀν
849 2125 991 2200 ἐθελήσειε
1013 2132 1067 2185 τῶν
1091 2125 1241 2206 ἀρχιερέων
1269 2125 1312 2185 ἐπὶ
1333 2125 1372 2204 τῷ
1398 2125 1531 2186 ἐκτελέσαι

244 2246 278 2304 τά
305 2247 482 2328 ἀρχιερατικὰ
509 2249 572 2306 ἀνευ
599 2253 648 2322 τῆς
674 2251 720 2308 τοῦ
747 2246 820 2328 ίεροῦ
847 2249 988 2328 συνθρδνου
1016 2245 1243 2326 ἐγκαθιδρύσεως.
1276 2247 1377 2307 τούτων
1405 2245 1449 2307 σύν
1471 2248 1531 2306 οῦτω

246 2368 344 2439 καλῶς
371 2368 400 2428 ἑν
426 2366 465 2446 τῷ
487 2371 599 2448 παρέντι
626 2369 789 2428 ἐκτεθέντων
816 2367 856 2442 είς
884 2369 1041 2447 ἑπικύρωσιν
1068 2367 1115 2428 καὶ
1138 2375 1192 2430 τῶν
1213 2369 1421 2450 περιεχομένων
1441 2389 1532 2448 προνο-

247 2489 316 2564 μίων
342 2495 392 2564 τῆς
419 2495 506 2566 μονῆς
533 2490 632 2566 ταύτης
655 2490 684 2549 έν
705 2493 762 2562 τοῖς
782 2491 855 2550 κατά
875 2491 987 2568 καιρούς
1010 2490 1144 2551 ἑκδοθεῖοι
1165 2493 1372 2571 πατριαρχικοῖς
1394 2489 1440 2550 καί
1461 2509 1532 2548 συντ·

249 2609 334 2682 δικοῖς
360 2611 505 2690 σιγγιλίσις
527 2614 695 2691 γράμμασιν,
726 2613 799 2684 ὅστις
825 2610 871 2672 καί
898 2613 990 2682 ὁποῖος
1016 2619 1070 2672 τῶν
1097 2613 1221 2672 ἀπάντων
1244 2615 1263 2687 ἢ
1284 2615 1331 2672 τοῦ
1355 2612 1533 2692 ἀρχιερατικοῦ

247 2733 406 2812 καταλόγου
428 2736 446 2808 η
468 2737 514 2794 τοῦ
541 2733 682 2794 πολιτικοῦ
710 2736 880 2810 συστήματος
907 2733 1034 2814 τολμήσῃ
1065 2734 1211 2812 ἀνατρέψαι
1236 2737 1320 2793 ταῦτα
1342 2735 1360 2808 ή
1388 2734 1533 2812 παραβῆναι

248 2853 295 2916 καί
318 2857 445 2932 ἀθετῆσαι
468 2859 486 2932 ἢ
512 2857 671 2938 ἐπίχειρήσῃ
694 2856 877 2936 καταθραῦσαι
903 2857 952 2930 τὴν
975 2855 1112 2915 συντονίαν
1134 2861 1183 2930 τῆς
1206 2860 1444 2934 στοουροπηγιακής
1465 2851 1533 2924 ἀξίας

247 2974 293 3035 καί
319 2979 432 3056 χάριτος
458 2981 502 3038 τοῦ
530 2977 659 3058 ῥηθέντος
682 2978 871 3058 μοναστηρίου,
900 2979 1027 3057 ἐπήρειάν
1050 2997 1079 3037 τε
1106 2975 1152 3036 καὶ
1177 2976 1323 3055 ἐνύχλησίν
1346 2997 1404 3036 τινα
1427 2976 1531 3052 ἐπενεγ-

248 3099 306 3156 κεῖν
326 3097 363 3175 τῷ
383 3100 454 3158 κατὰ
476 3100 586 3180 καιρούς
609 3101 685 3178 ήγου·
731 3121 755 3179 ῳ
778 3097 903 3172 καὶτοῖς
926 3099 954 3159 ἐν
978 3098 1049 3177 αύτῷ
1073 3099 1249 3174 ἀσκουμένοις
1271 3101 1402 3177 πατράσιν
1426 3097 1465 3177 ἐφ’
1480 3097 1531 3173 οἱα-

249 3219 335 3294 δήτινι
363 3223 495 3298 προφάσει
517 3225 535 3296 ἦ
557 3228 716 3302 χρηματικῇ
740 3223 892 3300 ἀπαιτήσει,
920 3223 935 3279 θ
957 3225 1075 3294 τοιοῦτος
1102 3224 1140 3293 ὡς
1169 3221 1278 3292 ἀλαζὼν
1305 3218 1352 3280 καί
1375 3222 1531 3299 κακέτροπος

249 3340 435 3420 ἀφωρισμένος
459 3341 502 3416 είη
529 3341 576 3402 καὶ
601 3345 793 3423 κατηραμένος
822 3341 869 3403 καὶ
897 3339 1092 3422 ἀσυγχώρηττς
1121 3341 1168 3402 καί
1198 3342 1269 3416 μετὰ
1299 3344 1415 3402 θάνατον
1447 3341 1531 3406 ἀλυττς

249 3459 295 3520 καί
321 3465 498 3537 τυμπανιαῖος
524 3463 570 3524 καὶ
596 3468 696 3536 πάσαις
723 3467 782 3536 ταῖς
808 3467 949 3544 πατρικαῖς
976 3463 1022 3524 καὶ
1050 3463 1201 3536 συνοδικαῖς
1228 3463 1306 3542 ἀραῖς
1332 3465 1474 3533 ύπεύθυνος
1492 3457 1531 3518 καῖΙ

251 3583 348 3660 ἔνοχος
370 3583 408 3662 τῷ
431 3583 492 3664 πυρί
514 3591 563 3661 τῆς
578 3587 695 3663 Γεέννης
717 3585 764 3646 καί
786 3585 824 3665 τῷ
848 3584 947 3665 αἰωνίῳ
971 3587 1119 3660 ἀναθὲματι
1141 3584 1280 3655 ύπόδικος.
1304 3583 1344 3658 είς
1367 3593 1432 3662 γοῦν
1455 3582 1530 3642 ἔνδει-

251 3701 290 3775 ξιν
321 3704 443 3780 ἀπελύθη
474 3706 521 3765 καί
549 3708 579 3766 τδ
608 3709 695 3787 παρδν
721 3709 854 3787 ἡμέτερον
883 3708 1078 3787 πατριαρχικθν
1109 3705 1156 3766 καί
1185 3703 1324 3765 ουνοδικδν
1355 3705 1482 3782 τιγῖλλιτν
1507 3701 1530 3758 ἐν

250 3827 422 3907 μεμβράναις
451 3831 566 3908 γράμμα
596 3829 643 3889 καί
672 3829 861 3908 καταστρωθὲν
892 3830 920 3888 ἐν
951 3828 988 3906 τῷ
1018 3827 1083 3908 ἱερῷ
1109 3827 1206 3888 κώδικι
1234 3833 1284 3902 τής
1308 3827 1373 3886 καθ’
1395 3827 1466 3901 ἡμᾶς
1492 3828 1530 3879 τοῦ

249 3948 365 4026 Χριστοῦ
391 3950 520 4026 μεγάλης
547 3950 698 4026 ἐκκλησίας
730 3951 847 4026 ἐπεδόθη
873 3949 913 4029 τῷ
941 3951 1011 4030 αύτῷ
1041 3948 1107 4029 ἱερῷ
1134 3947 1181 4009 καί
1209 3949 1347 4027 σεβασμίῳ
1375 3943 1528 4024 μοναστηρίῳ

249 4074 295 4130 τοῦ
319 4070 397 4148 ἀγῖου
420 4071 547 4130 Ἰωάννου
569 4075 615 4131 τοῦ
638 4069 782 4149 θεολόγον
804 4072 875 4131 κατὰ
896 4073 944 4146 τήν
967 4075 1048 4146 νῆσον
1072 4071 1184 4144 ΙΙάτμον
1207 4067 1246 4140 εἰς
1269 4067 1381 4144 διηνεκῆ
1403 4069 1527 4146 παράπι-

250 4211 299 4253 σιν.
325 4191 358 4250 ἐν
375 4193 442 4252 ἔτει
459 4187 608 4273 σωτηρίῳ
623 4214 644 4270 χ
651 4193 787 4272 ιλιοστῷ
803 4191 1052 4270 ἑπτακοσιοστῷ
1076 4189 1300 4270 ὀγδοηκοστῷ,
1325 4188 1449 4250 ίουλίου
1463 4182 1490 4244 δ’.
1511 4185 1527 4258 ί

354 4317 375 4394 †
399 4315 600 4394 Σωφράνιος,
632 4315 719 4396 ἐλέῳ
748 4319 824 4375 θεοῦ
854 4315 1120 4395 ἀρχιεπίσκοπος
1143 4311 1526 4374 Κωνσταντινουπάλευς.

250 4435 339 4509 Νέας
362 4439 507 4518 Ῥώμης,
531 4435 587 4496 καὶ
610 4436 846 4512 οίκουμενικδς
866 4439 1085 4516 πατριάρχης.
1110 4437 1131 4516 †
1562 4413 1563 4447 ί

250 4559 271 4636 †
294 4560 330 4618 ‘0
354 4559 489 4638 Ἐφέσου
512 4558 683 4632 Σαμουήλ.
707 4561 728 4637 †
924 4559 946 4638 †
969 4558 1004 4616 ‘0
1028 4555 1235 4635 Ἡρακλείας
1260 4551 1472 4625 Μεθάδιος.θ

252 4681 273 4758 †
296 4681 331 4740 ‘0
355 4682 506 4758 Σμύρνης
531 4681 731 4758 Προκύπιος.
757 4681 777 4758 †
924 4679 945 4756 †
970 4680 1003 4740 Ὀ
1026 4677 1147 4754 Βιζίιης
1171 4676 1344 4756 Γερμανὸς.
1369 4675 1389 4752 †
