3160 5292
223 355 287 420 230

223 551 302 610 αὑτοῦ
329 550 399 624 μετὰ
425 555 478 609 τῶν
505 551 652 628 ὑποκριτῶν
675 549 761 627 θήσει,
790 549 853 607 ἔνθα
875 549 893 621 ἡ
917 547 1021 623 ἀπειλὴ
1047 546 1095 606 καί
1116 548 1264 628 παραβολὴ
1289 551 1377 624 πάσης
1400 549 1517 622 εύθὺνης

223 668 294 730 αἰτία
326 669 373 730 καὶ
406 670 484 748 φρίκη
517 717 684 732 ......
716 669 730 726 ό
759 670 884 740 ταπεινός
917 665 977 750 κ[αί
1006 670 1120 743 εὑτελὴς
1154 667 1345 749 ίερο]μόναχος
1372 670 1515 750 Γερμανὸς

222 793 325 870 φθάσας
357 790 396 863 είς
427 794 523 870 μέτρον
553 791 642 868 ἀρχῆς
663 789 844 866 ἡγουμενείας
874 795 923 866 τῆς
950 785 1095 874 {mmuh
1128 789 1182 850 εἴτε
1212 793 1273 850 θεοῦ
1306 792 1426 873 εύδοκίᾳ,
1459 791 1515 851 εἴτε

222 916 417 992 παραχωρήσει
440 915 488 972 οὑκ
510 908 581 990 οἶδα,
605 911 679 994 [θεός
694 911 724 972 δὲ
740 906 809 992 οἶδε]
834 913 915 985 μόνος
938 913 952 970 6
975 917 1027 971 τῶν
1049 919 1172 992 κρυπτῶν
1194 915 1328 991 γνώστης.
1352 911 1398 972 καὶ
1419 935 1514 994 παρα-

222 1035 318 1110 λαβὼν
340 1037 370 1095 τό
392 1035 514 1111 ποίμνιον
536 1035 615 1110 άπημ
632 1083 663 1095 ..
688 1034 760 1112 ἔχων
782 1032 829 1093 καὶ
851 1033 965 1094 πολλῶν
987 1033 1167 1114 πειρατηρίων
1191 1035 1286 1112 ἔνοχον
1310 1035 1404 1094 ἔαυτόν
1423 1057 1514 1094 κατα-

223 1159 336 1237 στήσας,
367 1161 467 1236 μάρτυς
491 1177 541 1232 μου
568 1159 583 1216 6
610 1157 672 1228 θεὸς
698 1154 745 1216 καὶ
771 1158 788 1230 ἡ
817 1155 871 1233 ἐμὴ
898 1152 1068 1241 συνείδη[σις,
1096 1153 1154 1242 οὑκ]
1183 1156 1335 1233 ἀνεπαύθην
1363 1161 1409 1216 τού
1431 1159 1515 1216 τόπου

223 1283 271 1338 ἕνα
293 1277 339 1339 καὶ
363 1282 444 1354 μόνον
468 1279 597 1358 ἐνιαυτόν,
621 1278 687 1338 ἀλλ’
709 1277 752 1337 ἀεί
766 1299 832 1338 ποτε
853 1277 992 1349 κινδύνους
1013 1279 1176 1358 προσέφερον
1198 1279 1244 1337 τόν
1268 1278 1343 1349 ἐντὀς
1364 1277 1411 1338 καὶ
1436 1279 1518 1350 ἐκτός

223 1401 372 1480 ἄνθρωπον,
394 1405 433 1480 πῇ
450 1400 499 1474 μέν
521 1401 570 1474 τὴν
594 1399 689 1478 ἔφοδον
711 1405 765 1458 τῶν
786 1406 920 1480 πειρατῶν
944 1407 997 1459 τῶν
1020 1405 1126 1478 συχνῶς
1147 1399 1364 1478 παραβαλόντων
1385 1407 1418 1482 τῇ
1443 1408 1517 1482 μονῇ

223 1520 262 1594 εἰς
289 1523 318 1581 τδ
348 1523 381 1582 τὰ
410 1526 454 1582 νύν
485 1522 621 1598 δυνάμενα
647 1525 665 1596 ἤ
693 1523 816 1599 ἐχόμενα
845 1523 978 1597 ἐπιζητεῖν
1009 1522 1142 1601 βρώματα
1174 1519 1220 1580 καὶ
1251 1521 1328 1581 ἄλλα
1359 1519 1389 1594 ἐξ
1418 1521 1518 1582 ἄλλων

221 1643 323 1724 ἡδέων,
350 1643 436 1704 δκαὶ
458 1645 520 1722 ἔχει
541 1646 558 1720 ἠ
581 1645 713 1726 λῃστρικὴ
737 1643 823 1703 αὐτῶν
849 1643 1013 1724 παράδοσις,
1041 1641 1203 1722 ἀξουγγίων,
1230 1643 1389 1723 οτυππείων,
1417 1665 1517 1704 πισσο-

221 1787 257 1845 γρ
275 1814 281 1827 .
297 1813 302 1825 .
317 1812 345 1827 ..
362 1787 409 1844 ων,
434 1761 645 1850 [ὑπο]δημάτωυ,
668 1765 867 1838 παππουτζίων,
892 1765 925 1825 ἐκ
947 1770 991 1824 τού
1020 1766 1144 1825 ποθεινού
1167 1765 1214 1824 καί
1244 1765 1396 1846 άμετρήτου
1426 1766 1519 1824 αὑτῶν

222 1888 309 1962 μέθης
339 1892 383 1947 τού
413 1887 494 1966 οίνου,
525 1887 603 1948 ἀλλὰ
632 1885 679 1948 καὶ
709 1886 809 1963 ζημίας
837 1885 986 1968 πλοιαρίων
1013 1889 1141 1966 γεμάτων
1172 1887 1254 1967 μέχρι
1287 1885 1335 1946 καί
1362 1887 1519 1947 δεκαπέντε

221 2009 407 2088 καινουργίων,
434 2009 482 2080 τὰς
510 2009 541 2070 δὲ
564 2009 681 2081 ἀπειλὰς
704 2011 790 2069 αὑτῶν
817 2007 864 2068 καὶ
887 2003 1004 2093 μάχ[ας]
1029 2055 1162 2071 .....
1186 2007 1233 2068 καὶ
1255 2009 1327 2085 βέλη
1350 2008 1389 2080 τίς
1412 2007 1520 2085 διηγη-

222 2151 310 2209 σετοιι;
342 2133 381 2190 ότι
407 2130 453 2190 καί
479 2131 513 2190 τύι
540 2131 652 2210 άψυχα.
668 2177 695 2190 ..
725 2129 773 2189 καί
808 2130 836 2190 αί
865 2132 961 2211 πόρται
991 2131 1025 2190 τὰ
1052 2130 1123 2205 βέλη
1154 2132 1241 2190 αὑτῶν
1271 2133 1520 2209 κατετιτρῶσκοντο

222 2251 291 2327 μετὰ
318 2257 412 2331 φωνῶν
438 2252 484 2312 καὶ
507 2251 620 2332 ὑβρεων.
649 2252 695 2313 καὶ
717 2257 800 2312 ταύτα
825 2253 1001 2325 πλειστάκοις
1026 2253 1136 2332 χρόνοις
1159 2253 1284 2332 ὑπέστην,
1312 2253 1350 2324 ὡς
1376 2251 1467 2312 ίσοισιν
1493 2254 1521 2312 οί

221 2375 330 2451 ἀρχαῖοι
353 2377 490 2455 γέροντες,
512 2373 559 2434 καί
581 2375 734 2454 ἠγωνίσθην
757 2372 920 2455 διαφυλάξαι
942 2373 989 2434 καὶ
1010 2377 1059 2450 τὴν
1082 2374 1167 2450 μονὴν
1194 2372 1241 2434 καὶ
1262 2375 1311 2448 τὴν
1333 2375 1437 2454 χῶραν.
1468 2375 1520 2434 καὶ

223 2496 251 2554 έν
280 2501 314 2577 τῇ
343 2501 389 2556 τοὺ
412 2497 527 2575 Μάρκου
553 2497 628 2567 Γύζιν
655 2497 800 2578 πολιορκίᾳ
831 2495 877 2556 καὶ
905 2499 1002 2576 πράσει
1032 2501 1078 2556 τού
1107 2497 1177 2556 λαού
1206 2496 1367 2570 κατεβλήθη
1394 2498 1412 2570 ἡ
1444 2497 1517 2571 μονὴ

220 2619 298 2696 κενή,
321 2619 360 2692 μὴ
384 2619 458 2695 ἔχειν
484 2620 513 2678 ἓν
539 2615 586 2678 καὶ
615 2621 697 2692 μόνον
723 2619 852 2693 νόμισμα.
881 2617 948 2678 ἀλλ’
971 2621 988 2693 ἡ
1011 2623 1086 2678 πάσα
1113 2617 1162 2694 μία
1188 2618 1293 2696 χιλιάς,
1320 2619 1334 2690 η
1357 2617 1409 2693 μὲν
1430 2619 1518 2694 ἥμισυ

222 2737 303 2814 ἐδόθη
335 2737 367 2798 ἔκ
396 2739 585 2821 φιλοχρίστων,
612 2742 629 2814 ἡ
658 2739 689 2799 δὲ
720 2741 801 2820 ἑτέρα
829 2740 862 2800 ἐκ
890 2746 939 2814 τῆς
969 2745 1064 2816 μονῆς.
1099 2738 1122 2800 εί
1149 2741 1199 2800 ούκ
1221 2741 1389 2816 ἐποιησάμην
1419 2740 1518 2818 οὑτως,

221 2861 294 2931 ἅπας
316 2861 331 2920 6
353 2861 422 2931 λαός
444 2862 459 2921 ό
481 2859 672 2941 πολιορκηθεὶς
700 2859 744 2920 διὰ
767 2861 907 2942 μαχαίρας
930 2861 1073 2940 διήρχετο·
1095 2859 1121 2921 τί
1144 2861 1175 2922 δὲ
1201 2859 1247 2920 καὶ
1273 2865 1320 2921 τού
1341 2863 1446 2940 ἡμέρου
1468 2862 1519 2921 καὶ

220 2987 329 3042 τοπικού
363 2983 432 3042 λαοῦ
464 2981 512 3042 καὶ
545 2987 675 3060 μοναχῶν
707 2983 754 3043 καί
783 2989 935 3063 κοσμικῶνρ
970 2981 1010 3054 τίς
1044 2983 1202 3060 διηγήσεται
1233 2985 1251 3058 ἢ
1283 2983 1435 3060 ἀναγγελεῖ
1465 2983 1519 3056 τὰς

220 3103 329 3184 πικρίας
354 3106 468 3186 τούτοις,
496 3108 529 3178 ἂς
550 3105 675 3186 ὑπέστην,
698 3103 744 3166 καὶ
768 3102 890 3184 ἑξορίας,
917 3108 951 3178 όίς
973 3104 1104 3180 ὑπέμεινα
1132 3105 1177 3165 διὰ
1198 3107 1247 3180 τὴν
1271 3105 1367 3186 μονήν,
1395 3107 1517 3180 μήπως

221 3223 251 3298 ἐξ
277 3225 351 3287 σίκου
373 3228 494 3306 γένηται,
521 3225 568 3286 καί
590 3229 605 3286 6
627 3227 690 3298 θεὸς
717 3225 862 3306 διεφύλαξε
890 3228 987 3302 ταύτην
1015 3225 1061 3287 καὶ
1083 3229 1100 3301 η
1125 3227 1257 3307 ύπεραγία
1279 3227 1408 3298 θεοτόκος
1429 3224 1476 3286 καὶ
1500 3230 1516 3286 6

221 3347 299 3424 ἅγιος
324 3347 412 3427 πατὴρ
434 3347 635 3428 Χριστόδουλος
661 3347 707 3408 καὶ
735 3350 818 3426 μέχρι
843 3349 889 3408 τού
915 3353 959 3408 νύν
989 3347 1093 3407 ἵσταται
1125 3348 1217 3424 άσινὴς
1243 3345 1437 3408 πολυπαθούσα
1468 3347 1516 3407 καὶ

222 3467 275 3550 βοᾷ
301 3470 368 3547 πρός
394 3469 483 3549 κούριον
510 3471 613 3550 νύκτωρ
642 3467 688 3529 καὶ
719 3470 779 3544 μεθ’
802 3472 908 3548 ἡμέραν
935 3469 980 3528 καὶ
1008 3473 1137 3540 σώζονται
1164 3467 1249 3546 ψυχαί
1280 3469 1434 3550 κατόδυναι,
1463 3471 1516 3530 κᾶν

221 3588 268 3648 καὶ
291 3589 347 3666 ἐγὼ
375 3591 541 3665 ἀπόλλυμαι.
571 3589 617 3650 καί
641 3589 709 3663 δόξα
725 3613 766 3650 σοι
789 3594 804 3650 6
826 3593 889 3660 θεός
912 3589 955 3649 ἐπί
978 3591 1093 3660 τούτοις,
1119 3593 1134 3650 6
1157 3591 1239 3664 μόνος
1261 3592 1291 3650 τό
1315 3592 1448 3669 συμφέρον
1472 3591 1515 3651 σί-

221 3716 355 3786 κονσμῶν.
391 3713 516 3786 ἔλθωμεν
547 3713 578 3774 δὲ
609 3711 655 3773 καὶ
686 3713 728 3774 ἐπὶ
758 3717 814 3784 τοῖς
844 3712 1042 3788 οἰκοδομήμασι
1073 3715 1128 3784 τοῖς
1159 3709 1223 3790 ἔξω,
1254 3709 1291 3772 ὧν
1318 3715 1336 3788 η
1366 3715 1437 3788 μονὴ
1466 3715 1515 3774 ούκ

221 3827 304 3908 οἶδεν,
343 3833 404 3893 οὑδὲ
443 3835 533 3914 ἔσχεν,
571 3827 627 3895 οἷον
661 3836 676 3892 6
707 3831 814 3914 Πύργος
849 3835 877 3894 ἐν
910 3837 965 3907 τοῖς
997 3834 1146 3907 Παλατίσις
1183 3833 1229 3894 καὶ
1265 3833 1433 3895 ἐκινδύνευσε
1467 3835 1513 3895 καὶ

220 3955 316 4016 πολλὰ
343 3955 417 4016 δεινὰ
441 3955 483 4016 ἐπὶ
505 3957 597 4016 τούτου
620 3959 736 4032 ὑπέστην
760 3958 890 4034 ἐγκαλῶν
912 3959 974 4030 τούς
997 3957 1121 4031 βασιλεῖς
1143 3957 1189 4017 καὶ
1211 3964 1295 4018 ποιῶν
1317 3957 1513 4037 χρυσόβσυλλα

221 4076 268 4137 καί
294 4078 420 4156 ὁρισμούς
446 4077 493 4138 καὶ
519 4079 679 4159 περιορίσεις
705 4078 752 4138 καί
773 4078 938 4159 παραδόσεις
961 4079 1138 4158 άναγραφέων
1162 4077 1208 4138 καί
1231 4077 1341 4151 ἐξόδους
1364 4080 1409 4140 διὰ
1431 4101 1511 4156 νομι-

222 4203 331 4274 σμάτων
357 4200 467 4272 πολλὰς
496 4200 725 4276 έκατεβαλλόμην
752 4199 798 4260 καὶ
819 4202 946 4282 ἠγόρακα
973 4199 1019 4262 καὶ
1042 4207 1093 4280 γῆν
1118 4201 1193 4273 ἐντός
1218 4205 1264 4262 τού
1290 4201 1404 4279 Πύργον.
1433 4207 1510 4282 πρῶ-

179 4321 180 4326 ’
220 4340 306 4380 τιστσν
334 4321 469 4400 ἔγγραφον
496 4325 542 4382 τού
566 4322 746 4404 Μαιανδρινοὺ
769 4325 889 4394 Λέοντος
915 4321 960 4382 καὶ
984 4323 1128 4382 Βασιλείου
1154 4327 1199 4382 τού
1222 4322 1340 4400 άδελφού
1364 4324 1511 4383 αὑτοῦκαὶ

221 4442 424 4504 Κωνσταντίνυυ
454 4448 500 4504 τού
527 4445 691 4523 Καρεστινού
724 4445 771 4502 καὶ
798 4443 999 4503 Κωνσταντίνου
1034 4449 1079 4504 τού
1108 4445 1218 4524 Πλεύρη
1254 4444 1392 4524 ύπέρπυρα
1428 4445 1510 4506 εἴκοσι

222 4559 268 4622 δύο
295 4561 341 4622 καὶ
367 4563 444 4624 όνικόι
470 4564 530 4645 τρία
558 4563 598 4636 είς
625 4567 672 4639 τἠν
694 4565 805 4641 γονικὴν
833 4566 919 4624 αὑτῶν
947 4564 1054 4644 μερίδα.
1086 4565 1210 4644 δεύτερον
1238 4565 1373 4644 ἔγγραφον
1401 4565 1441 4638 είς
1464 4569 1510 4642 την

222 4683 304 4756 αὑτὴν
326 4689 378 4760 γῆν
399 4685 535 4766 ὑπέρπυρα
563 4687 639 4746 έπτά.
667 4685 753 4765 τρίτου
782 4687 916 4766 ἔγγραφον
943 4685 983 4758 εἰς
1006 4685 1100 4764 ἔξάγιν
1127 4688 1262 4766 ύπέρπυρα
1291 4689 1370 4747 πέντε
1399 4687 1440 4760 είς
1463 4690 1509 4762 την
