3228 5294
269 343 312 410 26
382 391 385 402 .

269 540 389 618 καθαρού
411 539 564 614 συνειδότος
586 539 632 602 καὶ
654 543 821 621 ήγιισμένης
842 547 933 622 ψυχῆς
954 543 1001 604 καί
1022 545 1173 626 προθυμίας
1195 546 1309 620 ζεούοης
1329 540 1378 606 καὶ
1391 545 1569 628 παριστύαης

269 662 378 722 ἐκτῶν
402 659 503 734 ἔξωθεν
526 663 694 742 δωρημάτων
715 665 764 740 τὴν
787 666 1012 746 ἐγκενρυμμένην
1035 667 1138 728 ἔσωθεν
1160 668 1246 728 πίστιν
1273 666 1406 750 είλικρινή
1428 667 1476 730 καί
1498 671 1566 730 διά-

268 804 359 865 πυρον.
404 784 439 846 τὰ
460 789 525 863 γοῦν
547 786 585 866 τῷ
608 785 664 866 θεῷ
689 785 736 847 καί
762 794 796 868 τῇ
823 789 916 848 τούτου
946 787 1026 870 μητρὶ
1055 793 1262 871 προσφερόμενα
1289 791 1340 869 ούχ
1369 793 1409 851 ότι
1439 786 1568 873 χρειώδη

269 907 370 980 τούτοις
392 911 474 968 ταύτα
495 911 688 990 προσάγονται,
711 909 779 970 ἀλλ’
794 911 868 982 όπως
891 913 924 970 άν
947 907 978 984 ἐξ
1000 913 1087 972 ούτῶν
1110 911 1299 993 άποτρέφοιντο
1317 913 1343 974 σί
1363 913 1392 972 ἐν
1411 917 1468 987 τοῖς
1486 917 1570 985 ναοῖς

269 1031 357 1090 ούτῶν
378 1032 598 1111 προσκαθήμενοι
621 1029 738 1109 μοναγοί
758 1030 805 1092 καί
828 1037 881 1092 τῶν
904 1032 1060 1111 ἀναγκαίων
1081 1032 1215 1106 ἀνενδεῶς
1237 1035 1349 1112 ἔχοντες
1363 1037 1568 1117 προθυμότερον

269 1153 314 1211 τὀν
337 1153 481 1228 ἀσκητικδν
504 1155 584 1214 θέωσι
608 1153 729 1234 δίαυλον,
758 1153 805 1214 καὶ
835 1155 901 1234 ύπέρ
930 1159 977 1214 τοῦ
1006 1156 1108 1230 κόσμου
1137 1157 1238 1226 παντός
1268 1155 1315 1217 καὶ
1340 1163 1391 1232 τῆς
1418 1157 1569 1234 βασιλείας

269 1235 348 1349 ἡμῶύ
372 1277 538 1356 θερμοτέρας
559 1276 608 1348 τὰς
631 1277 696 1355 πρὸς
718 1277 781 1336 θεδν
804 1273 937 1349 ἐντεύξεις
958 1279 1085 1359 ποιοῖντο,
1109 1279 1200 1338 όιτοῑον
1220 1277 1253 1354 δὴ
1273 1277 1320 1338 καί
1334 1279 1369 1339 τὰ
1382 1283 1427 1340 νύν
1441 1281 1569 1341 τελεῖται

269 1397 344 1477 παρὰ
366 1403 416 1474 τῆς
437 1399 574 1479 ἡμετέρας
600 1397 760 1472 θεοσεβείας
786 1397 833 1460 καί
859 1400 1056 1478 γαληνότητος.
1092 1400 1152 1478 ἔχει
1173 1399 1228 1480 γὰρ
1250 1399 1346 1461 ούτωσί
1366 1401 1401 1462 τὰ
1422 1407 1471 1479 τῆς
1492 1403 1568 1464 ύπο-

270 1521 382 1590 θέσεως.
426 1521 475 1595 τὴν
497 1525 576 1598 νῆσον
600 1520 688 1600 Λέρον
710 1519 756 1582 καὶ
778 1523 809 1581 τό
831 1519 949 1596 νησίδιον
972 1521 1020 1596 τὴν
1042 1521 1138 1600 Λειψιλι
1160 1520 1207 1581 καὶ
1228 1523 1277 1598 τὴν
1300 1523 1395 1603 ἑτέραν
1416 1529 1497 1601 νήσον
1513 1526 1569 1601 τὴν

270 1643 424 1722 Φαρμακδν
446 1641 658 1723 προεδωρήσατο
676 1649 709 1724 τῇ
730 1648 800 1723 μονή
819 1646 866 1703 τού
882 1643 1074 1704 Παντεπόπτου
1092 1645 1123 1703 τδ
1138 1645 1237 1724 κράτος
1251 1646 1331 1721 ήμῶν
1347 1641 1379 1718 ἐξ
1393 1645 1568 1729 ὁλοκλήρου,

269 1763 363 1836 καθὼς
384 1761 460 1845 εἰσίν,
483 1759 561 1824 ἀλλὰ
584 1763 654 1839 μετὰ
675 1768 758 1825 ταῦτα
779 1763 1003 1845 λυσιτελέστερόν
1025 1785 1050 1824 τι
1071 1766 1134 1824 καθ’
1150 1765 1249 1840 ἑαυτὴν
1271 1768 1431 1844 σκεψαμένη
1454 1769 1472 1842 ή
1495 1769 1568 1848 άγία

269 1907 322 1962 μου
344 1887 472 1946 δέσποινα
493 1884 541 1947 καί
561 1887 741 1968 περιπόθητος
764 1889 854 1967 μήτηρ
876 1888 959 1961 αἰπής
980 1889 1134 1965 μετήνεγκε
1160 1891 1244 1948 ταῦτα
1273 1888 1344 1948 κατὰ
1370 1890 1467 1968 τρόπον
1494 1891 1567 1950 ἀντ-

270 2007 402 2088 αλλαγῆς
424 2009 469 2070 διὰ
489 2009 697 2088 χρυσοβούλλου
718 2011 804 2088 λόγου
825 2016 875 2086 τῆς
897 2009 1039 2086 βασιλείας
1069 2029 1121 2084 μου
1150 2011 1218 2088 προς
1246 2010 1295 2084 τὴν
1325 2009 1485 2071 δεσποτείαν
1516 2019 1568 2074 τοῦ

269 2131 429 2212 Μυρελαίου
451 2129 498 2194 καί
520 2132 684 2192 ἀντιδέδωκε
711 2138 745 2213 τῇ
773 2139 843 2214 μονῇ
872 2135 919 2192 τού
946 2134 1074 2211 Σωτῆρος
1103 2132 1208 2192 ἐκεῖθεν
1239 2135 1331 2211 ἕτερον
1360 2139 1463 2214 κτῆμα,
1494 2136 1567 2214 ὅπερ

270 2253 413 2328 ἐβούλετο·
437 2255 505 2315 ἀλλ’
521 2256 590 2316 ούτω
604 2261 654 2331 τῆς
670 2254 850 2332 άνταλλαγής
865 2253 1006 2334 προβάσης
1021 2256 1117 2334 αύτῶν,
1134 2254 1235 2334 ἐπεφύη
1251 2255 1352 2327 τούτοις
1367 2257 1382 2315 ό
1396 2275 1427 2314 τε
1443 2256 1566 2336 βεστοίρ-

267 2397 323 2455 χης
337 2377 353 2435 6
368 2377 514 2458 Μάτζαρος
528 2376 575 2437 καί
588 2397 660 2449 τινες
675 2380 762 2457 ἕτεροι
776 2376 823 2436 καί
843 2373 970 2450 ἐξενίκων
989 2377 1039 2453 τὴν
1058 2381 1140 2452 νῆσον
1156 2377 1244 2455 Δέρον
1268 2377 1385 2458 ἅπασαν,
1409 2379 1448 2450 ῶς
1471 2381 1568 2452 αύτοῐς

270 2498 446 2579 διαφέρουσιν.
481 2499 567 2560 τοίνυν
582 2497 628 2560 καί
643 2496 788 2579 προστάξει
809 2503 856 2559 τού
877 2501 992 2578 κράτους
1014 2500 1093 2574 ήμῶν
1115 2497 1316 2578 γυμνασθείσης
1337 2506 1386 2575 τῆς
1408 2501 1568 2575 ὑποθέσεως

268 2621 342 2702 παρὰ
368 2621 407 2701 τῷ
432 2622 648 2703 πρωτοπροέδρῳ
674 2619 721 2682 καὶ
744 2619 788 2682 ἐπί
808 2624 855 2682 τού
882 2621 1051 2701 κανικλείου,
1082 2617 1119 2685 τῶ
1149 2619 1308 2700 οἰκειοτάτῳ
1338 2627 1390 2696 τῆς
1415 2621 1565 2697 βασιλείας

269 2764 331 2824 μου,
353 2743 399 2804 καὶ
421 2742 460 2822 τῷ
481 2743 695 2824 πρυντοπροέδρῳ
717 2742 764 2804 καί
786 2741 830 2802 ἐπί
852 2749 905 2802 τῶν
927 2743 1053 2823 νρίσεων,
1085 2743 1220 2821 ἐφάνησαν
1248 2745 1442 2818 ματαιάζοντες
1464 2743 1490 2803 οἱ
1512 2747 1567 2820 τὴν

267 2873 348 2942 νῆσον
370 2865 418 2941 τὴν
441 2867 530 2947 Λέρον
554 2867 738 2942 ἐπιζητοῦντες
760 2865 934 2938 δεσποτικῶς.
979 2863 1026 2925 καί
1055 2864 1139 2938 δηλοῖ
1164 2863 1226 2945 περὶ
1253 2864 1353 2924 τούτων
1380 2865 1411 2924 τδ
1437 2867 1568 2926 συντεθὲν

268 2975 343 3067 παρὰ
364 2994 417 3048 τῶν
440 2986 589 3068 εἰρημένων
612 2987 717 3069 ἀνδρῶν
744 2987 889 3064 σημείωμα
919 2989 997 3063 μάλα
1027 2992 1128 3066 σαφῶς.
1175 2987 1204 3046 ἐν
1234 2988 1290 3065 όσῳ
1318 2991 1461 3066 τοιγαροῦν
1492 2989 1567 3049 σύτω

268 3115 351 3171 ταῦτα
367 3111 523 3191 ἐτράπετο,
545 3113 658 3192 προσῄει
677 3109 715 3190 τῷ
735 3113 828 3190 κράτει
847 3117 896 3186 τῆς
916 3109 1057 3185 εύσεβείας
1075 3109 1154 3184 ήμῶν
1177 3109 1192 3166 ό
1214 3107 1415 3182 εύλαβέστατος
1437 3111 1567 3188 μοναχδς

269 3233 471 3313 Χριστόδουλος
489 3231 536 3292 καί
557 3232 713 3310 ἡουχύστής
735 3233 750 3290 6
771 3230 832 3312 πρὶν
855 3231 884 3291 ἐν
906 3231 945 3310 τῷ
967 3231 1025 3310 όρει
1046 3235 1092 3290 τού
1108 3231 1215 3308 Λάτρσυ
1237 3229 1287 3302 τὰς
1309 3229 1446 3310 διατριβὰς
1464 3234 1566 3291 ποιού-

270 3375 362 3432 μενος,
385 3353 432 3414 καὶ
454 3349 526 3414 κατὰ
548 3354 636 3434 δῶρον
659 3353 771 3432 δοθῆναί
790 3353 816 3413 οἱ
829 3354 1063 3436 προσελιπάρησεν
1084 3350 1124 3424 είς
1142 3353 1284 3432 πρόσωπον
1300 3357 1350 3427 τῆς
1364 3350 1566 3431 ἁνεγερθείσης

268 3473 333 3556 παρ’
357 3477 436 3536 αύτού
466 3481 552 3552 μονῆς
583 3475 626 3535 ἐπ’
649 3475 760 3552 όνόματι
790 3482 838 3552 τῆς
867 3477 1006 3554 πανάγνου
1027 3473 1074 3534 καὶ
1100 3475 1268 3554 θεομήτορος
1293 3476 1324 3533 τό
1346 3493 1376 3533 τε
1398 3474 1490 3549 νησίον
1513 3477 1568 3551 τὴν

269 3597 366 3676 Λειψθι
389 3593 420 3670 ἐξ
441 3596 607 3679 ὁλοκλήρου,
637 3599 730 3670 καθῶς
751 3597 832 3678 ἐστιν,
858 3595 905 3657 καί
927 3597 980 3657 ἀπδ
1005 3601 1055 3672 τῆς
1076 3598 1157 3671 νήσου
1180 3595 1270 3673 Λέρου
1291 3595 1322 3653 τδ
1344 3597 1515 3677 προάστειον,
1551 3600 1568 3657 6

271 3719 420 3800 Παρθένιον
436 3719 625 3802 ἐπικέκληται,
647 3719 694 3780 καί
712 3721 743 3779 τδ
762 3721 929 3801 προάστειον,
952 3720 967 3778 6
988 3719 1125 3794 Τεμένεια
1145 3717 1343 3793 ἐπωνόμασται.
1378 3717 1444 3798 πρὸς
1459 3718 1567 3792 τούτοις

271 3839 371 3901 δὲκαὶ
393 3842 423 3900 τδ
445 3843 527 3917 ήμιου
549 3845 596 3902 τοῦ
623 3841 652 3901 ἐν
679 3843 746 3924 αύτῇ
773 3839 949 3922 καστελλίου,
979 3845 1026 3901 τού
1048 3833 1201 3899 Παντελίου
1231 3837 1375 3920 ἐγχωρίως
1404 3837 1450 3899 καί
1481 3839 1567 3901 αθτού

269 3965 451 4041 καλουμένου,
490 3968 573 4024 ταῦτα
593 3964 644 4040 μὲν
667 3959 712 4024 ούν
735 3964 750 4022 6
773 3961 897 4040 εύλαβής
918 3961 987 4042 ἀνὴρ
1009 3960 1098 4022 ούτοσὶ
1118 3961 1341 4042 προσκυρωθῆναι
1362 3965 1396 4040 τῇ
1419 3968 1489 4043 μονῇ
1514 3969 1567 4038 τῆς

269 4089 460 4168 παναχράντου
482 4085 626 4163 δεσποίνης
653 4085 688 4146 δι’
710 4082 856 4157 ἐντεύξεως
883 4084 1037 4164 ἐποιήσατο,
1066 4084 1084 4160 ή
1108 4082 1139 4143 δὲ
1166 4082 1332 4161 ταχυπειθὴς
1354 4083 1438 4162 τούτῳ
1460 4085 1566 4163 γέγονε

271 4207 318 4269 καὶ
340 4210 518 4286 συγκάταινον
542 4208 654 4288 εύρούσα
675 4204 714 4284 τῷ
737 4208 834 4283 ταύτης
855 4206 948 4286 σκοπῷ
970 4203 1017 4265 καὶ
1038 4205 1086 4280 τὴν
1114 4203 1194 4283 άγίαν
1217 4225 1268 4280 μου
1291 4203 1434 4264 δέσποιναν
1457 4201 1567 4288 (χαίρει

269 4331 324 4409 γὰρ
339 4329 385 4390 καί
400 4331 466 4406 αύτη
487 4329 646 4410 δωρουμένη
665 4330 752 4390 πλέον
770 4329 841 4409 ήπερ
860 4326 1041 4404 λαμβάνουσα
1060 4325 1107 4388 καί
1126 4327 1210 4404 λῆψιν
1230 4325 1296 4401 αύτη
1311 4327 1360 4402 τὴν
1376 4325 1448 4386 δόσιν
1464 4325 1566 4410 οίεται,

270 4452 366 4525 καλῶς
387 4447 459 4529 σ’ίγαν
480 4449 528 4512 καί
550 4452 684 4530 θεοφιλῶς
704 4447 752 4511 καί
772 4445 843 4510 κατὰ
864 4449 910 4510 τδν
931 4449 1018 4527 λόγον
1040 4449 1085 4508 τὀν
1104 4445 1265 4530 πρέποντα),
1292 4447 1449 4528 ἐδωρήσατο
1475 4450 1566 4530 τούτῳ

269 4594 300 4632 τε
322 4572 368 4634 καί
390 4579 424 4654 τῇ
445 4575 629 4653 παναχράντῳ
650 4573 729 4647 ἡμῶν
752 4571 879 4653 δεσποίνῃ
901 4567 947 4630 καί
969 4573 1015 4630 τού
1037 4569 1124 4649 λόγου
1147 4567 1227 4651 μητρὶ
1248 4574 1331 4630 ταῦτα
1354 4569 1400 4630 διὰ
1421 4573 1467 4630 τού
1487 4591 1565 4652 παρ-

270 4696 347 4770 όντος
367 4693 575 4776 χρυσοβούλλου
601 4694 687 4773 λόγου
716 4694 807 4774 αύτής,
836 4692 867 4784 ού
893 4697 1033 4773 καιρικῶς,
1064 4689 1127 4754 ούδέ
1156 4695 1266 4774 χρόνοις
1295 4691 1462 4774 άριθμητοῑς,
1493 4693 1565 4754 ἀλλ’
