3184 5288
47 799 122 873 πατὴρ
143 797 222 870 ἡμῶν
247 795 447 874 Χριστόδσυλος
470 793 508 873 τῷ
530 796 606 872 πόθῳ
628 798 675 854 τοῖν
705 794 884 872 ήγαπημένου
916 791 1030 872 τρωθείς
1060 791 1106 852 καί
1130 799 1162 874 τῇ
1184 797 1230 853 τοῦ
1252 796 1334 852 τόπτυ

48 917 230 990 τεβασμιότητι
253 917 315 976 κατ’
332 917 418 997 ἀκρας
441 915 459 974 ἀ
490 963 655 978 .....
680 913 726 974 καί
743 915 872 992 μάλιστα,
889 914 928 973 δτι
943 914 990 974 καί
1014 913 1121 994 σκληρὰ
1142 913 1189 973 καί
1212 909 1334 999 [impu]-

46 1041 139 1113 κωτότη
161 1040 180 1112 ἡ
204 1039 288 1113 νῆσός
312 1037 435 1097 ἐστικαὶ
458 1037 565 1116 μακρὰν
592 1042 642 1112 τῆς
669 1035 781 1114 ἠπείρου
808 1036 997 1114 ἀπῳκισμένη,
1025 1037 1123 1112 ταύτην
1145 1056 1175 1095 τε
1198 1037 1267 1116 προς
1288 1041 1335 1096 τοῦ

46 1160 246 1239 ἀειμακαρίστου
273 1159 414 1234 βασιλέως
440 1158 487 1218 καί
514 1161 625 1220 πάππου
654 1163 704 1233 τῆς
735 1156 816 1234 άγίας
847 1155 992 1231 βασιλείοις
1022 1179 1069 1218 σου
1101 1154 1251 1239 ἐξῃτήσατο
1288 1155 1335 1217 καί

47 1279 219 1357 αἰτησάμενος
243 1279 331 1354 ἔλαβε
355 1281 401 1340 διά
422 1280 629 1361 χρυσοβοίιλλου
652 1279 738 1357 λόγου
761 1285 810 1353 τῆς
834 1278 915 1356 ἁγίας
944 1276 1087 1354 βασιλείας
1111 1277 1225 1352 ἐκείνου,
1251 1279 1335 1338 ἐλευ-

46 1405 117 1480 θέρον
138 1401 187 1463 καὶ
203 1403 399 1463 αίποδέσποτον
414 1402 461 1463 καί
476 1401 555 1462 παντὶ
572 1395 728 1484 [προσώπῳ]
744 1401 904 1480 πρακτόρων
927 1403 944 1474 ἢ
968 1399 1014 1460 καί
1037 1400 1216 1480 ἀναγραρέων
1238 1402 1335 1474 ἥκιστα

46 1525 166 1598 βάσιμον·
184 1527 223 1596 ώς
239 1523 326 1604 δώρου
342 1525 396 1604 γἀρ
412 1525 493 1599 αάτίῑν
516 1523 563 1584 καί
577 1523 649 1602 ίερδν
666 1523 794 1598 ἀνάθημα
814 1519 853 1600 τῷ
873 1522 1000 1602 παρθένῳ
1023 1521 1069 1582 καὶ
1093 1520 1230 1601 Θεολόγῳ
1254 1519 1336 1608 [κατὰ

44 1647 85 1719 την
107 1641 221 1732 αἴτησιν]
252 1651 298 1706 τοῦ
329 1645 407 1725 ἁγίου
436 1647 538 1727 πατρός
567 1647 615 1720 τὴν
645 1645 769 1720 τοιαίτην
801 1651 882 1718 νῆσον
909 1643 958 1720 τὴν
983 1643 1094 1718 [ίοίτμον
1118 1643 1162 1704 σθν
1184 1650 1217 1725 τῇ
1241 1642 1336 1724 Λειψῷ

45 1767 84 1825 καί
111 1769 168 1839 ταῖς
201 1765 263 1828 δυσί
290 1767 460 1848 προαστείοις
490 1767 562 1828 κατὰ
591 1767 639 1840 τἠν
671 1768 760 1846 Λέρου
792 1767 973 1841 διακειμένοις
1002 1766 1032 1824 τδ
1064 1765 1204 1838 βασιλειαν
1232 1765 1336 1825 ἐκείνου

44 1893 134 1966 κρίτος
151 1889 275 1966 ἀνέθετο,
292 1889 451 1950 ἀποσπάσαι
474 1892 558 1948 ταῦτα
581 1885 612 1960 ἐξ
631 1888 789 1966 ὁλοκλήρου
812 1891 857 1946 τοῦ
881 1885 1021 1964 δημοσίου,
1045 1886 1198 1958 ἀντιδόντος
1220 1885 1268 1946 καί
1290 1890 1337 1946 τοῦ

45 2013 135 2089 πατρός
157 2012 197 2090 τῷ
221 2011 299 2090 μέρει
320 2015 367 2071 τοῦ
390 2009 521 2088 δημοσίου
550 2011 601 2068 ὅσα
632 2003 703 2068 κατὰ
725 2010 773 2084 τὴν
796 2015 878 2083 νῆσον
900 2009 949 2082 την
980 2007 1030 2066 Ka»
1060 2008 1164 2080 ἐκεῖνος
1195 2009 1336 2084 ἐκέκτητο.

45 2131 86 2190 καί
115 2132 247 2208 δηλοῦται
276 2133 311 2190 τὰ
337 2130 399 2213 περὶ
422 2133 521 2192 τοίιτιυν
543 2131 711 2212 πλατότερσν
735 2131 764 2190 ἐν
790 2130 829 2210 τῷ
854 2129 1006 2207 δηλωθέντι
1032 2130 1231 2210 χρυσοβσίιλλῳ
1258 2131 1338 2211 λόγῳ

45 2258 87 2328 τῆς
109 2253 269 2334 ἐλευθερίας
300 2255 396 2314 αθτῶν.
424 2252 471 2314 καί
494 2254 578 2324 οότως
608 2255 623 2312 ό
652 2253 741 2332 πατὴρ
770 2253 819 2328 τὴν
846 2253 960 2328 ἀνικμσν
987 2250 1033 2312 καί
1061 2253 1183 2332 σκληρὰν
1217 2253 1256 2325 ώς
1279 2273 1339 2312 τινα

45 2374 141 2454 πίειραν
171 2373 219 2434 καί
247 2375 449 2450 είιθαλεστάτην
475 2377 570 2456 χώραν
600 2374 773 2454 παραλαβὼν
805 2375 832 2434 ἐν
864 2376 931 2454 αὐτῇ
957 2379 990 2456 τῇ
1018 2374 1132 2456 σκοπιᾷ,
1161 2374 1226 2434 ἔνθα
1253 2375 1339 2450 ὁτῆς

47 2494 152 2572 βροντῆς
178 2496 240 2568 υίδς
269 2496 319 2568 τὰς
349 2502 399 2573 τῆς
429 2499 542 2576 χάριτος
572 2497 637 2568 νέας
667 2496 779 2567 πλάκας
802 2502 834 2578 τῇ
859 2497 1035 2577 βροντορώνῳ
1065 2492 1177 2578 γλώττῃ
1200 2493 1339 2568 λαξεὺσας
1384 2545 1396 2566 ,

47 2617 84 2694 ἀρ’
99 2617 205 2694 ὑψηλοῦ
227 2620 275 2693 τὴν
299 2617 461 2695 οἰκουμένην
485 2619 711 2698 έμυσταγώγησε,
735 2619 784 2692 τὴν
805 2618 868 2677 καθ’
885 2619 960 2692 ἡμᾶς
982 2616 1110 2692 δουλικὴν
1127 2639 1173 2677 σου
1197 2617 1283 2693 μονὴν
1307 2617 1340 2677 ἐκ

46 2740 178 2818 κρηπίδων
202 2736 356 2820 ἀνήγειρεν,
382 2739 410 2798 ἐν
433 2734 451 2822 ᾖ
474 2738 521 2800 καί
550 2741 580 2800 τό
613 2743 783 2815 μνημόσυνον
813 2745 863 2814 τῆς
894 2739 998 2800 ἐκείνου
1021 2759 1051 2799 τε
1084 2739 1165 2818 ἁγίας
1195 2736 1340 2815 βασιλείας

46 2861 224 2933 ἀδιαλείπτως
248 2861 422 2937 ἐπιτελεῖται,
446 2865 492 2920 τοῦ
516 2861 728 2942 ἀειμακαρίστου
750 2863 852 2940 πατρός
878 2866 928 2936 τῆς
952 2859 1034 2936 ἁγίας
1057 2859 1201 2934 βασιλείας
1224 2882 1270 2922 σου
1292 2859 1340 2921 καί

45 2983 118 3042 α”ποῦ
142 2983 176 3058 δὴ
199 2987 246 3042 τοῦ
270 2983 362 3042 ἐνθέου
384 2985 499 3062 κράτους
522 3002 584 3043 σου·
607 2984 675 3062 πρδς
696 2980 752 3063 γάρ
773 2990 807 3064 τῇ
839 2979 970 3064 εἰρημένῃ
996 2986 1050 3040 τών
1077 2983 1166 3056 νήσων
1197 2982 1340 3062 ἀριερώσει

45 3103 86 3162 καί
109 3105 225 3183 δωρεαῖς
248 3103 385 3184 διαφόροις
409 3104 488 3164 αὺτοῦ
503 3124 532 3162 τε
554 3107 600 3162 τοῦ
624 3103 747 3178 ἀοιδίμου
769 3105 878 3162 πάππου
900 3108 949 3178 τῆς
973 3100 1116 3177 βασιλείας
1140 3122 1186 3162 σου
1208 3099 1256 3161 καὶ
1277 3105 1340 3178 ατί,-

46 3245 117 3304 τσρος
139 3225 187 3285 καί
210 3230 256 3286 τοῦ
278 3225 453 3304 κληρονόμου
475 3232 525 3300 τῆς
549 3224 652 3286 ἐκείνου
676 3225 818 3299 βασιλείας
840 3223 887 3284 καί
911 3223 1063 3304 εθσεβείας,
1088 3230 1134 3282 τοῦ
1157 3223 1340 3302 τριααοιδίμσυ

47 3348 141 3425 πατρὶς
164 3352 211 3406 τοῦ
235 3347 329 3407 ἐνθέου
351 3348 468 3428 κράτους
491 3367 537 3406 σου
559 3343 607 3406 καί
629 3350 676 3406 σοῦ
698 3351 744 3406 τοῦ
771 3345 837 3426 ὑπὲρ
866 3346 986 3417 ἐκείνους
1008 3344 1070 3426 περί
1091 3347 1140 3420 τὴν
1164 3343 1203 3417 είς
1226 3345 1259 3404 τὰ
1281 3345 1342 3405 θεῖα

47 3461 160 3527 εδποιίαν
182 3469 284 3549 θερμοῦ
307 3468 410 3541 ἱκανῶς
431 3468 669 3548 περιλοτιμήμεθα
692 3469 825 3528 τυπώσεσι
851 3468 932 3548 σίτου,
960 3469 1142 3543 νομισμάτων,
1169 3463 1343 3540 ἐξκουσσέίας

47 3587 155 3668 πλοίων,
184 3590 300 3668 δωρεαῖς
334 3588 484 3670 παροίκων,
519 3583 705 3661 ἐξκουσσείαις
737 3589 877 3661 παντοίαις
910 3595 964 3649 τών
998 3588 1218 3650 ἐκδουλευόντων
1249 3589 1278 3648 ἐν
1308 3595 1341 3672 τῇ

48 3716 111 3790 μονῇ
137 3709 184 3770 καί
209 3711 249 3790 τῷ
277 3709 380 3786 μείζονι
407 3709 453 3771 καί
479 3707 589 3790 πρώτῳ,
620 3717 653 3792 τῇ
682 3710 826 3792 ἐλευθερία
853 3711 899 3772 καί
927 3717 960 3792 τῇ
988 3711 1041 3770 ἀπό
1067 3712 1168 3784 παντός
1195 3713 1341 3792 προσώπου

49 3829 210 3906 δημοσιακοῦ
232 3853 263 3892 τε
286 3831 333 3892 καί
357 3832 584 3907 έκκλησιαστικοῦ
607 3829 654 3891 καί
673 3834 774 3904 παντδς
795 3831 959 3906 οίουδήτινος
983 3830 1140 3913 ἀμεριμνίᾳ.
1166 3830 1243 3890 ἀλλά
1265 3835 1342 3891 τοῦτο

48 3955 93 4026 μὲν
122 3957 153 4013 τό
183 3956 311 4032 μέγιστον
342 3953 455 4032 ἀγαθόν,
478 3955 508 4013 τό
538 3959 588 4029 τῆς
620 3953 779 4034 ἐλευθερίας
809 3956 907 4034 ραμέν,
930 3952 977 4014 καί
1004 3955 1034 4014 τδ
1063 3953 1258 4031 ἀνενοχλητως
1279 3955 1342 4013 καθ’

50 4074 154 4147 ἐσωτοδς
176 4077 270 4152 διαζῆν
293 4080 396 4156 προσῆν
418 4075 483 4150 ἡμῖν
508 4077 589 4154 μέχρι
611 4081 661 4150 τῆς
684 4076 713 4135 ἐν
735 4082 768 4159 τῇ
792 4076 878 4155 Σάμῳ
902 4076 1043 4155 ἐνεργείας
1064 4079 1110 4135 τοῦ
1127 4075 1288 4152 Πηγονίτου.
1312 4071 1344 4146 ἐξ

49 4197 103 4255 ὅπου
126 4197 159 4256 δὲ
181 4198 287 4270 ἐκεῖνος
308 4198 357 4272 τὴν
384 4203 434 4271 τῆς
459 4197 553 4272 Σάμου
576 4197 665 4278 ἀρχὴν
687 4197 852 4275 θπεζώσατο,
880 4197 930 4268 τάς
960 4199 1023 4258 καθ’
1042 4199 1122 4272 ἡμῶν
1144 4199 1190 4256 τοῦ
1213 4196 1344 4272 διαβόλου

50 4315 182 4392 ἀποβσλάς
205 4315 401 4394 είσδεξσίμενος
422 4321 452 4379 σὺ
476 4325 580 4398 μικρώς
602 4320 676 4394 ἡμᾶς
697 4317 850 4399 διετάραξε,
872 4319 1015 4393 πλωίμους
1039 4319 1170 4393 ἐπιζητῶν
1194 4315 1239 4396 ἀρ’
1254 4319 1344 4398 ἡμῶν,

50 4433 83 4497 ών
103 4441 166 4500 αδδέ
186 4441 272 4516 δνορά
283 4461 350 4502 ποτε
372 4441 544 4517 ἠκούσαμεν,
573 4438 603 4514 ἐξ
626 4443 719 4516 ότουὴ
743 4442 813 4517 μονὴ
836 4442 957 4520 συνέστη,
972 4438 1020 4500 καί
1036 4440 1175 4511 συνδοσίας
1190 4439 1237 4498 καί
1252 4441 1286 4499 τά
1303 4441 1343 4520 όρ

49 4563 119 4636 ἡμεῖς
140 4562 244 4637 νησίδια
267 4563 419 4643 κουρσεόων
444 4559 488 4622 διὰ
510 4566 652 4642 νατέργων
676 4560 751 4622 ίδίων
774 4562 819 4622 καί
845 4559 1029 4634 έξελαστικών
1052 4560 1099 4621 καί
1122 4563 1257 4634 παντοίως
1280 4562 1345 4621 ἀδι-

51 4688 101 4742 ιών
134 4683 181 4743 καὶ
210 4683 355 4764 συντρίβων
385 4686 459 4758 ἡμᾶς
490 4683 629 4760 μηδεμίαν
664 4683 808 4758 μετουσίαν
841 4683 880 4760 ἐρ’
896 4685 962 4759 ἡμῖν
991 4684 1169 4759 κεκτημένος.
1200 4683 1272 4756 μηδὲ
1295 4683 1345 4744 θπδ
