<?xml version="1.0" encoding="UTF-8"?>
<!DOCTYPE html PUBLIC "-//W3C//DTD XHTML 1.0 Transitional//EN"
    "http://www.w3.org/TR/xhtml1/DTD/xhtml1-transitional.dtd">
<html xmlns="http://www.w3.org/1999/xhtml" xml:lang="en" lang="en">
 <head>
  <title>
</title>
<meta http-equiv="Content-Type" content="text/html;charset=utf-8" />
  <meta name='ocr-system' content='tesseract 3.04.00' />
  <meta name='ocr-capabilities' content='ocr_page ocr_carea ocr_par ocr_line ocrx_word'/>
</head>
<body>
  <div class='ocr_page' id='page_1' title='image "./actaetdiplomata02miklgoog_0410.png"; bbox 0 0 3186 5286; ppageno 0'>
   <div class='ocr_carea' id='block_1_1' title="bbox 1280 351 1344 416">
    <p class='ocr_par' dir='ltr' id='par_1_1' title="bbox 1280 351 1344 416">
     <span class='ocr_line' id='line_1_1' title="bbox 1280 351 1344 416; baseline 0 0"><span class='ocrx_word' id='word_1_1' title='bbox 1280 351 1344 416; x_wconf 79' lang='lat'><strong>395</strong></span> 
     </span>
    </p>
   </div>
   <div class='ocr_carea' id='block_1_2' title="bbox 42 548 1345 4812">
    <p class='ocr_par' dir='ltr' id='par_1_2' title="bbox 42 548 1345 4812">
     <span class='ocr_line' id='line_1_2' title="bbox 58 548 1345 626; baseline -0.002 -18"><span class='ocrx_word' id='word_1_2' title='bbox 58 553 165 610; x_wconf 89' lang='lat' dir='ltr'><strong>domino</strong></span> <span class='ocrx_word' id='word_1_3' title='bbox 188 555 288 609; x_wconf 89' lang='lat' dir='ltr'><strong>nostro</strong></span> <span class='ocrx_word' id='word_1_4' title='bbox 304 551 372 608; x_wconf 89' lang='lat' dir='ltr'><strong>Iesu</strong></span> <span class='ocrx_word' id='word_1_5' title='bbox 387 549 504 608; x_wconf 84' lang='lat' dir='ltr'><strong>Christo</strong></span> <span class='ocrx_word' id='word_1_6' title='bbox 520 549 636 608; x_wconf 91' lang='lat' dir='ltr'><strong>devotis</strong></span> <span class='ocrx_word' id='word_1_7' title='bbox 658 549 782 607; x_wconf 87' lang='lat' dir='ltr'><strong>salutem</strong></span> <span class='ocrx_word' id='word_1_8' title='bbox 807 549 836 606; x_wconf 90' lang='lat' dir='ltr'><strong>in</strong></span> <span class='ocrx_word' id='word_1_9' title='bbox 860 549 979 608; x_wconf 91' lang='lat' dir='ltr'><strong>domino</strong></span> <span class='ocrx_word' id='word_1_10' title='bbox 1003 548 1222 626; x_wconf 81' lang='lat' dir='ltr'><strong>sempiternam.</strong></span> <span class='ocrx_word' id='word_1_11' title='bbox 1250 549 1345 607; x_wconf 88' lang='lat' dir='ltr'><strong>Nemo</strong></span> 
     </span>
     <span class='ocr_line' id='line_1_3' title="bbox 58 653 1345 734; baseline -0.003 -20"><span class='ocrx_word' id='word_1_12' title='bbox 58 665 101 726; x_wconf 84' lang='lat' dir='ltr'><strong>est,</strong></span> <span class='ocrx_word' id='word_1_13' title='bbox 124 655 176 734; x_wconf 91' lang='lat' dir='ltr'><strong>qni</strong></span> <span class='ocrx_word' id='word_1_14' title='bbox 200 653 323 724; x_wconf 89' lang='lat' dir='ltr'><strong>nesciat,</strong></span> <span class='ocrx_word' id='word_1_15' title='bbox 348 654 378 711; x_wconf 94' lang='lat' dir='ltr'><strong>in</strong></span> <span class='ocrx_word' id='word_1_16' title='bbox 402 655 457 712; x_wconf 85' lang='lat' dir='ltr'><strong>hac</strong></span> <span class='ocrx_word' id='word_1_17' title='bbox 480 653 576 712; x_wconf 87' lang='lat' dir='ltr'><strong>insula</strong></span> <span class='ocrx_word' id='word_1_18' title='bbox 594 655 713 712; x_wconf 85' lang='lat' dir='ltr'><strong>Patmos</strong></span> <span class='ocrx_word' id='word_1_19' title='bbox 736 653 766 710; x_wconf 83' lang='lat' dir='ltr'><strong>S.</strong></span> <span class='ocrx_word' id='word_1_20' title='bbox 787 653 929 712; x_wconf 87' lang='lat' dir='ltr'><strong>loannem</strong></span> <span class='ocrx_word' id='word_1_21' title='bbox 945 653 1166 728; x_wconf 84' lang='lat' dir='ltr'><strong>Evangelistam</strong></span> <span class='ocrx_word' id='word_1_22' title='bbox 1189 653 1221 710; x_wconf 92' lang='lat' dir='ltr'><strong>in</strong></span> <span class='ocrx_word' id='word_1_23' title='bbox 1243 659 1345 730; x_wconf 89' lang='lat' dir='ltr'><strong>pectus</strong></span> 
     </span>
     <span class='ocr_line' id='line_1_4' title="bbox 57 756 1344 832; baseline 0 -16"><span class='ocrx_word' id='word_1_24' title='bbox 57 759 158 818; x_wconf 88' lang='lat' dir='ltr'><strong>domini</strong></span> <span class='ocrx_word' id='word_1_25' title='bbox 182 757 276 816; x_wconf 91' lang='lat' dir='ltr'><strong>nostri</strong></span> <span class='ocrx_word' id='word_1_26' title='bbox 292 757 362 816; x_wconf 86' lang='lat' dir='ltr'><strong>Iesu</strong></span> <span class='ocrx_word' id='word_1_27' title='bbox 377 757 487 816; x_wconf 84' lang='lat' dir='ltr'><strong>Christi</strong></span> <span class='ocrx_word' id='word_1_28' title='bbox 511 759 732 816; x_wconf 89' lang='lat' dir='ltr'><strong>accumbentem</strong></span> <span class='ocrx_word' id='word_1_29' title='bbox 754 757 1006 832; x_wconf 67' lang='lat' dir='ltr'><strong>evangelizantem</strong></span> <span class='ocrx_word' id='word_1_30' title='bbox 1021 756 1134 815; x_wconf 81' lang='lat' dir='ltr'><strong>Christi</strong></span> <span class='ocrx_word' id='word_1_31' title='bbox 1157 756 1344 832; x_wconf 86' lang='lat' dir='ltr'><strong>evangelium</strong></span> 
     </span>
     <span class='ocr_line' id='line_1_5' title="bbox 56 859 1343 942; baseline -0.002 -20"><span class='ocrx_word' id='word_1_32' title='bbox 56 871 174 922; x_wconf 74' lang='lat' dir='ltr'><strong>anetem</strong></span> <span class='ocrx_word' id='word_1_33' title='bbox 198 861 389 942; x_wconf 80' lang='lat' dir='ltr'><strong>apnealypsin</strong></span> <span class='ocrx_word' id='word_1_34' title='bbox 417 862 529 921; x_wconf 80' lang='lat' dir='ltr'>ibidem</span> <span class='ocrx_word' id='word_1_35' title='bbox 556 861 588 920; x_wconf 93' lang='lat' dir='ltr'><strong>in</strong></span> <span class='ocrx_word' id='word_1_36' title='bbox 615 861 798 920; x_wconf 73' lang='lat' dir='ltr'>revelatione</span> <span class='ocrx_word' id='word_1_37' title='bbox 824 862 962 922; x_wconf 84' lang='lat' dir='ltr'><strong>habuisse</strong></span> <span class='ocrx_word' id='word_1_38' title='bbox 984 867 1016 920; x_wconf 91' lang='lat' dir='ltr'><strong>et</strong></span> <span class='ocrx_word' id='word_1_39' title='bbox 1037 881 1096 940; x_wconf 89' lang='lat' dir='ltr'><strong>que</strong></span> <span class='ocrx_word' id='word_1_40' title='bbox 1118 864 1210 922; x_wconf 87' lang='lat' dir='ltr'><strong>verba</strong></span> <span class='ocrx_word' id='word_1_41' title='bbox 1231 859 1343 920; x_wconf 85' lang='lat' dir='ltr'><strong>nemini</strong></span> 
     </span>
     <span class='ocr_line' id='line_1_6' title="bbox 56 965 1344 1046; baseline -0.002 -19"><span class='ocrx_word' id='word_1_42' title='bbox 56 967 116 1027; x_wconf 87' lang='lat' dir='ltr'><strong>licat</strong></span> <span class='ocrx_word' id='word_1_43' title='bbox 136 967 232 1046; x_wconf 90' lang='lat' dir='ltr'><strong>loqui,</strong></span> <span class='ocrx_word' id='word_1_44' title='bbox 255 967 420 1037; x_wconf 86' lang='lat' dir='ltr'><strong>audivisse,</strong></span> <span class='ocrx_word' id='word_1_45' title='bbox 444 985 502 1046; x_wconf 88' lang='lat' dir='ltr'><strong>qno</strong></span> <span class='ocrx_word' id='word_1_46' title='bbox 524 965 572 1038; x_wconf 85' lang='lat' dir='ltr'><strong>fit,</strong></span> <span class='ocrx_word' id='word_1_47' title='bbox 596 972 631 1025; x_wconf 89' lang='lat' dir='ltr'><strong>nt</strong></span> <span class='ocrx_word' id='word_1_48' title='bbox 652 967 732 1025; x_wconf 86' lang='lat' dir='ltr'><strong>locus</strong></span> <span class='ocrx_word' id='word_1_49' title='bbox 759 965 817 1026; x_wconf 88' lang='lat' dir='ltr'><strong>iste</strong></span> <span class='ocrx_word' id='word_1_50' title='bbox 839 965 994 1043; x_wconf 89' lang='lat' dir='ltr'><strong>religiosus</strong></span> <span class='ocrx_word' id='word_1_51' title='bbox 1015 968 1051 1026; x_wconf 91' lang='lat' dir='ltr'><strong>ab</strong></span> <span class='ocrx_word' id='word_1_52' title='bbox 1075 967 1210 1026; x_wconf 88' lang='lat' dir='ltr'><strong>omnibns</strong></span> <span class='ocrx_word' id='word_1_53' title='bbox 1232 965 1344 1024; x_wconf 83' lang='lat' dir='ltr'><strong>Christi</strong></span> 
     </span>
     <span class='ocr_line' id='line_1_7' title="bbox 56 1071 1343 1149; baseline -0.001 -19"><span class='ocrx_word' id='word_1_54' title='bbox 56 1073 183 1132; x_wconf 85' lang='lat' dir='ltr'><strong>fidelihus</strong></span> <span class='ocrx_word' id='word_1_55' title='bbox 198 1093 256 1130; x_wconf 90' lang='lat' dir='ltr'><strong>noo</strong></span> <span class='ocrx_word' id='word_1_56' title='bbox 273 1073 367 1130; x_wconf 89' lang='lat' dir='ltr'><strong>solnm</strong></span> <span class='ocrx_word' id='word_1_57' title='bbox 383 1075 551 1142; x_wconf 89' lang='lat' dir='ltr'><strong>veneretur,</strong></span> <span class='ocrx_word' id='word_1_58' title='bbox 575 1073 626 1130; x_wconf 93' lang='lat' dir='ltr'><strong>sed</strong></span> <span class='ocrx_word' id='word_1_59' title='bbox 649 1071 741 1129; x_wconf 89' lang='lat' dir='ltr'><strong>etiam</strong></span> <span class='ocrx_word' id='word_1_60' title='bbox 763 1071 822 1149; x_wconf 88' lang='lat' dir='ltr'><strong>piis</strong></span> <span class='ocrx_word' id='word_1_61' title='bbox 844 1071 1021 1142; x_wconf 87' lang='lat' dir='ltr'><strong>elemosinis,</strong></span> <span class='ocrx_word' id='word_1_62' title='bbox 1045 1091 1082 1130; x_wconf 91' lang='lat' dir='ltr'><strong>ne</strong></span> <span class='ocrx_word' id='word_1_63' title='bbox 1105 1077 1232 1142; x_wconf 86' lang='lat' dir='ltr'><strong>corruat,</strong></span> <span class='ocrx_word' id='word_1_64' title='bbox 1255 1071 1343 1129; x_wconf 91' lang='lat' dir='ltr'><strong>susti·</strong></span> 
     </span>
     <span class='ocr_line' id='line_1_8' title="bbox 55 1175 1343 1254; baseline -0.002 -18"><span class='ocrx_word' id='word_1_65' title='bbox 55 1179 158 1238; x_wconf 90' lang='lat' dir='ltr'><strong>neudns</strong></span> <span class='ocrx_word' id='word_1_66' title='bbox 181 1184 236 1235; x_wconf 88' lang='lat' dir='ltr'><strong>est.</strong></span> <span class='ocrx_word' id='word_1_67' title='bbox 268 1177 357 1234; x_wconf 87' lang='lat' dir='ltr'><strong>Pater</strong></span> <span class='ocrx_word' id='word_1_68' title='bbox 378 1175 459 1234; x_wconf 91' lang='lat' dir='ltr'><strong>enim</strong></span> <span class='ocrx_word' id='word_1_69' title='bbox 481 1175 605 1234; x_wconf 80' lang='lat' dir='ltr'><strong>Sanetus</strong></span> <span class='ocrx_word' id='word_1_70' title='bbox 627 1175 840 1248; x_wconf 82' lang='lat' dir='ltr'><strong>Christodulns,</strong></span> <span class='ocrx_word' id='word_1_71' title='bbox 864 1175 1026 1254; x_wconf 88' lang='lat' dir='ltr'><strong>discipulus</strong></span> <span class='ocrx_word' id='word_1_72' title='bbox 1053 1176 1162 1253; x_wconf 82' lang='lat' dir='ltr'><strong>prefati</strong></span> <span class='ocrx_word' id='word_1_73' title='bbox 1186 1175 1343 1252; x_wconf 89' lang='lat' dir='ltr'><strong>Evangeli-</strong></span> 
     </span>
     <span class='ocr_line' id='line_1_9' title="bbox 54 1280 1343 1360; baseline 0.001 -22"><span class='ocrx_word' id='word_1_74' title='bbox 54 1289 115 1352; x_wconf 84' lang='lat' dir='ltr'><strong>stae,</strong></span> <span class='ocrx_word' id='word_1_75' title='bbox 146 1281 278 1360; x_wconf 84' lang='lat' dir='ltr'><strong>patribus</strong></span> <span class='ocrx_word' id='word_1_76' title='bbox 305 1281 412 1338; x_wconf 89' lang='lat' dir='ltr'><strong>nestris</strong></span> <span class='ocrx_word' id='word_1_77' title='bbox 442 1285 474 1338; x_wconf 91' lang='lat' dir='ltr'><strong>et</strong></span> <span class='ocrx_word' id='word_1_78' title='bbox 502 1280 586 1339; x_wconf 89' lang='lat' dir='ltr'><strong>nohis</strong></span> <span class='ocrx_word' id='word_1_79' title='bbox 614 1282 711 1356; x_wconf 87' lang='lat' dir='ltr'><strong>legem</strong></span> <span class='ocrx_word' id='word_1_80' title='bbox 741 1280 891 1358; x_wconf 84' lang='lat' dir='ltr'><strong>imposuit,</strong></span> <span class='ocrx_word' id='word_1_81' title='bbox 922 1287 956 1340; x_wconf 90' lang='lat' dir='ltr'><strong>nt</strong></span> <span class='ocrx_word' id='word_1_82' title='bbox 984 1280 1096 1358; x_wconf 83' lang='lat' dir='ltr'><strong>captivi</strong></span> <span class='ocrx_word' id='word_1_83' title='bbox 1126 1280 1282 1340; x_wconf 88' lang='lat' dir='ltr'><strong>christiani</strong></span> <span class='ocrx_word' id='word_1_84' title='bbox 1312 1281 1343 1339; x_wconf 93' lang='lat' dir='ltr'><strong>in</strong></span> 
     </span>
     <span class='ocr_line' id='line_1_10' title="bbox 54 1383 1341 1463; baseline 0 -19"><span class='ocrx_word' id='word_1_85' title='bbox 54 1389 179 1445; x_wconf 86' lang='lat' dir='ltr'><strong>manibus</strong></span> <span class='ocrx_word' id='word_1_86' title='bbox 194 1385 416 1445; x_wconf 89' lang='lat' dir='ltr'><strong>sevissimorum</strong></span> <span class='ocrx_word' id='word_1_87' title='bbox 430 1383 593 1443; x_wconf 81' lang='lat' dir='ltr'><strong>&#39;lurcorum</strong></span> <span class='ocrx_word' id='word_1_88' title='bbox 608 1384 771 1444; x_wconf 87' lang='lat' dir='ltr'><strong>existentes</strong></span> <span class='ocrx_word' id='word_1_89' title='bbox 790 1386 907 1444; x_wconf 87' lang='lat' dir='ltr'><strong>anobis</strong></span> <span class='ocrx_word' id='word_1_90' title='bbox 923 1386 1095 1463; x_wconf 88' lang='lat' dir='ltr'><strong>quottannis</strong></span> <span class='ocrx_word' id='word_1_91' title='bbox 1113 1385 1341 1444; x_wconf 73' lang='lat' dir='ltr'><strong>redimerentur.</strong></span> 
     </span>
     <span class='ocr_line' id='line_1_11' title="bbox 54 1484 1342 1570; baseline -0.004 -16"><span class='ocrx_word' id='word_1_92' title='bbox 54 1491 109 1554; x_wconf 83' lang='lat' dir='ltr'><strong>Que</strong></span> <span class='ocrx_word' id='word_1_93' title='bbox 124 1491 248 1568; x_wconf 91' lang='lat' dir='ltr'><strong>quidem</strong></span> <span class='ocrx_word' id='word_1_94' title='bbox 270 1492 321 1549; x_wconf 83' lang='lat' dir='ltr'><strong>lex</strong></span> <span class='ocrx_word' id='word_1_95' title='bbox 343 1496 375 1548; x_wconf 92' lang='lat' dir='ltr'><strong>et</strong></span> <span class='ocrx_word' id='word_1_96' title='bbox 395 1509 467 1566; x_wconf 86' lang='lat' dir='ltr'><strong>opus</strong></span> <span class='ocrx_word' id='word_1_97' title='bbox 483 1489 565 1567; x_wconf 89' lang='lat' dir='ltr'><strong>pium</strong></span> <span class='ocrx_word' id='word_1_98' title='bbox 581 1509 674 1568; x_wconf 86' lang='lat' dir='ltr'><strong>usque</strong></span> <span class='ocrx_word' id='word_1_99' title='bbox 689 1484 743 1570; x_wconf 90' lang='lat' dir='ltr'><strong>[in]</strong></span> <span class='ocrx_word' id='word_1_100' title='bbox 758 1491 937 1550; x_wconf 90' lang='lat' dir='ltr'><strong>hodiernum</strong></span> <span class='ocrx_word' id='word_1_101' title='bbox 959 1491 1040 1550; x_wconf 88' lang='lat' dir='ltr'><strong>diem</strong></span> <span class='ocrx_word' id='word_1_102' title='bbox 1063 1510 1115 1568; x_wconf 88' lang='lat' dir='ltr'><strong>pro</strong></span> <span class='ocrx_word' id='word_1_103' title='bbox 1138 1511 1221 1568; x_wconf 86' lang='lat' dir='ltr'><strong>posse</strong></span> <span class='ocrx_word' id='word_1_104' title='bbox 1244 1495 1342 1549; x_wconf 77' lang='lat' dir='ltr'><strong>uosho</strong></span> 
     </span>
     <span class='ocr_line' id='line_1_12' title="bbox 53 1594 1341 1674; baseline 0 -20"><span class='ocrx_word' id='word_1_105' title='bbox 53 1597 185 1672; x_wconf 85' lang='lat' dir='ltr'><strong>perdurat</strong></span> <span class='ocrx_word' id='word_1_106' title='bbox 211 1601 302 1674; x_wconf 80' lang='lat' dir='ltr'><strong>atque</strong></span> <span class='ocrx_word' id='word_1_107' title='bbox 324 1594 417 1670; x_wconf 88' lang='lat' dir='ltr'><strong>viget.</strong></span> <span class='ocrx_word' id='word_1_108' title='bbox 446 1595 520 1652; x_wconf 84' lang='lat' dir='ltr'><strong>Cum</strong></span> <span class='ocrx_word' id='word_1_109' title='bbox 543 1594 644 1673; x_wconf 85' lang='lat' dir='ltr'><strong>itaque</strong></span> <span class='ocrx_word' id='word_1_110' title='bbox 671 1614 755 1669; x_wconf 87' lang='lat' dir='ltr'><strong>reges</strong></span> <span class='ocrx_word' id='word_1_111' title='bbox 782 1601 813 1654; x_wconf 93' lang='lat' dir='ltr'><strong>et</strong></span> <span class='ocrx_word' id='word_1_112' title='bbox 839 1595 952 1654; x_wconf 91' lang='lat' dir='ltr'><strong>domini</strong></span> <span class='ocrx_word' id='word_1_113' title='bbox 975 1595 1130 1654; x_wconf 89' lang='lat' dir='ltr'><strong>christiani</strong></span> <span class='ocrx_word' id='word_1_114' title='bbox 1158 1595 1215 1654; x_wconf 87' lang='lat' dir='ltr'><strong>isto</strong></span> <span class='ocrx_word' id='word_1_115' title='bbox 1242 1615 1341 1654; x_wconf 87' lang='lat' dir='ltr'><strong>mona·</strong></span> 
     </span>
     <span class='ocr_line' id='line_1_13' title="bbox 52 1699 1343 1777; baseline 0.001 -20"><span class='ocrx_word' id='word_1_116' title='bbox 52 1701 134 1759; x_wconf 86' lang='lat' dir='ltr'><strong>sterio</strong></span> <span class='ocrx_word' id='word_1_117' title='bbox 156 1706 257 1758; x_wconf 89' lang='lat' dir='ltr'><strong>nostro</strong></span> <span class='ocrx_word' id='word_1_118' title='bbox 280 1699 382 1758; x_wconf 90' lang='lat' dir='ltr'><strong>devoti</strong></span> <span class='ocrx_word' id='word_1_119' title='bbox 405 1700 442 1756; x_wconf 89' lang='lat' dir='ltr'><strong>ad</strong></span> <span class='ocrx_word' id='word_1_120' title='bbox 466 1717 558 1758; x_wconf 90' lang='lat' dir='ltr'><strong>unum</strong></span> <span class='ocrx_word' id='word_1_121' title='bbox 577 1699 609 1758; x_wconf 91' lang='lat' dir='ltr'><strong>vi</strong></span> <span class='ocrx_word' id='word_1_122' title='bbox 624 1699 786 1758; x_wconf 77' lang='lat' dir='ltr'><strong>&#39;lurcorum</strong></span> <span class='ocrx_word' id='word_1_123' title='bbox 810 1699 927 1777; x_wconf 89' lang='lat' dir='ltr'><strong>penitus</strong></span> <span class='ocrx_word' id='word_1_124' title='bbox 950 1699 1011 1758; x_wconf 89' lang='lat' dir='ltr'><strong>sint</strong></span> <span class='ocrx_word' id='word_1_125' title='bbox 1033 1699 1173 1759; x_wconf 85' lang='lat' dir='ltr'><strong>exstincti</strong></span> <span class='ocrx_word' id='word_1_126' title='bbox 1197 1719 1230 1758; x_wconf 85' lang='lat' dir='ltr'><strong>ae</strong></span> <span class='ocrx_word' id='word_1_127' title='bbox 1252 1719 1343 1776; x_wconf 89' lang='lat' dir='ltr'><strong>regua</strong></span> 
     </span>
     <span class='ocr_line' id='line_1_14' title="bbox 52 1803 1341 1882; baseline 0 -20"><span class='ocrx_word' id='word_1_128' title='bbox 52 1811 78 1862; x_wconf 89' lang='lat' dir='ltr'><strong>et</strong></span> <span class='ocrx_word' id='word_1_129' title='bbox 101 1805 268 1882; x_wconf 86' lang='lat' dir='ltr'><strong>provincias</strong></span> <span class='ocrx_word' id='word_1_130' title='bbox 295 1803 435 1882; x_wconf 83' lang='lat' dir='ltr'><strong>ipsorum,</strong></span> <span class='ocrx_word' id='word_1_131' title='bbox 464 1803 611 1882; x_wconf 88' lang='lat' dir='ltr'><strong>aquibus</strong></span> <span class='ocrx_word' id='word_1_132' title='bbox 633 1805 864 1864; x_wconf 88' lang='lat' dir='ltr'><strong>emolumentum</strong></span> <span class='ocrx_word' id='word_1_133' title='bbox 891 1806 928 1862; x_wconf 89' lang='lat' dir='ltr'><strong>ad</strong></span> <span class='ocrx_word' id='word_1_134' title='bbox 956 1804 1168 1864; x_wconf 76' lang='lat' dir='ltr'><strong>monasterinm</strong></span> <span class='ocrx_word' id='word_1_135' title='bbox 1194 1803 1253 1882; x_wconf 85' lang='lat' dir='ltr'><strong>piis</strong></span> <span class='ocrx_word' id='word_1_136' title='bbox 1282 1806 1341 1862; x_wconf 89' lang='lat' dir='ltr'><strong>ele·</strong></span> 
     </span>
     <span class='ocr_line' id='line_1_15' title="bbox 51 1901 1341 1992; baseline 0.002 -27"><span class='ocrx_word' id='word_1_137' title='bbox 51 1911 164 1968; x_wconf 79' lang='lat' dir='ltr'><strong>morinis</strong></span> <span class='ocrx_word' id='word_1_138' title='bbox 188 1905 412 1990; x_wconf 74' lang='lat' dir='ltr'><strong>[perlveniebat</strong></span> <span class='ocrx_word' id='word_1_139' title='bbox 437 1909 467 1966; x_wconf 90' lang='lat' dir='ltr'><strong>iu</strong></span> <span class='ocrx_word' id='word_1_140' title='bbox 491 1907 536 1966; x_wconf 90' lang='lat' dir='ltr'><strong>sni</strong></span> <span class='ocrx_word' id='word_1_141' title='bbox 559 1913 734 1985; x_wconf 83' lang='lat' dir='ltr'><strong>potestatem</strong></span> <span class='ocrx_word' id='word_1_142' title='bbox 765 1909 944 1984; x_wconf 71' lang='lat' dir='ltr'><strong>redegerint,</strong></span> <span class='ocrx_word' id='word_1_143' title='bbox 968 1909 1025 1987; x_wconf 84' lang='lat' dir='ltr'><strong>ipsi</strong></span> <span class='ocrx_word' id='word_1_144' title='bbox 1049 1901 1268 1992; x_wconf 80' lang='lat' dir='ltr'><strong>te[nehrarnm]</strong></span> <span class='ocrx_word' id='word_1_145' title='bbox 1281 1909 1341 1968; x_wconf 86' lang='lat' dir='ltr'><strong>lilii</strong></span> 
     </span>
     <span class='ocr_line' id='line_1_16' title="bbox 51 2014 1342 2092; baseline 0 -20"><span class='ocrx_word' id='word_1_146' title='bbox 51 2057 864 2073; x_wconf 90' lang='grc'><strong>..........................</strong></span> <span class='ocrx_word' id='word_1_147' title='bbox 889 2019 920 2072; x_wconf 86' lang='lat' dir='ltr'><strong>et</strong></span> <span class='ocrx_word' id='word_1_148' title='bbox 942 2014 1115 2072; x_wconf 88' lang='lat' dir='ltr'><strong>elemosinas</strong></span> <span class='ocrx_word' id='word_1_149' title='bbox 1142 2035 1195 2092; x_wconf 87' lang='lat' dir='ltr'><strong>per</strong></span> <span class='ocrx_word' id='word_1_150' title='bbox 1224 2015 1342 2072; x_wconf 81' lang='lat' dir='ltr'><strong>eosdem</strong></span> 
     </span>
     <span class='ocr_line' id='line_1_17' title="bbox 50 2113 1340 2199; baseline 0 -23"><span class='ocrx_word' id='word_1_151' title='bbox 50 2139 127 2194; x_wconf 86' lang='lat' dir='ltr'><strong>reges</strong></span> <span class='ocrx_word' id='word_1_152' title='bbox 159 2125 191 2178; x_wconf 93' lang='lat' dir='ltr'><strong>et</strong></span> <span class='ocrx_word' id='word_1_153' title='bbox 225 2118 359 2176; x_wconf 88' lang='lat' dir='ltr'><strong>dominos</strong></span> <span class='ocrx_word' id='word_1_154' title='bbox 392 2117 514 2176; x_wconf 86' lang='lat' dir='ltr'><strong>ecclesie</strong></span> <span class='ocrx_word' id='word_1_155' title='bbox 546 2123 644 2176; x_wconf 89' lang='lat' dir='ltr'><strong>nostre</strong></span> <span class='ocrx_word' id='word_1_156' title='bbox 675 2117 810 2176; x_wconf 86' lang='lat' dir='ltr'><strong>dimissos</strong></span> <span class='ocrx_word' id='word_1_157' title='bbox 836 2117 868 2178; x_wconf 86' lang='lat' dir='ltr'><strong>vi</strong></span> <span class='ocrx_word' id='word_1_158' title='bbox 898 2123 929 2177; x_wconf 91' lang='lat' dir='ltr'><strong>et</strong></span> <span class='ocrx_word' id='word_1_159' title='bbox 958 2119 1134 2180; x_wconf 85' lang='lat' dir='ltr'><strong>erudelitate</strong></span> <span class='ocrx_word' id='word_1_160' title='bbox 1164 2113 1239 2199; x_wconf 73' lang='lat' dir='ltr'><strong>[sule</strong></span> <span class='ocrx_word' id='word_1_161' title='bbox 1267 2117 1340 2177; x_wconf 90' lang='lat' dir='ltr'><strong>reti-</strong></span> 
     </span>
     <span class='ocr_line' id='line_1_18' title="bbox 51 2221 1340 2299; baseline 0.002 -19"><span class='ocrx_word' id='word_1_162' title='bbox 51 2223 163 2282; x_wconf 88' lang='lat' dir='ltr'><strong>nuerint</strong></span> <span class='ocrx_word' id='word_1_163' title='bbox 190 2231 221 2281; x_wconf 92' lang='lat' dir='ltr'><strong>et</strong></span> <span class='ocrx_word' id='word_1_164' title='bbox 248 2223 280 2281; x_wconf 90' lang='lat' dir='ltr'><strong>in</strong></span> <span class='ocrx_word' id='word_1_165' title='bbox 306 2221 439 2299; x_wconf 85' lang='lat' dir='ltr'><strong>proprios</strong></span> <span class='ocrx_word' id='word_1_166' title='bbox 466 2241 535 2280; x_wconf 87' lang='lat' dir='ltr'><strong>usus</strong></span> <span class='ocrx_word' id='word_1_167' title='bbox 561 2227 592 2280; x_wconf 91' lang='lat' dir='ltr'><strong>et</strong></span> <span class='ocrx_word' id='word_1_168' title='bbox 619 2221 764 2280; x_wconf 73' lang='lat' dir='ltr'><strong>utilitates</strong></span> <span class='ocrx_word' id='word_1_169' title='bbox 790 2223 993 2283; x_wconf 86' lang='lat' dir='ltr'><strong>converterint</strong></span> <span class='ocrx_word' id='word_1_170' title='bbox 1016 2267 1217 2282; x_wconf 90' lang='grc'>.......</span> <span class='ocrx_word' id='word_1_171' title='bbox 1242 2243 1340 2282; x_wconf 83' lang='lat' dir='ltr'><strong>mona·</strong></span> 
     </span>
     <span class='ocr_line' id='line_1_19' title="bbox 51 2325 1341 2402; baseline 0.002 -18"><span class='ocrx_word' id='word_1_172' title='bbox 51 2329 168 2387; x_wconf 86' lang='lat' dir='ltr'><strong>sterium</strong></span> <span class='ocrx_word' id='word_1_173' title='bbox 198 2333 230 2386; x_wconf 90' lang='lat' dir='ltr'><strong>et</strong></span> <span class='ocrx_word' id='word_1_174' title='bbox 259 2327 395 2386; x_wconf 89' lang='lat' dir='ltr'><strong>monaehi</strong></span> <span class='ocrx_word' id='word_1_175' title='bbox 425 2325 490 2386; x_wconf 91' lang='lat' dir='ltr'><strong>sive</strong></span> <span class='ocrx_word' id='word_1_176' title='bbox 517 2327 644 2402; x_wconf 86' lang='lat' dir='ltr'><strong>calogeri</strong></span> <span class='ocrx_word' id='word_1_177' title='bbox 675 2327 837 2386; x_wconf 81' lang='lat' dir='ltr'><strong>confratres</strong></span> <span class='ocrx_word' id='word_1_178' title='bbox 866 2327 959 2386; x_wconf 88' lang='lat' dir='ltr'><strong>nostri</strong></span> <span class='ocrx_word' id='word_1_179' title='bbox 990 2327 1101 2387; x_wconf 86' lang='lat' dir='ltr'><strong>ibidem</strong></span> <span class='ocrx_word' id='word_1_180' title='bbox 1128 2333 1341 2387; x_wconf 85' lang='lat' dir='ltr'><strong>commorantes</strong></span> 
     </span>
     <span class='ocr_line' id='line_1_20' title="bbox 51 2427 1339 2512; baseline 0.003 -24"><span class='ocrx_word' id='word_1_181' title='bbox 51 2433 173 2490; x_wconf 87' lang='lat' dir='ltr'><strong>maxima</strong></span> <span class='ocrx_word' id='word_1_182' title='bbox 199 2433 365 2490; x_wconf 87' lang='lat' dir='ltr'><strong>laboramus</strong></span> <span class='ocrx_word' id='word_1_183' title='bbox 393 2431 577 2502; x_wconf 76' lang='lat' dir='ltr'><strong>necessitate,</strong></span> <span class='ocrx_word' id='word_1_184' title='bbox 609 2452 647 2490; x_wconf 92' lang='lat' dir='ltr'><strong>ne</strong></span> <span class='ocrx_word' id='word_1_185' title='bbox 674 2431 770 2491; x_wconf 89' lang='lat' dir='ltr'><strong>dicam</strong></span> <span class='ocrx_word' id='word_1_186' title='bbox 796 2432 897 2510; x_wconf 89' lang='lat' dir='ltr'><strong>inopia</strong></span> <span class='ocrx_word' id='word_1_187' title='bbox 923 2439 954 2490; x_wconf 90' lang='lat' dir='ltr'><strong>et</strong></span> <span class='ocrx_word' id='word_1_188' title='bbox 980 2427 1173 2512; x_wconf 88' lang='lat' dir='ltr'><strong>calamit[ate]</strong></span> <span class='ocrx_word' id='word_1_189' title='bbox 1206 2477 1339 2492; x_wconf 92' lang='grc'><strong>......</strong></span> 
     </span>
     <span class='ocr_line' id='line_1_21' title="bbox 50 2536 1340 2616; baseline 0.002 -22"><span class='ocrx_word' id='word_1_190' title='bbox 50 2537 180 2612; x_wconf 83' lang='lat' dir='ltr'><strong>vectigal,</strong></span> <span class='ocrx_word' id='word_1_191' title='bbox 212 2536 357 2595; x_wconf 90' lang='lat' dir='ltr'><strong>tributum</strong></span> <span class='ocrx_word' id='word_1_192' title='bbox 380 2537 444 2595; x_wconf 90' lang='lat' dir='ltr'><strong>sive</strong></span> <span class='ocrx_word' id='word_1_193' title='bbox 467 2536 610 2612; x_wconf 88' lang='lat' dir='ltr'><strong>gabellam</strong></span> <span class='ocrx_word' id='word_1_194' title='bbox 640 2537 813 2596; x_wconf 89' lang='lat' dir='ltr'><strong>dneatcrum</strong></span> <span class='ocrx_word' id='word_1_195' title='bbox 843 2537 1085 2615; x_wconf 90' lang='lat' dir='ltr'><strong>quingentorum,</strong></span> <span class='ocrx_word' id='word_1_196' title='bbox 1116 2557 1190 2616; x_wconf 89' lang='lat' dir='ltr'><strong>quos</strong></span> <span class='ocrx_word' id='word_1_197' title='bbox 1215 2557 1233 2596; x_wconf 91' lang='lat' dir='ltr'><strong>a</strong></span> <span class='ocrx_word' id='word_1_198' title='bbox 1255 2537 1340 2598; x_wconf 88' lang='lat' dir='ltr'><strong>uobis</strong></span> 
     </span>
     <span class='ocr_line' id='line_1_22' title="bbox 51 2641 1341 2717; baseline 0.002 -19"><span class='ocrx_word' id='word_1_199' title='bbox 51 2641 214 2717; x_wconf 87' lang='lat' dir='ltr'><strong>qnettannis</strong></span> <span class='ocrx_word' id='word_1_200' title='bbox 231 2641 400 2699; x_wconf 87' lang='lat' dir='ltr'><strong>immanitas</strong></span> <span class='ocrx_word' id='word_1_201' title='bbox 415 2641 575 2699; x_wconf 81' lang='lat' dir='ltr'><strong>&#39;lurcorum</strong></span> <span class='ocrx_word' id='word_1_202' title='bbox 591 2645 733 2700; x_wconf 86' lang='lat' dir='ltr'><strong>excutere</strong></span> <span class='ocrx_word' id='word_1_203' title='bbox 749 2643 832 2713; x_wconf 87' lang='lat' dir='ltr'><strong>solet,</strong></span> <span class='ocrx_word' id='word_1_204' title='bbox 856 2661 915 2700; x_wconf 91' lang='lat' dir='ltr'><strong>non</strong></span> <span class='ocrx_word' id='word_1_205' title='bbox 930 2642 994 2701; x_wconf 89' lang='lat' dir='ltr'><strong>sine</strong></span> <span class='ocrx_word' id='word_1_206' title='bbox 1013 2643 1143 2701; x_wconf 86' lang='lat' dir='ltr'><strong>maxima</strong></span> <span class='ocrx_word' id='word_1_207' title='bbox 1164 2662 1223 2701; x_wconf 94' lang='lat' dir='ltr'><strong>non</strong></span> <span class='ocrx_word' id='word_1_208' title='bbox 1246 2643 1341 2702; x_wconf 87' lang='lat' dir='ltr'><strong>solnm</strong></span> 
     </span>
     <span class='ocr_line' id='line_1_23' title="bbox 51 2737 1339 2827; baseline 0.002 -25"><span class='ocrx_word' id='word_1_209' title='bbox 51 2737 241 2820; x_wconf 82' lang='lat' dir='ltr'><strong>[monasterii,</strong></span> <span class='ocrx_word' id='word_1_210' title='bbox 272 2739 449 2827; x_wconf 75' lang='lat' dir='ltr'><strong>sedetiam]</strong></span> <span class='ocrx_word' id='word_1_211' title='bbox 473 2745 559 2804; x_wconf 91' lang='lat' dir='ltr'><strong>istius</strong></span> <span class='ocrx_word' id='word_1_212' title='bbox 589 2745 685 2803; x_wconf 89' lang='lat' dir='ltr'><strong>insule</strong></span> <span class='ocrx_word' id='word_1_213' title='bbox 714 2765 878 2822; x_wconf 87' lang='lat' dir='ltr'><strong>pauperum</strong></span> <span class='ocrx_word' id='word_1_214' title='bbox 908 2747 1069 2805; x_wconf 83' lang='lat' dir='ltr'><strong>incolarum</strong></span> <span class='ocrx_word' id='word_1_215' title='bbox 1101 2745 1214 2805; x_wconf 89' lang='lat' dir='ltr'><strong>iactura</strong></span> <span class='ocrx_word' id='word_1_216' title='bbox 1240 2753 1272 2806; x_wconf 92' lang='lat' dir='ltr'><strong>et</strong></span> <span class='ocrx_word' id='word_1_217' title='bbox 1294 2747 1339 2804; x_wconf 91' lang='lat' dir='ltr'><strong>in·</strong></span> 
     </span>
     <span class='ocr_line' id='line_1_24' title="bbox 50 2847 1338 2926; baseline 0.004 -22"><span class='ocrx_word' id='word_1_218' title='bbox 50 2851 194 2908; x_wconf 85' lang='lat' dir='ltr'><strong>commodo</strong></span> <span class='ocrx_word' id='word_1_219' title='bbox 216 2849 331 2908; x_wconf 87' lang='lat' dir='ltr'><strong>exsolvi</strong></span> <span class='ocrx_word' id='word_1_220' title='bbox 355 2869 412 2907; x_wconf 89' lang='lat' dir='ltr'><strong>non</strong></span> <span class='ocrx_word' id='word_1_221' title='bbox 434 2855 541 2926; x_wconf 88' lang='lat' dir='ltr'><strong>potest.</strong></span> <span class='ocrx_word' id='word_1_222' title='bbox 572 2851 611 2908; x_wconf 87' lang='lat' dir='ltr'><strong>Et</strong></span> <span class='ocrx_word' id='word_1_223' title='bbox 634 2847 690 2906; x_wconf 90' lang='lat' dir='ltr'><strong>nisi</strong></span> <span class='ocrx_word' id='word_1_224' title='bbox 715 2851 826 2908; x_wconf 83' lang='lat' dir='ltr'><strong>Christi</strong></span> <span class='ocrx_word' id='word_1_225' title='bbox 847 2850 950 2909; x_wconf 86' lang='lat' dir='ltr'><strong>fideles</strong></span> <span class='ocrx_word' id='word_1_226' title='bbox 970 2851 1053 2908; x_wconf 88' lang='lat' dir='ltr'><strong>dieto</strong></span> <span class='ocrx_word' id='word_1_227' title='bbox 1076 2851 1254 2910; x_wconf 89' lang='lat' dir='ltr'><strong>monasterio</strong></span> <span class='ocrx_word' id='word_1_228' title='bbox 1277 2871 1338 2909; x_wconf 90' lang='lat' dir='ltr'><strong>ma·</strong></span> 
     </span>
     <span class='ocr_line' id='line_1_25' title="bbox 50 2947 1339 3036; baseline 0.003 -26"><span class='ocrx_word' id='word_1_229' title='bbox 50 2973 97 3010; x_wconf 91' lang='lat' dir='ltr'><strong>nus</strong></span> <span class='ocrx_word' id='word_1_230' title='bbox 125 2949 295 3034; x_wconf 88' lang='lat' dir='ltr'><strong>po[rrigunt</strong></span> <span class='ocrx_word' id='word_1_231' title='bbox 325 2954 484 3014; x_wconf 81' lang='lat' dir='ltr'><strong>senatrices</strong></span> <span class='ocrx_word' id='word_1_232' title='bbox 515 2961 546 3013; x_wconf 90' lang='lat' dir='ltr'><strong>et</strong></span> <span class='ocrx_word' id='word_1_233' title='bbox 575 2955 637 3033; x_wconf 89' lang='lat' dir='ltr'><strong>pias</strong></span> <span class='ocrx_word' id='word_1_234' title='bbox 664 2955 838 3014; x_wconf 76' lang='lat' dir='ltr'><strong>elemosinae</strong></span> <span class='ocrx_word' id='word_1_235' title='bbox 864 2947 956 3036; x_wconf 61' lang='lat' dir='ltr'><strong>denti,</strong></span> <span class='ocrx_word' id='word_1_236' title='bbox 993 2955 1128 3013; x_wconf 89' lang='lat' dir='ltr'><strong>omnibns</strong></span> <span class='ocrx_word' id='word_1_237' title='bbox 1156 2955 1286 3014; x_wconf 87' lang='lat' dir='ltr'><strong>maxima</strong></span> <span class='ocrx_word' id='word_1_238' title='bbox 1308 2961 1339 3014; x_wconf 91' lang='lat' dir='ltr'><strong>et</strong></span> 
     </span>
     <span class='ocr_line' id='line_1_26' title="bbox 48 3058 1337 3132; baseline 0.002 -17"><span class='ocrx_word' id='word_1_239' title='bbox 48 3058 271 3118; x_wconf 87' lang='lat' dir='ltr'><strong>irremediabilis</strong></span> <span class='ocrx_word' id='word_1_240' title='bbox 301 3059 437 3118; x_wconf 90' lang='lat' dir='ltr'><strong>imminet</strong></span> <span class='ocrx_word' id='word_1_241' title='bbox 455 3059 558 3132; x_wconf 82' lang='lat' dir='ltr'><strong>ruina,</strong></span> <span class='ocrx_word' id='word_1_242' title='bbox 589 3079 627 3118; x_wconf 87' lang='lat' dir='ltr'><strong>ne</strong></span> <span class='ocrx_word' id='word_1_243' title='bbox 649 3059 764 3118; x_wconf 90' lang='lat' dir='ltr'><strong>scilieet</strong></span> <span class='ocrx_word' id='word_1_244' title='bbox 792 3060 847 3118; x_wconf 92' lang='lat' dir='ltr'><strong>hoc</strong></span> <span class='ocrx_word' id='word_1_245' title='bbox 877 3065 1091 3118; x_wconf 85' lang='lat' dir='ltr'><strong>sacrosanctum</strong></span> <span class='ocrx_word' id='word_1_246' title='bbox 1121 3059 1276 3118; x_wconf 88' lang='lat' dir='ltr'><strong>cenobium</strong></span> <span class='ocrx_word' id='word_1_247' title='bbox 1306 3061 1337 3118; x_wconf 94' lang='lat' dir='ltr'><strong>in</strong></span> 
     </span>
     <span class='ocr_line' id='line_1_27' title="bbox 47 3162 1337 3240; baseline 0.002 -19"><span class='ocrx_word' id='word_1_248' title='bbox 47 3169 186 3238; x_wconf 86' lang='lat' dir='ltr'><strong>potestate</strong></span> <span class='ocrx_word' id='word_1_249' title='bbox 214 3162 433 3222; x_wconf 88' lang='lat' dir='ltr'><strong>sevissimorum</strong></span> <span class='ocrx_word' id='word_1_250' title='bbox 455 3163 618 3222; x_wconf 79' lang='lat' dir='ltr'><strong>Tun-eornm</strong></span> <span class='ocrx_word' id='word_1_251' title='bbox 641 3169 672 3222; x_wconf 92' lang='lat' dir='ltr'><strong>et</strong></span> <span class='ocrx_word' id='word_1_252' title='bbox 694 3165 731 3222; x_wconf 91' lang='lat' dir='ltr'><strong>ed</strong></span> <span class='ocrx_word' id='word_1_253' title='bbox 755 3207 1121 3226; x_wconf 90' lang='grc'><strong>............</strong></span> <span class='ocrx_word' id='word_1_254' title='bbox 1145 3171 1257 3240; x_wconf 89' lang='lat' dir='ltr'><strong>gentes,</strong></span> <span class='ocrx_word' id='word_1_255' title='bbox 1285 3163 1337 3223; x_wconf 89' lang='lat' dir='ltr'><strong>uhi</strong></span> 
     </span>
     <span class='ocr_line' id='line_1_28' title="bbox 47 3265 1336 3347; baseline 0.004 -24"><span class='ocrx_word' id='word_1_256' title='bbox 47 3273 88 3325; x_wconf 87' lang='lat' dir='ltr'><strong>est</strong></span> <span class='ocrx_word' id='word_1_257' title='bbox 103 3269 174 3326; x_wconf 89' lang='lat' dir='ltr'><strong>dens</strong></span> <span class='ocrx_word' id='word_1_258' title='bbox 189 3265 308 3326; x_wconf 89' lang='lat' dir='ltr'><strong>eorum?</strong></span> <span class='ocrx_word' id='word_1_259' title='bbox 331 3268 392 3326; x_wconf 84' lang='lat' dir='ltr'><strong>Nos</strong></span> <span class='ocrx_word' id='word_1_260' title='bbox 407 3273 506 3326; x_wconf 92' lang='lat' dir='ltr'><strong>antem</strong></span> <span class='ocrx_word' id='word_1_261' title='bbox 522 3269 558 3326; x_wconf 88' lang='lat' dir='ltr'><strong>ed</strong></span> <span class='ocrx_word' id='word_1_262' title='bbox 574 3273 786 3328; x_wconf 74' lang='lat' dir='ltr'><strong>seeromnctam</strong></span> <span class='ocrx_word' id='word_1_263' title='bbox 802 3271 901 3330; x_wconf 91' lang='lat' dir='ltr'><strong>sedem</strong></span> <span class='ocrx_word' id='word_1_264' title='bbox 914 3269 1103 3347; x_wconf 83' lang='lat' dir='ltr'><strong>apostolicam</strong></span> <span class='ocrx_word' id='word_1_265' title='bbox 1117 3274 1205 3346; x_wconf 86' lang='lat' dir='ltr'><strong>caput</strong></span> <span class='ocrx_word' id='word_1_266' title='bbox 1219 3268 1336 3340; x_wconf 90' lang='lat' dir='ltr'><strong>merito,</strong></span> 
     </span>
     <span class='ocr_line' id='line_1_29' title="bbox 47 3367 1338 3456; baseline 0.004 -29"><span class='ocrx_word' id='word_1_267' title='bbox 47 3379 77 3428; x_wconf 91' lang='lat' dir='ltr'><strong>ut</strong></span> <span class='ocrx_word' id='word_1_268' title='bbox 98 3373 247 3444; x_wconf 90' lang='lat' dir='ltr'><strong>debemus,</strong></span> <span class='ocrx_word' id='word_1_269' title='bbox 272 3371 458 3442; x_wconf 76' lang='lat' dir='ltr'><strong>inclinantes,</strong></span> <span class='ocrx_word' id='word_1_270' title='bbox 482 3391 549 3431; x_wconf 89' lang='lat' dir='ltr'><strong>cum</strong></span> <span class='ocrx_word' id='word_1_271' title='bbox 570 3373 771 3433; x_wconf 85' lang='lat' dir='ltr'><strong>devotissimis</strong></span> <span class='ocrx_word' id='word_1_272' title='bbox 790 3367 952 3456; x_wconf 90' lang='lat' dir='ltr'><strong>mon[aohis</strong></span> <span class='ocrx_word' id='word_1_273' title='bbox 971 3369 1073 3454; x_wconf 90' lang='lat' dir='ltr'><strong>unum]</strong></span> <span class='ocrx_word' id='word_1_274' title='bbox 1096 3375 1174 3434; x_wconf 89' lang='lat' dir='ltr'><strong>velle</strong></span> <span class='ocrx_word' id='word_1_275' title='bbox 1197 3379 1228 3432; x_wconf 89' lang='lat' dir='ltr'><strong>et</strong></span> <span class='ocrx_word' id='word_1_276' title='bbox 1246 3393 1338 3433; x_wconf 91' lang='lat' dir='ltr'><strong>unum</strong></span> 
     </span>
     <span class='ocr_line' id='line_1_30' title="bbox 47 3477 1337 3558; baseline 0.004 -26"><span class='ocrx_word' id='word_1_277' title='bbox 47 3495 92 3534; x_wconf 88' lang='lat' dir='ltr'><strong>eor</strong></span> <span class='ocrx_word' id='word_1_278' title='bbox 105 3479 247 3548; x_wconf 81' lang='lat' dir='ltr'><strong>habentes</strong></span> <span class='ocrx_word' id='word_1_279' title='bbox 270 3478 455 3537; x_wconf 82' lang='lat' dir='ltr'><strong>decrevimus</strong></span> <span class='ocrx_word' id='word_1_280' title='bbox 478 3477 628 3537; x_wconf 88' lang='lat' dir='ltr'><strong>destinare</strong></span> <span class='ocrx_word' id='word_1_281' title='bbox 650 3479 686 3536; x_wconf 88' lang='lat' dir='ltr'><strong>ad</strong></span> <span class='ocrx_word' id='word_1_282' title='bbox 710 3480 873 3557; x_wconf 88' lang='lat' dir='ltr'><strong>quamlibet</strong></span> <span class='ocrx_word' id='word_1_283' title='bbox 894 3478 1058 3550; x_wconf 90' lang='lat' dir='ltr'><strong>civitatem,</strong></span> <span class='ocrx_word' id='word_1_284' title='bbox 1081 3481 1194 3550; x_wconf 89' lang='lat' dir='ltr'><strong>urbem,</strong></span> <span class='ocrx_word' id='word_1_285' title='bbox 1218 3479 1337 3558; x_wconf 89' lang='lat' dir='ltr'><strong>provin-</strong></span> 
     </span>
     <span class='ocr_line' id='line_1_31' title="bbox 46 3577 1336 3668; baseline 0.006 -32"><span class='ocrx_word' id='word_1_286' title='bbox 46 3580 116 3640; x_wconf 84' lang='lat' dir='ltr'><strong>ciam</strong></span> <span class='ocrx_word' id='word_1_287' title='bbox 138 3583 203 3642; x_wconf 81' lang='lat' dir='ltr'><strong>sive</strong></span> <span class='ocrx_word' id='word_1_288' title='bbox 225 3583 323 3640; x_wconf 88' lang='lat' dir='ltr'><strong>locum</strong></span> <span class='ocrx_word' id='word_1_289' title='bbox 346 3582 459 3640; x_wconf 90' lang='lat' dir='ltr'><strong>domini</strong></span> <span class='ocrx_word' id='word_1_290' title='bbox 483 3582 576 3640; x_wconf 90' lang='lat' dir='ltr'><strong>nostri</strong></span> <span class='ocrx_word' id='word_1_291' title='bbox 599 3584 668 3642; x_wconf 90' lang='lat' dir='ltr'><strong>Iesu</strong></span> <span class='ocrx_word' id='word_1_292' title='bbox 691 3583 802 3642; x_wconf 87' lang='lat' dir='ltr'><strong>Christi</strong></span> <span class='ocrx_word' id='word_1_293' title='bbox 825 3584 967 3644; x_wconf 91' lang='lat' dir='ltr'><strong>devotum</strong></span> <span class='ocrx_word' id='word_1_294' title='bbox 993 3577 1190 3668; x_wconf 88' lang='lat' dir='ltr'><strong>vener[abiles</strong></span> <span class='ocrx_word' id='word_1_295' title='bbox 1220 3585 1336 3658; x_wconf 85' lang='lat' dir='ltr'><strong>fratres,</strong></span> 
     </span>
     <span class='ocr_line' id='line_1_32' title="bbox 46 3678 1337 3768; baseline 0.005 -26"><span class='ocrx_word' id='word_1_296' title='bbox 46 3678 208 3768; x_wconf 68' lang='lat' dir='ltr'><strong>molnechos</strong></span> <span class='ocrx_word' id='word_1_297' title='bbox 240 3687 437 3746; x_wconf 79' lang='lat' dir='ltr'><strong>Athanasium</strong></span> <span class='ocrx_word' id='word_1_298' title='bbox 466 3693 498 3746; x_wconf 90' lang='lat' dir='ltr'><strong>et</strong></span> <span class='ocrx_word' id='word_1_299' title='bbox 524 3689 709 3746; x_wconf 85' lang='lat' dir='ltr'><strong>Theodnlum</strong></span> <span class='ocrx_word' id='word_1_300' title='bbox 738 3693 769 3746; x_wconf 90' lang='lat' dir='ltr'><strong>et</strong></span> <span class='ocrx_word' id='word_1_301' title='bbox 796 3689 975 3762; x_wconf 83' lang='lat' dir='ltr'><strong>Maximum,</strong></span> <span class='ocrx_word' id='word_1_302' title='bbox 1007 3695 1041 3748; x_wconf 91' lang='lat' dir='ltr'><strong>nt</strong></span> <span class='ocrx_word' id='word_1_303' title='bbox 1068 3689 1132 3766; x_wconf 84' lang='lat' dir='ltr'><strong>pias</strong></span> <span class='ocrx_word' id='word_1_304' title='bbox 1162 3690 1337 3749; x_wconf 88' lang='lat' dir='ltr'><strong>elemosinas</strong></span> 
     </span>
     <span class='ocr_line' id='line_1_33' title="bbox 45 3788 1336 3873; baseline 0.007 -27"><span class='ocrx_word' id='word_1_305' title='bbox 45 3797 152 3850; x_wconf 87' lang='lat' dir='ltr'><strong>nostras</strong></span> <span class='ocrx_word' id='word_1_306' title='bbox 174 3791 282 3852; x_wconf 91' lang='lat' dir='ltr'><strong>devote</strong></span> <span class='ocrx_word' id='word_1_307' title='bbox 309 3791 457 3868; x_wconf 90' lang='lat' dir='ltr'><strong>recepturi</strong></span> <span class='ocrx_word' id='word_1_308' title='bbox 480 3793 517 3850; x_wconf 90' lang='lat' dir='ltr'><strong>ad</strong></span> <span class='ocrx_word' id='word_1_309' title='bbox 540 3811 592 3851; x_wconf 90' lang='lat' dir='ltr'><strong>nos</strong></span> <span class='ocrx_word' id='word_1_310' title='bbox 615 3813 703 3870; x_wconf 89' lang='lat' dir='ltr'><strong>quam</strong></span> <span class='ocrx_word' id='word_1_311' title='bbox 726 3791 814 3852; x_wconf 87' lang='lat' dir='ltr'><strong>eitius</strong></span> <span class='ocrx_word' id='word_1_312' title='bbox 837 3792 902 3852; x_wconf 87' lang='lat' dir='ltr'><strong>fleri</strong></span> <span class='ocrx_word' id='word_1_313' title='bbox 923 3797 1020 3869; x_wconf 86' lang='lat' dir='ltr'><strong>potest</strong></span> <span class='ocrx_word' id='word_1_314' title='bbox 1043 3788 1207 3873; x_wconf 61' lang='lat' dir='ltr'><strong>reveritant</strong></span> <span class='ocrx_word' id='word_1_315' title='bbox 1231 3840 1238 3853; x_wconf 92' lang='lat'>.</span> <span class='ocrx_word' id='word_1_316' title='bbox 1264 3839 1270 3852; x_wconf 94' lang='lat'>.</span> <span class='ocrx_word' id='word_1_317' title='bbox 1296 3840 1303 3853; x_wconf 92' lang='lat'><strong>.</strong></span> <span class='ocrx_word' id='word_1_318' title='bbox 1329 3842 1336 3855; x_wconf 91' lang='lat'><strong>.</strong></span> 
     </span>
     <span class='ocr_line' id='line_1_34' title="bbox 47 3895 1336 3974; baseline 0.005 -24"><span class='ocrx_word' id='word_1_319' title='bbox 47 3938 178 3957; x_wconf 90' lang='grc'><strong>.....</strong></span> <span class='ocrx_word' id='word_1_320' title='bbox 209 3901 240 3954; x_wconf 90' lang='lat' dir='ltr'><strong>et</strong></span> <span class='ocrx_word' id='word_1_321' title='bbox 267 3895 495 3954; x_wconf 85' lang='lat' dir='ltr'><strong>insaciabilitete</strong></span> <span class='ocrx_word' id='word_1_322' title='bbox 526 3897 688 3956; x_wconf 79' lang='lat' dir='ltr'><strong>Tuscorum</strong></span> <span class='ocrx_word' id='word_1_323' title='bbox 717 3902 749 3956; x_wconf 90' lang='lat' dir='ltr'><strong>et</strong></span> <span class='ocrx_word' id='word_1_324' title='bbox 778 3897 976 3974; x_wconf 88' lang='lat' dir='ltr'><strong>redemptioni</strong></span> <span class='ocrx_word' id='word_1_325' title='bbox 1007 3897 1038 3955; x_wconf 94' lang='lat' dir='ltr'><strong>in</strong></span> <span class='ocrx_word' id='word_1_326' title='bbox 1061 3898 1125 3957; x_wconf 88' lang='lat' dir='ltr'><strong>dies</strong></span> <span class='ocrx_word' id='word_1_327' title='bbox 1152 3898 1336 3974; x_wconf 87' lang='lat' dir='ltr'><strong>captivorum</strong></span> 
     </span>
     <span class='ocr_line' id='line_1_35' title="bbox 44 3999 1336 4083; baseline 0.006 -29"><span class='ocrx_word' id='word_1_328' title='bbox 44 3999 267 4059; x_wconf 85' lang='lat' dir='ltr'><strong>christianorum</strong></span> <span class='ocrx_word' id='word_1_329' title='bbox 297 3999 434 4072; x_wconf 82' lang='lat' dir='ltr'><strong>satisfiat,</strong></span> <span class='ocrx_word' id='word_1_330' title='bbox 468 4021 522 4060; x_wconf 87' lang='lat' dir='ltr'><strong>nee</strong></span> <span class='ocrx_word' id='word_1_331' title='bbox 545 4021 603 4060; x_wconf 90' lang='lat' dir='ltr'><strong>non</strong></span> <span class='ocrx_word' id='word_1_332' title='bbox 626 4002 685 4060; x_wconf 88' lang='lat' dir='ltr'><strong>sint</strong></span> <span class='ocrx_word' id='word_1_333' title='bbox 715 4021 768 4079; x_wconf 87' lang='lat' dir='ltr'><strong>pro</strong></span> <span class='ocrx_word' id='word_1_334' title='bbox 791 4002 1007 4062; x_wconf 84' lang='lat' dir='ltr'><strong>restauratione</strong></span> <span class='ocrx_word' id='word_1_335' title='bbox 1030 4007 1061 4062; x_wconf 89' lang='lat' dir='ltr'><strong>et</strong></span> <span class='ocrx_word' id='word_1_336' title='bbox 1084 4001 1256 4062; x_wconf 83' lang='lat' dir='ltr'><strong>defensioue</strong></span> <span class='ocrx_word' id='word_1_337' title='bbox 1279 3999 1336 4083; x_wconf 85' lang='lat' dir='ltr'><strong>i[n·</strong></span> 
     </span>
     <span class='ocr_line' id='line_1_36' title="bbox 43 4098 1334 4186; baseline 0.006 -28"><span class='ocrx_word' id='word_1_338' title='bbox 43 4105 100 4162; x_wconf 90' lang='lat' dir='ltr'><strong>sule</strong></span> <span class='ocrx_word' id='word_1_339' title='bbox 122 4113 152 4164; x_wconf 91' lang='lat' dir='ltr'><strong>et</strong></span> <span class='ocrx_word' id='word_1_340' title='bbox 176 4098 357 4186; x_wconf 61' lang='lat' dir='ltr'><strong>monasteriii</strong></span> <span class='ocrx_word' id='word_1_341' title='bbox 381 4125 524 4164; x_wconf 86' lang='lat' dir='ltr'><strong>memores</strong></span> <span class='ocrx_word' id='word_1_342' title='bbox 546 4107 626 4165; x_wconf 89' lang='lat' dir='ltr'><strong>illius</strong></span> <span class='ocrx_word' id='word_1_343' title='bbox 649 4107 733 4166; x_wconf 88' lang='lat' dir='ltr'><strong>verbi</strong></span> <span class='ocrx_word' id='word_1_344' title='bbox 756 4107 883 4166; x_wconf 90' lang='lat' dir='ltr'><strong>domini:</strong></span> <span class='ocrx_word' id='word_1_345' title='bbox 910 4107 1027 4184; x_wconf 81' lang='lat' dir='ltr'><strong>«petite</strong></span> <span class='ocrx_word' id='word_1_346' title='bbox 1050 4112 1080 4166; x_wconf 90' lang='lat' dir='ltr'><strong>et</strong></span> <span class='ocrx_word' id='word_1_347' title='bbox 1100 4107 1220 4166; x_wconf 88' lang='lat' dir='ltr'><strong>dabitur·</strong></span> <span class='ocrx_word' id='word_1_348' title='bbox 1242 4108 1334 4180; x_wconf 89' lang='lat' dir='ltr'><strong>vobis,</strong></span> 
     </span>
     <span class='ocr_line' id='line_1_37' title="bbox 43 4207 1335 4289; baseline 0.004 -24"><span class='ocrx_word' id='word_1_349' title='bbox 43 4209 151 4281; x_wconf 87' lang='lat' dir='ltr'><strong>pulsate</strong></span> <span class='ocrx_word' id='word_1_350' title='bbox 167 4215 199 4268; x_wconf 90' lang='lat' dir='ltr'><strong>et</strong></span> <span class='ocrx_word' id='word_1_351' title='bbox 215 4207 374 4286; x_wconf 84' lang='lat' dir='ltr'><strong>aperietur,</strong></span> <span class='ocrx_word' id='word_1_352' title='bbox 394 4215 425 4268; x_wconf 92' lang='lat' dir='ltr'><strong>et</strong></span> <span class='ocrx_word' id='word_1_353' title='bbox 441 4209 547 4288; x_wconf 87' lang='lat' dir='ltr'><strong>quibus</strong></span> <span class='ocrx_word' id='word_1_354' title='bbox 562 4231 580 4268; x_wconf 91' lang='lat' dir='ltr'><strong>e</strong></span> <span class='ocrx_word' id='word_1_355' title='bbox 593 4210 677 4270; x_wconf 89' lang='lat' dir='ltr'><strong>vohis</strong></span> <span class='ocrx_word' id='word_1_356' title='bbox 689 4211 832 4286; x_wconf 87' lang='lat' dir='ltr'><strong>petierint</strong></span> <span class='ocrx_word' id='word_1_357' title='bbox 844 4211 875 4269; x_wconf 93' lang='lat' dir='ltr'><strong>in</strong></span> <span class='ocrx_word' id='word_1_358' title='bbox 887 4211 1008 4270; x_wconf 88' lang='lat' dir='ltr'><strong>nomine</strong></span> <span class='ocrx_word' id='word_1_359' title='bbox 1023 4231 1088 4271; x_wconf 92' lang='lat' dir='ltr'><strong>meo</strong></span> <span class='ocrx_word' id='word_1_360' title='bbox 1100 4231 1153 4289; x_wconf 88' lang='lat' dir='ltr'><strong>pro</strong></span> <span class='ocrx_word' id='word_1_361' title='bbox 1163 4211 1278 4271; x_wconf 87' lang='lat' dir='ltr'><strong>viribus</strong></span> <span class='ocrx_word' id='word_1_362' title='bbox 1290 4213 1335 4270; x_wconf 95' lang='lat' dir='ltr'><strong>di-</strong></span> 
     </span>
     <span class='ocr_line' id='line_1_38' title="bbox 43 4309 1335 4394; baseline 0.005 -26"><span class='ocrx_word' id='word_1_363' title='bbox 43 4331 119 4375; x_wconf 88' lang='lat' dir='ltr'><strong>se...</strong></span> <span class='ocrx_word' id='word_1_364' title='bbox 144 4309 267 4393; x_wconf 89' lang='lat' dir='ltr'><strong>mer]ces</strong></span> <span class='ocrx_word' id='word_1_365' title='bbox 290 4313 370 4372; x_wconf 90' lang='lat' dir='ltr'><strong>enim</strong></span> <span class='ocrx_word' id='word_1_366' title='bbox 391 4319 491 4372; x_wconf 89' lang='lat' dir='ltr'><strong>vestra</strong></span> <span class='ocrx_word' id='word_1_367' title='bbox 513 4313 630 4390; x_wconf 87' lang='lat' dir='ltr'><strong>eopiosa</strong></span> <span class='ocrx_word' id='word_1_368' title='bbox 652 4314 751 4372; x_wconf 90' lang='lat' dir='ltr'><strong>estin</strong></span> <span class='ocrx_word' id='word_1_369' title='bbox 773 4314 875 4373; x_wconf 80' lang='lat' dir='ltr'><strong>celis».</strong></span> <span class='ocrx_word' id='word_1_370' title='bbox 899 4317 1047 4390; x_wconf 88' lang='lat' dir='ltr'><strong>Rogamus</strong></span> <span class='ocrx_word' id='word_1_371' title='bbox 1069 4316 1170 4394; x_wconf 87' lang='lat' dir='ltr'><strong>itaque</strong></span> <span class='ocrx_word' id='word_1_372' title='bbox 1193 4322 1282 4394; x_wconf 88' lang='lat' dir='ltr'><strong>atque</strong></span> <span class='ocrx_word' id='word_1_373' title='bbox 1304 4315 1335 4374; x_wconf 90' lang='lat' dir='ltr'><strong>in</strong></span> 
     </span>
     <span class='ocr_line' id='line_1_39' title="bbox 42 4415 1335 4498; baseline 0.006 -27"><span class='ocrx_word' id='word_1_374' title='bbox 42 4415 156 4477; x_wconf 90' lang='lat' dir='ltr'><strong>domino</strong></span> <span class='ocrx_word' id='word_1_375' title='bbox 179 4419 367 4478; x_wconf 87' lang='lat' dir='ltr'><strong>cohortamur</strong></span> <span class='ocrx_word' id='word_1_376' title='bbox 386 4437 486 4476; x_wconf 90' lang='lat' dir='ltr'><strong>omnes</strong></span> <span class='ocrx_word' id='word_1_377' title='bbox 502 4417 614 4477; x_wconf 85' lang='lat' dir='ltr'><strong>Christi</strong></span> <span class='ocrx_word' id='word_1_378' title='bbox 629 4419 741 4490; x_wconf 88' lang='lat' dir='ltr'><strong>fideles,</strong></span> <span class='ocrx_word' id='word_1_379' title='bbox 765 4423 799 4476; x_wconf 88' lang='lat' dir='ltr'><strong>ut</strong></span> <span class='ocrx_word' id='word_1_380' title='bbox 814 4419 902 4478; x_wconf 90' lang='lat' dir='ltr'><strong>dictis</strong></span> <span class='ocrx_word' id='word_1_381' title='bbox 917 4419 1025 4478; x_wconf 89' lang='lat' dir='ltr'><strong>nostris</strong></span> <span class='ocrx_word' id='word_1_382' title='bbox 1040 4420 1169 4479; x_wconf 89' lang='lat' dir='ltr'><strong>monacis</strong></span> <span class='ocrx_word' id='word_1_383' title='bbox 1184 4439 1236 4496; x_wconf 88' lang='lat' dir='ltr'><strong>pro</strong></span> <span class='ocrx_word' id='word_1_384' title='bbox 1251 4439 1335 4498; x_wconf 86' lang='lat' dir='ltr'><strong>posse</strong></span> 
     </span>
     <span class='ocr_line' id='line_1_40' title="bbox 43 4522 1335 4601; baseline 0.005 -23"><span class='ocrx_word' id='word_1_385' title='bbox 43 4539 105 4580; x_wconf 88' lang='lat' dir='ltr'><strong>man</strong></span> <span class='ocrx_word' id='word_1_386' title='bbox 129 4567 395 4583; x_wconf 92' lang='grc'><strong>.........</strong></span> <span class='ocrx_word' id='word_1_387' title='bbox 420 4525 529 4596; x_wconf 88' lang='lat' dir='ltr'><strong>beatos,</strong></span> <span class='ocrx_word' id='word_1_388' title='bbox 553 4543 622 4582; x_wconf 87' lang='lat' dir='ltr'><strong>nam</strong></span> <span class='ocrx_word' id='word_1_389' title='bbox 644 4522 801 4601; x_wconf 84' lang='lat' dir='ltr'><strong>pollicetur</strong></span> <span class='ocrx_word' id='word_1_390' title='bbox 823 4523 960 4582; x_wconf 90' lang='lat' dir='ltr'><strong>dominus</strong></span> <span class='ocrx_word' id='word_1_391' title='bbox 982 4530 1082 4583; x_wconf 89' lang='lat' dir='ltr'><strong>noster</strong></span> <span class='ocrx_word' id='word_1_392' title='bbox 1101 4525 1185 4583; x_wconf 86' lang='lat' dir='ltr'><strong>Iesus</strong></span> <span class='ocrx_word' id='word_1_393' title='bbox 1200 4525 1335 4584; x_wconf 80' lang='lat' dir='ltr'><strong>Christus</strong></span> 
     </span>
     <span class='ocr_line' id='line_1_41' title="bbox 42 4625 1332 4709; baseline 0.007 -28"><span class='ocrx_word' id='word_1_394' title='bbox 42 4625 251 4709; x_wconf 86' lang='lat' dir='ltr'><strong>misericordes,</strong></span> <span class='ocrx_word' id='word_1_395' title='bbox 275 4627 324 4705; x_wconf 94' lang='lat' dir='ltr'><strong>qui</strong></span> <span class='ocrx_word' id='word_1_396' title='bbox 348 4627 439 4686; x_wconf 88' lang='lat' dir='ltr'><strong>etiam</strong></span> <span class='ocrx_word' id='word_1_397' title='bbox 461 4629 704 4701; x_wconf 89' lang='lat' dir='ltr'><strong>misericordiam,</strong></span> <span class='ocrx_word' id='word_1_398' title='bbox 728 4629 760 4687; x_wconf 95' lang='lat' dir='ltr'><strong>id</strong></span> <span class='ocrx_word' id='word_1_399' title='bbox 783 4634 828 4688; x_wconf 89' lang='lat' dir='ltr'><strong>est</strong></span> <span class='ocrx_word' id='word_1_400' title='bbox 850 4629 974 4705; x_wconf 87' lang='lat' dir='ltr'><strong>gratiam</strong></span> <span class='ocrx_word' id='word_1_401' title='bbox 991 4630 1047 4688; x_wconf 90' lang='lat' dir='ltr'><strong>Dei</strong></span> <span class='ocrx_word' id='word_1_402' title='bbox 1069 4637 1285 4708; x_wconf 85' lang='lat' dir='ltr'><strong>consequentur</strong></span> <span class='ocrx_word' id='word_1_403' title='bbox 1301 4673 1332 4691; x_wconf 92' lang='lat'><strong>..</strong></span> 
     </span>
     <span class='ocr_line' id='line_1_42' title="bbox 44 4733 1334 4812; baseline 0.002 -22"><span class='ocrx_word' id='word_1_404' title='bbox 44 4770 275 4792; x_wconf 88' lang='grc'><strong>........</strong></span> <span class='ocrx_word' id='word_1_405' title='bbox 292 4733 459 4809; x_wconf 81' lang='lat' dir='ltr'><strong>calogerum</strong></span> <span class='ocrx_word' id='word_1_406' title='bbox 482 4735 651 4794; x_wconf 75' lang='lat' dir='ltr'><strong>Cretensem</strong></span> <span class='ocrx_word' id='word_1_407' title='bbox 675 4735 773 4812; x_wconf 85' lang='lat' dir='ltr'><strong>plures</strong></span> <span class='ocrx_word' id='word_1_408' title='bbox 795 4753 889 4811; x_wconf 89' lang='lat' dir='ltr'><strong>reges,</strong></span> <span class='ocrx_word' id='word_1_409' title='bbox 918 4733 1052 4794; x_wconf 86' lang='lat' dir='ltr'><strong>dominos</strong></span> <span class='ocrx_word' id='word_1_410' title='bbox 1074 4754 1108 4794; x_wconf 92' lang='lat' dir='ltr'><strong>ae</strong></span> <span class='ocrx_word' id='word_1_411' title='bbox 1130 4735 1238 4794; x_wconf 89' lang='lat' dir='ltr'><strong>multos</strong></span> <span class='ocrx_word' id='word_1_412' title='bbox 1260 4733 1334 4792; x_wconf 89' lang='lat' dir='ltr'><strong>alios</strong></span> 
     </span>
    </p>
   </div>
   <div class='ocr_carea' id='block_1_3' title="bbox 0 0 1598 5286">
    <p class='ocr_par' dir='ltr' id='par_1_3' title="bbox 0 0 1598 5286">
     <span class='ocr_line' id='line_1_43' title="bbox 0 0 1598 5286; baseline 0 4"><span class='ocrx_word' id='word_1_413' title='bbox 0 0 1598 5286; x_wconf 95' lang='lat' dir='ltr'><strong> </strong></span> 
     </span>
    </p>
   </div>
  </div>
 </body>
</html>
