3184 5288
1273 348 1333 412 105

51 549 78 607 ΙΙ.
101 549 197 618 Λῦσις
215 546 377 620 θΙανουὴλ
393 547 569 620 Κομνηνοῠ
588 529 793 604 ἀπολυθεῖσα
814 541 865 602 ἐπὶ
879 549 917 624 τῇ
933 543 1115 617 ὑπομνήσει
1132 538 1333 604 θεοκτίστου

322 669 473 744 μοναχοῦ
494 665 550 725 καί
572 666 827 744 καθηγουμένου
852 670 906 740 τῆς
932 670 1045 740 μονῆς.

138 789 315 866 ἰΔωρεῑται
336 790 354 862 ἡ
378 787 506 862 βασιλεία
529 793 630 867 μουτῇ
650 787 713 846 καθ’
729 787 800 862 ὑμᾶς
814 785 951 868 σεβασμίᾳ
973 792 1043 868 μονῇ
1067 780 1111 844 διὰ
1133 789 1179 844 τοῦ
1202 787 1333 864 παρόντος

49 911 132 985 ταύτης
170 911 391 988 προστάγματος,
433 909 570 988 σιγιλλίου
599 910 681 968 τόπον
711 909 821 986 ἐπέχειν
853 907 1017 988 όφειλοντος,
1049 907 1176 966 ἐπέκεινα
1205 911 1255 981 τῆς
1279 911 1333 964 τών

49 1031 263 1110 τροδωρηθέντων
287 1033 364 1112 αὐτῇ,
385 1033 422 1102 ώς
446 1031 628 1109 θπεμνησατε,
653 1029 764 1092 δώδεκα
785 1029 923 1109 παροίκων
944 1027 1117 1101 ἐξκουσσείας
1138 1029 1213 1109 παρὰ
1234 1032 1280 1088 τοῦ
1304 1028 1333 1086 έν

49 1153 143 1225 εἰσεβεῑ
163 1158 197 1234 τῇ
221 1149 303 1226 λήξει
325 1153 474 1230 γενομένου
498 1151 636 1226 βασιλέως
659 1150 706 1212 καί
727 1153 837 1212 πάππου
857 1156 907 1228 τῆς
922 1149 1067 1226 βασιλείας
1089 1172 1141 1228 μου
1163 1149 1210 1210 καί
1233 1151 1332 1228 ἑτέρων

48 1273 71 1344 ἒξ
90 1275 224 1354 παροίκων
245 1275 419 1354 ζευγαράτων
442 1271 625 1354 έζκουσσείαν,
649 1273 813 1353 ὀφειλόντων
835 1275 1013 1354 προσκαθίοαι
1036 1271 1080 1334 ἐπὶ
1102 1275 1158 1344 τοῖς
1181 1273 1332 1352 διαφέρουσι

47 1397 118 1476 ταίτη
146 1397 265 1470 κτήμασι
295 1395 364 1456 κατὰ
395 1396 444 1470 τὴν
474 1399 555 1471 νῆσον
587 1395 700 1475 Λέρνον,
733 1395 886 1475 ἐλευθέρων
917 1397 1009 1471 μέντοι
1038 1392 1085 1454 καί
1115 1394 1264 1474 ἀδωρήτων
1286 1392 1333 1452 καί
1409 1419 1417 1432 ‚

47 1515 132 1592 μηδενὶ
161 1515 322 1594 δημοσιανώ
349 1517 535 1591 ὑποκειμένων
562 1516 784 1597 λειτουργήματι,
809 1519 878 1592 μήτε
901 1518 1060 1596 πρακτικοῖς
1082 1535 1113 1576 τε
1135 1519 1181 1574 τοῦ
1204 1514 1332 1589 δημοσίου

48 1637 298 1717 ἀναγεγραμμένων,
322 1639 391 1713 μήτε
406 1643 458 1716 γῆν
476 1637 646 1713 δημοσιακὴν
662 1638 848 1716 κατεχόντων·
872 1635 919 1697 καὶ
943 1636 1086 1716 διορίζεται
1111 1633 1332 1709 έξκουσσεώεσθαι

45 1757 83 1816 καί
111 1759 167 1830 τοὺς
196 1759 330 1830 τοιούτους
357 1755 388 1830 ἓξ
417 1759 564 1838 παροίκους
595 1762 776 1840 ζευγαράτους
809 1765 857 1834 τῆς
887 1759 1011 1836 τοιαύτης
1041 1763 1127 1834 μονῆς
1157 1758 1210 1817 ἀπό
1244 1759 1332 1832 πάσης

44 1874 84 1938 καί
111 1879 237 1950 παντοίας
268 1880 441 1956 δημοσιακῆς
471 1877 640 1960 εἰσπράξεώς
663 1901 691 1940 τε
722 1880 769 1940 καί
798 1882 980 1960 ἀπαιτήσεως,
1012 1879 1092 1940 αὺτοῦ
1113 1899 1142 1938 τε
1170 1883 1216 1939 τοῦ
1239 1881 1331 1956 ζευγο-

45 2001 127 2080 λογίοο
156 2000 202 2061 καί
233 2001 361 2072 παντοίας
392 2001 546 2084 άγγαρείας
575 2006 619 2062 νῦν
641 2023 672 2062 τε
704 2001 783 2078 οὔσης
813 2001 860 2064 καὶ
888 2003 917 2074 ἐς
943 2003 1053 2080 όοτερον
1082 2001 1331 2078 ἐπινοηθησομένης

44 2121 168 2182 καὶκατὰ
189 2125 220 2184 τδ
243 2123 366 2184 καθόλου
387 2128 438 2200 τῆς
465 2123 588 2198 τοιαύτης
619 2121 793 2196 ἐξκουσσείας
823 2123 973 2202 κεφάλαιον
1002 2121 1050 2183 καί
1077 2123 1152 2204 παρὰ
1175 2123 1259 2198 μόνης
1281 2127 1331 2196 τῆς

44 2245 152 2320 τοιαίτης
175 2250 263 2322 μονῆς
286 2245 462 2316 δεοπόζεσθαι
486 2242 525 2318 εἰς
547 2247 592 2304 τόν
625 2243 711 2304 αἰῶνα
741 2247 786 2304 τόν
818 2247 923 2305 ἅπαντα
953 2251 985 2327 τῇ
1018 2241 1151 2327 έμφανείφι
1180 2243 1227 2304 καί
1260 2244 1330 2325 μόνη

44 2371 83 2438 τῆς
100 2367 234 2445 παρούσης
257 2366 364 2438 λύσεως
386 2372 435 2442 τῆς
459 2365 601 2441 βασιλείας
625 2387 686 2446 μου,
709 2369 727 2442 ἡ
750 2363 797 2426 καί
819 2371 875 2438 τοίς
897 2368 1056 2447 προσφέροις
1082 2367 1219 2445 σενρέτοις
1241 2385 1330 2424 κατα·

44 2489 210 2566 πρωθησεται
233 2487 280 2548 καί
304 2483 378 2560 αὖθις
402 2487 634 2568 άναστραφησεται
654 2487 692 2568 τῷ
709 2490 786 2568 μέρει
807 2495 857 2564 τῆς
880 2495 966 2565 μονῆς
990 2487 1028 2558 εἰς
1053 2487 1213 2567 ἀσφάλειαν,
1238 2487 1330 2568 ἀρκεῖν

45 2607 171 2683 ἰφείλουσα
195 2608 243 2669 καί
267 2607 324 2668 ἀντὶ
346 2609 554 2688 χρυσοβοίιλλου
576 2615 683 2690 γραφῆς
706 2609 735 2688 ζ’.

131 2731 226 2808 ffi-
244 2731 323 2806 μηνὶ
339 2731 466 2810 μαρτίῳ
482 2729 691 2803 ἰνδικτιώνος
705 2729 734 2807 η’
750 2731 785 2790 δι’
802 2733 944 2812 ἐρυθρών
959 2733 1163 2810 γραμμάτων
1178 2734 1232 2790 τοῦ
1254 2751 1330 2810 κρα·

42 2857 119 2911 ταιοῦ
140 2851 196 2912 καί
221 2851 318 2930 άγίσυ
341 2855 434 2926 ἡμῶν
458 2852 628 2926 βασιλέως
650 2852 706 2912 καὶ
729 2855 746 2928 ἡ
771 2853 824 2912 διὰ
847 2857 949 2932 κηροῦ
972 2856 1113 2929 συνήθης
1137 2853 1284 2934 σφραγίς.
1309 2855 1329 2934 †

130 2977 150 3054 †
175 2969 258 3052 Εἶχε
275 2973 311 3034 δὲ
334 2973 389 3033 καί
412 2977 459 3034 τό·
485 2974 537 3034 διὰ
559 2979 614 3034 τοῦ
637 2975 887 3054 Πεπαγωμένου
909 2977 1075 3034 Ἰωάννου·
1099 2974 1155 3034 καί
1176 2977 1226 3034 τό·
1249 2995 1327 3034 κατ-

43 3097 171 3173 εστρώθη
197 3095 231 3154 ἐν
255 3094 298 3174 τῷ
321 3097 467 3176 σεκρέτῳ
496 3101 551 3156 τοῦ
579 3097 732 3175 μεγάλου
755 3097 984 3178 λογαριαστοῠ
1011 3095 1096 3156 κατὰ
1122 3101 1210 3173 μῆνα
1233 3093 1327 3174 ἀπρέ-

42 3213 111 3294 λιον,
135 3215 343 3288 ἰνδικτιῶνος
363 3215 461 3292 η’-διόι
485 3217 664 3298 Θεοδώρου
687 3219 941 3294 τοόΣπονδίλη.
965 3217 1021 3277 καί
1042 3221 1091 3278 τό·
1116 3218 1327 3298 κατεστρώθη

45 3333 126 3413 ἐντῷ
156 3339 305 3418 σεκρέτῳ
335 3337 377 3411 τῷ
410 3337 463 3398 ἐπὶ
492 3345 554 3398 τῶν
586 3338 764 3400 οἰκειακών
796 3339 873 3416 μηνὶ
905 3341 1048 3420 άπριλίῳ
1072 3339 1278 3413 ἰνδικτιώνος
1299 3338 1326 3416 η’

44 3453 87 3514 διό
106 3463 155 3518 τοῦ
179 3460 388 3535 Ῥωμανάκη.
414 3459 469 3520 καί
492 3463 541 3520 τό·
565 3463 779 3541 κατεστρώθη
804 3463 837 3522 έν
860 3461 903 3540 τῷ
931 3464 1076 3542 οεκρέτῳ
1098 3467 1153 3524 τοῦ
1176 3462 1327 3540 μεγάλου

44 3575 251 3659 λογαριαστοῦ
278 3587 341 3640 τών
373 3583 501 3660 εόαγών
530 3584 695 3662 σεκρέτων
723 3581 800 3658 μηνὶ
828 3581 939 3662 ίουνίῳ
966 3581 1175 3656 ίνδικτιώνος
1201 3582 1238 3662 η’,
1270 3583 1327 3643 καὶ

45 3700 83 3755 τό·
103 3703 312 3782 κατεστρώθη
336 3702 370 3761 ἐν
396 3701 440 3781 τῷ
463 3704 609 3784 οεκρέτῳ
631 3709 689 3778 τῆς
713 3703 893 3778 βασιλικῆς
916 3704 1092 3779 σακέλλης
1115 3703 1193 3780 μηνὶ
1216 3703 1327 3782 ἰουνίῳ

47 3815 234 3894 ἶνδικτιῶνος
249 3822 287 3899 η’.
304 3822 360 3882 καί
376 3826 425 3884 σθ’
441 3826 652 3906 κατεστρώθη
670 3825 702 3884 ἐν
722 3823 764 3903 τῷ
781 3827 928 3905 σεκρέτῳ
943 3832 1005 3886 τῶν
1029 3825 1081 3886 ἐπὶ
1104 3831 1166 3885 τών
1190 3826 1326 3901 βεστια-

46 3940 108 4016 ρίων
130 3943 205 4020 μηνί
228 3943 339 4022 ίουνίῳ
362 3943 570 4018 ἰνδικτιώνος
592 3945 619 4020 η’
644 3946 699 4005 διὰ
720 3950 776 4006 τοῦ
798 3948 841 4006 Κο
870 3995 1035 4010 .....
1067 3950 1086 4028 †

133 4067 152 4142 †
175 4067 209 4124 ‘0
232 4067 348 4146 κριτὴς
370 4069 424 4126 τοῦ
447 4067 553 4143 βήλου
579 4066 634 4126 καί
656 4065 834 4148 κοιαίστωρ
854 4068 1036 4142 Βασίλεισς
1058 4070 1072 4128 ό
1096 4069 1271 4146 Πεκοθλης
1293 4071 1327 4129 τό

46 4185 212 4261 παρδνίσον
228 4187 270 4266 τῷ
287 4188 520 4267 έμφανισθέντι
537 4210 592 4264 μοι
611 4190 812 4270 πρωτοτώπῳ
837 4187 948 4262 ἰσάζον
973 4191 1075 4270 εὑρών
1098 4193 1273 4272 ὑπέγραψα
1296 4192 1326 4269 †.

134 4308 208 4384 †‘0
231 4311 346 4389 κριτὴς
368 4313 423 4370 τοῦ
450 4311 556 4385 βήλου
578 4309 634 4370 καί
658 4309 710 4370 ἐπί
734 4315 792 4370 τοῦ
820 4310 1026 4392 ἱπποδρόμου
1055 4309 1248 4386 Ἰωάννηςδ
1280 4360 1286 4373 .
1320 4361 1326 4372 .

49 4469 54 4480 .
81 4472 87 4484 .
116 4475 120 4485 .
148 4431 179 4489 τό
206 4432 309 4511 παρόν
337 4429 406 4492 ἰσον
436 4431 479 4512 τῷ
509 4432 746 4511 ἑμφανιοθέντι
769 4453 823 4508 μοι
852 4434 1055 4513 πρωτοτόπῳ
1085 4431 1198 4503 ἰσάζον
1225 4434 1327 4513 εὑρών

47 4543 177 4628 ῡπὲτιαν
222 4553 252 4630 †·

137 4677 291 4751 &emplum
316 4681 401 4736 chart.
428 4679 501 4735 Hor.
529 4683 569 4736 H.
593 4699 642 4734 nro
667 4685 716 4736 10.
