3186 5286
251 367 315 432 406

252 564 329 622 della
350 563 447 620 Genea
477 561 498 618 il
531 563 607 620 easal
631 563 717 620 Stillo
749 567 779 619 et
806 563 1001 635 Paleoeastro‚
1033 563 1076 621 sia
1098 567 1174 621 stato
1196 563 1362 621 introdotto
1385 564 1423 621 da
1445 563 1539 622 alcuni

251 667 320 726 anni
343 667 374 724 in
398 686 463 744 qua,
495 668 550 726 ehc
573 667 605 725 di
628 666 732 725 ordine
755 666 801 725 de'
815 667 1049 744 rappresentanti
1074 667 1166 726 nostri
1200 667 1282 725 siano
1312 669 1386 725 tolle
1415 687 1433 725 a
1463 669 1541 725 forsa

251 773 289 830 da
311 793 374 831 esso
396 774 483 847 luogo
505 773 534 828 le
557 771 643 830 bisve
665 770 808 829 misurate
830 775 862 830 et
884 777 989 848 pagata
1018 792 1035 830 a
1065 771 1152 829 modo
1181 772 1253 842 loro,
1284 771 1482 829 rioercaudosi
1512 772 1539 829 di

254 883 416 954 opportuno
438 875 566 934 rimedio
589 881 620 932 et
642 876 765 934 essendo
788 872 848 934 cosi
871 876 947 934 fatte
969 873 1076 934 attioni
1099 873 1271 934 immediate
1294 881 1396 934 eontra
1414 877 1540 935 l'autieo

251 985 282 1040 et
304 981 352 1058 pio
376 981 512 1039 instituto
535 981 613 1038 delle
634 981 798 1057 Republica
820 985 929 1057 nostra,
951 979 982 1040 vi
1007 984 1214 1038 commettemo
1241 987 1472 1056 espreseamente
1498 983 1539 1038 col

252 1093 362 1158 senato,
386 1088 441 1145 che
464 1106 522 1144 nou
546 1086 683 1144 debbiate
705 1086 737 1144 in
760 1087 847 1144 modo
869 1088 974 1144 alcuna
998 1087 1051 1144 dar
1070 1084 1205 1144 molestia
1223 1105 1241 1142 a
1256 1087 1339 1144 detta
1354 1091 1479 1164 entrato,
1496 1107 1541 1144 ma

249 1195 412 1268 permctter
433 1193 488 1249 eho
510 1191 608 1268 quelle
630 1191 823 1250 liberamento
846 1191 928 1249 siano
951 1191 1081 1250 vendute
1104 1195 1135 1248 et
1157 1189 1287 1248 smaltite
1311 1189 1343 1248 in
1366 1191 1463 1268 quella
1483 1192 1539 1248 for·

251 1301 335 1354 tonza
364 1296 424 1353 deli
454 1295 579 1354 affituali
611 1299 642 1354 et
668 1296 767 1371 agenti
798 1297 860 1354 loro
889 1313 943 1354 oon
970 1295 992 1352 li
1016 1295 1095 1352 modi
1118 1294 1198 1353 soliti
1223 1299 1254 1353 et
1276 1295 1409 1354 consueti
1432 1315 1450 1352 a
1471 1296 1538 1353 tutti

251 1401 352 1478 quelli,
377 1401 431 1459 che
445 1401 544 1460 hauno
564 1405 679 1458 entrate
701 1400 733 1458 in
755 1399 928 1478 quell'isola
950 1405 1057 1470 nostra,
1082 1395 1220 1458 aceioehb
1242 1401 1379 1458 restando
1398 1399 1462 1458 esso
1482 1420 1539 1458 mo·

251 1505 380 1562 nasterio
411 1506 489 1562 nelle
520 1524 571 1563 sua
600 1503 746 1582 petronia,
778 1504 819 1580 gli
850 1505 894 1562 sia
923 1505 1022 1564 levato
1048 1505 1067 1562 l’
1079 1503 1230 1562 occasione
1254 1505 1290 1562 dc
1312 1502 1365 1581 pib
1387 1504 1540 1564 riclamare

251 1611 308 1667 alla
324 1603 429 1685 signe·
444 1614 542 1668 nostra
563 1613 594 1666 et
613 1627 697 1686 possa
716 1610 824 1684 godane
848 1610 956 1688 quello,
979 1609 1034 1666 che
1056 1603 1074 1665 b
1096 1608 1315 1686 propriamente
1337 1627 1399 1680 sue,
1422 1611 1540 1668 essendo

251 1715 310 1771 tale
333 1715 362 1771 la
383 1711 504 1786 volantis
525 1719 633 1772 nostra.
669 1715 746 1772 Dat.
772 1714 806 1771 in
835 1718 956 1772 nostro
980 1713 1100 1771 dueali
1123 1713 1269 1790 palatio,
1293 1713 1352 1772 die
1376 1715 1428 1772 Vl.
1452 1719 1539 1772 octo·

251 1817 334 1889 bris,
358 1818 564 1877 indictione
588 1819 662 1890 XM,
687 1818 935 1877 M.D.XOVI⁰.

923 1921 1021 1981 Giov.
1045 1922 1173 1980 Frau⁰⁰
1196 1921 1408 1980 Marcherisi
1431 1943 1499 2000 seg.

352 2023 459 2077 Arehet.
478 2023 586 2074 membr.
606 2039 666 2073 oum
686 2021 776 2089 sigillo
798 2022 924 2088 plumbeo
948 2022 1037 2086 ducis,
1066 2025 1094 2074 in
1117 2024 1194 2074 onius
1217 2038 1273 2073 una
1296 2029 1373 2088 parte
1395 2028 1436 2074 est
1454 2025 1538 2088 image

249 2112 341 2163 Sancti
364 2111 456 2174 Marci,
479 2111 525 2176 qui
548 2109 611 2162 duci
632 2110 713 2162 tradit
735 2111 851 2176 signum,
874 2125 934 2160 cum
958 2109 1070 2160 litteris:
1088 2109 1212 2160 MARIN.
1236 2109 1286 2161 GR
1304 2149 1310 2160 .
1331 2147 1337 2160 .
1357 2146 1364 2160 .
1384 2147 1390 2159 .
1410 2147 1416 2160 .
1436 2147 1443 2162 .
1462 2110 1488 2160 S.
1505 2111 1537 2159 M.

249 2198 371 2248 VENET
391 2236 397 2248 .
417 2237 422 2247 .
441 2227 447 2244 ι
468 2237 474 2250 .
493 2235 500 2247 .
520 2235 527 2248 .
551 2236 556 2246 .
575 2197 668 2260 DUX,
696 2212 730 2248 ex
752 2197 838 2248 altera
861 2212 939 2248 vero:
962 2194 1125 2250 MARINVS
1147 2196 1311 2250 GRIMANO
1332 2235 1337 2246 .
1356 2197 1420 2250 DEI
1443 2197 1537 2248 GRA.

249 2286 327 2336 DVX
345 2283 530 2334 VENETIAR
547 2321 553 2334 .
572 2283 595 2333 E
685 2319 764 2334 ....
800 2285 832 2334 In
855 2283 988 2335 tabulario
1007 2286 1162 2336 monasterii
1180 2289 1332 2336 asservatur
1355 2286 1437 2336 etiam
1456 2301 1537 2336 exem·

250 2373 308 2438 plar
329 2372 439 2422 tabulae
462 2387 522 2421 cum
546 2373 669 2422 versione
691 2385 796 2437 graeca.
824 2373 918 2437 Bayet,
942 2387 990 2421 nro
1009 2373 1033 2436 7,
1057 2388 1082 2436 p.
1099 2373 1242 2422 lae-150.
1267 2372 1313 2422 Nr.
1327 2373 1352 2434 7,
1371 2372 1425 2423 bis:
1445 2371 1539 2422 Charta

250 2461 329 2510 missa
347 2459 443 2509 rectori
461 2458 581 2510 Oeneae:
605 2457 745 2508 Nobilibus
768 2463 796 2508 et
817 2459 985 2525 sapientibus
1006 2460 1071 2509 viris
1094 2459 1241 2510 Benedioto
1265 2459 1415 2526 Delphino,
1439 2459 1472 2510 de
1492 2475 1537 2508 suc

251 2547 375 2596 mandato
394 2547 491 2596 reetori
509 2545 617 2597 (laneae
636 2551 663 2596 et
680 2559 760 2596 sno..
780 2545 891 2596 Membr.
911 2562 971 2596 eum
991 2545 1084 2598 ecdem
1102 2545 1201 2613 sigillo.
1220 2547 1313 2612 Bayet,
1332 2563 1357 2613 p.
1378 2549 1435 2615 149.

459 2791 551 2856 XXI.
577 2789 855 2874 7115-1606,6.
879 2793 997 2857 mensis
1020 2791 1158 2856 octobris
1183 2789 1259 2881 [ind.
1276 2791 1328 2880 V].

250 2911 352 2963 Alebus
364 2913 397 2963 de
410 2913 594 2979 Wignaecurt,
613 2930 726 2980 magnus
738 2916 867 2980 magister
879 2913 1018 2981 hospitalis
1030 2913 1055 2965 S.
1069 2914 1197 2965 Iohannis
1216 2915 1454 2982 hierosolymitani,
1472 2932 1537 2965 ccm-

249 3000 358 3050 mendat
379 3001 544 3066 principibus
566 3005 593 3050 et
612 3001 762 3052 christianis
780 3001 926 3052 monachos
945 3001 1142 3052 monasteriis.
1162 2999 1298 3064 Iohannis,
1320 3001 1495 3054 Athanasium
1514 3007 1538 3052 st

250 3089 453 3154 Hieronymum,
472 3089 518 3154 qui
535 3103 564 3138 se
577 3087 718 3139 conferunt
729 3091 757 3139 in
771 3089 936 3140 occidentem
954 3089 1095 3140 collecturi
1113 3087 1298 3155 eleemosynas
1316 3105 1363 3156 pro
1383 3090 1536 3140 monasterio

769 3189 786 3226 a
803 3176 899 3226 Turcis
916 3181 1021 3226 vexato.

354 3301 458 3359 Frater
485 3299 598 3358 Alofins
629 3301 665 3358 de
689 3299 890 3375 Wignaoourt‚
924 3301 980 3358 Dei
1004 3301 1099 3376 gratia
1126 3321 1224 3369 sacrae
1253 3303 1356 3361 domus
1380 3303 1536 3380 Hospitalis

249 3407 350 3465 Sancti
367 3406 486 3463 Ioannis
502 3405 777 3484 Hierosolymitani,
802 3407 943 3482 magister
964 3405 1088 3463 humilis
1111 3427 1332 3486 pauperumque
1347 3411 1417 3468 Iesu
1432 3406 1536 3467 Christi

250 3516 356 3582 eustos,
380 3511 527 3569 universis
550 3515 580 3568 et
604 3510 729 3588 singulis
750 3509 941 3588 principibus,
966 3495 1172 3571 ecelesiasticis
1199 3517 1230 3571 et
1260 3515 1466 3582 saecularibus,
1496 3533 1536 3570 ar·

249 3615 454 3691 ohiepisoopis,
483 3615 638 3692 episcopis,
662 3615 794 3686 ducibus,
824 3614 1051 3688 marchionibus,
1076 3616 1243 3694 baronibus,
1274 3617 1432 3688 nobilibus,
1462 3617 1536 3694 eapi-

250 3719 359 3790 taneis,
397 3719 606 3788 vicedominis,
642 3720 812 3796 praelectis,
848 3720 1028 3792 castellanis,
1067 3720 1222 3778 admiratis
1253 3727 1283 3778 et
1319 3721 1535 3799 quibuscunque

250 3823 417 3882 triremium
439 3825 488 3883 vel
511 3823 637 3881 aliorum
660 3823 846 3900 navigiorum
866 3823 1028 3902 capitaneis
1047 3829 1078 3883 et
1102 3825 1234 3902 patronis
1254 3829 1284 3884 et
1304 3825 1461 3886 civitatum
1480 3847 1536 3884 rcc-

250 3928 372 3998 toribus,
396 3929 590 4005 potestatibus
613 3933 643 3986 et
665 3929 886 4004 magistratibus
908 3929 1092 4008 eaeterisque
1115 3930 1291 3990 officialibus
1314 3935 1345 3990 et
1365 3932 1535 4010 quibuscun-

251 4053 308 4111 que
330 4033 463 4109 personis
486 4031 616 4092 cuiusvis
644 4031 809 4107 dignitatis,
833 4035 950 4108 gratim,
974 4040 1068 4093 status
1092 4040 1123 4093 et
1146 4034 1326 4093 conditionis
1345 4037 1458 4094 fuerint
1477 4036 1535 4094 ubi·

249 4137 324 4195 libet
345 4139 475 4196 locorum
498 4143 528 4195 et
551 4143 697 4195 terrarum
719 4137 887 4195 constitutis
910 4139 1044 4197 salutem.
1068 4141 1181 4197 Notum
1202 4139 1328 4197 facimus
1351 4143 1382 4197 et
1399 4139 1429 4198 in
1452 4141 1535 4200 verbu

249 4241 387 4302 veritatis
409 4247 592 4311 attestamur,
624 4240 752 4318 qualiter
772 4241 950 4301 l’essibitori
974 4243 1051 4300 delle
1080 4243 1217 4318 presenti,
1249 4243 1271 4300 li
1299 4243 1431 4319 religiosi
1459 4245 1533 4322 padri

253 4346 414 4404 Athanasio
429 4353 459 4403 ot
475 4345 603 4417 Eremia,
620 4345 756 4406 monachi
772 4348 851 4422 greci
869 4347 938 4405 dell’
950 4345 1054 4404 ordine
1071 4348 1100 4405 di
1118 4347 1147 4405 S.
1168 4345 1279 4406 Basilio
1296 4349 1344 4406 del
1365 4350 1535 4407 monasterio

251 4451 281 4507 di
302 4447 345 4508 8²⁰
362 4450 508 4509 Giovanui
525 4451 716 4526 Evangeliste
744 4453 812 4510 dell'
828 4451 901 4510 isole
917 4451 948 4508 di
964 4451 1125 4522 Pathimos‚
1148 4471 1332 4528 perveunerc
1356 4453 1444 4529 pochi
1468 4453 1533 4511 mesi

252 4574 320 4612 sono
344 4555 374 4611 iu
399 4561 500 4632 queste
522 4563 622 4614 nostra
644 4557 718 4614 isola
741 4557 770 4613 di
793 4557 885 4614 Malta
906 4577 959 4634 per
981 4557 1159 4632 raecogliere
1182 4558 1286 4615 alonna
1308 4559 1468 4616 elemosina
1491 4575 1536 4633 per

251 4657 394 4716 beneficio
417 4677 433 4714 c
457 4659 581 4716 sussidio
604 4661 652 4717 del
675 4661 756 4718 dotto
780 4663 841 4718 loro
865 4661 1052 4732 monasterio,
1077 4661 1273 4722 ritrovandosi
1295 4637 1344 4737 giis
1363 4663 1390 4719 al
1407 4667 1534 4738 presente

253 4761 283 4816 iu
307 4761 500 4833 grandissima
521 4763 608 4819 ruina
630 4769 661 4821 et
683 4764 779 4822 denno
801 4786 854 4842 per
876 4767 904 4824 lc
926 4765 1065 4824 continue
1087 4765 1207 4842 angaric
1230 4771 1261 4824 ct
1283 4767 1426 4838 molestie,
1450 4767 1502 4824 ohe
1516 4763 1532 4820 li
