3162 5278
1258 353 1322 418 313

47 543 109 619 †·0
130 543 337 623 Καισαρείας
360 541 568 624 Ἀνθιμοςγ-
700 547 720 624 †
744 545 778 604 ι0
803 545 1025 621 Χαλκηδόνος
1049 547 1175 624 Ἰωσήφ.
1199 549 1221 627 †

45 665 106 737 †‘0
141 665 376 742 Νικομηδείας
400 667 595 746 Παρθένιος.
626 670 647 748 †
700 667 778 746 †‘0
802 667 987 745 Ἀγχιάλου
1011 669 1238 749 Μακάριοςγ

46 787 106 861 †'0
128 787 258 866 Σερρῶν
282 783 447 864 Ἀνθιμος.
471 790 492 868 †
700 789 720 866 †
745 789 779 846 ‘0
803 789 935 868 Κρήτης
958 790 1140 868 Κόριλλος.
1165 791 1186 869 †

45 909 106 979 †‘0
129 955 389 972 ........
413 911 433 988 †
701 909 1095 990 †‘0‘P6800....†

127 1037 272 1108 Archetyp.
297 1037 373 1092 nor.
390 1037 433 1092 ΙΙ.
457 1055 507 1092 ιντο
524 1040 574 1094 58.

217 1325 405 1390 CXXXIX.
430 1324 680 1412 [7223-1715],
705 1349 814 1390 mense
837 1329 932 1411 mai0,
956 1327 1020 1391 ind.
1038 1327 1129 1392 Vssl.

45 1474 192 1528 ίίιίιάιτοίνα
210 1477 319 1528 Cosmus
337 1475 377 1528 11.
402 1481 426 1528 τί
449 1475 567 1542 synodus
589 1474 747 1542 confirmant
770 1476 950 1548 donationem,
974 1494 1057 1546 φααινι
1080 1477 1241 1530 monasterio
1254 1476 1323 1544 fecit

449 1579 575 1648 Uyrillus,
601 1579 820 1649 archiepiscopus
844 1581 899 1635 005.

131 1729 327 1808 γΚοομᾶς,
373 1727 460 1808 ἐλέῳ
505 1729 581 1788 θεοῦ
623 1729 886 1809 ἀρχιεπίσκοπος
921 1730 1321 1803 Κωνσταντινουττόλεως,

41 1850 118 1920 λ’έας
140 1847 282 1928 Ῥώμης,
306 1849 365 1910 καί
387 1849 621 1926 οίκουμενικός
643 1854 862 1932 πατριάρχης.
887 1854 908 1932 †

130 2007 215 2084 †T&
241 2006 409 2084 φιλευσεθῶς
436 2005 482 2066 καὶ
509 2008 644 2085 φιλοθέως
671 2011 727 2079 τοῖς
754 2007 905 2088 ἀνθρώποις
936 2009 1149 2090 διενεργοόμενα
1180 2009 1323 2086 ἀποδοχῆς

38 2131 115 2202 πόσης
137 2129 201 2189 όντα
224 2125 325 2201 ἐπάξια
347 2135 468 2189 ουνιοτοῖν
497 2127 544 2190 καί
566 2129 705 2209 κρατύνειν
728 2129 919 2210 ἀπαραιτήτως
941 2125 1089 2210 ὀφείλομεν
1111 2129 1158 2190 καὶ
1180 2133 1323 2212 γροίμμαοι

38 2254 231 2330 πατριαρχικοῑς
265 2257 431 2330 κατοχυροῦν
465 2249 512 2310 καί
543 2251 676 2324 ἐμπεδοῦν
708 2251 799 2310 ἐκεῖνα
832 2255 900 2331 πρός
934 2253 1045 2328 διηνεκῆ
1079 2253 1128 2326 τήν
1161 2252 1322 2332 ἀσφάλειαν,

39 2373 147 2444 μάλιστα
170 2372 201 2431 δὲ
227 2375 346 2450 πάντων,
375 2375 425 2432 όοα
453 2372 476 2432 οἱ
499 2372 668 2451 φιλευοεβεῖς
695 2371 742 2432 καὶ
765 2375 933 2452 ριλόχριστοι
956 2373 1158 2454 διεγηγερμένῃ
1180 2377 1254 2454 ψυχῇ
1277 2371 1324 2432 καί

39 2494 107 2570 ἔρωτι
133 2493 172 2572 τῷ
199 2496 267 2574 πρὸς
294 2493 355 2554 θεόν
383 2495 537 2570 κινηθέντες
565 2493 648 2574 ἱεροῖς
675 2497 751 2566 ναοῖς
777 2493 824 2554 καὶ
847 2497 955 2566 σεπτοϊς
978 2493 1061 2564 οἴκοις
1084 2495 1203 2574 φιλοθέιρ
1226 2497 1324 2576 γνώμῃ

38 2611 153 2676 ἀνέθεντο
180 2614 229 2676 καὶ
255 2615 406 2696 ἀφιέρωσαν
436 2613 475 2687 είς
498 2613 578 2688 δόξαν
602 2617 664 2676 θεοῦ
686 2614 733 2674 καὶ
757 2617 882 2692 διηνεκές
906 2618 991 2676 αὐτῶν
1016 2619 1200 2692 μνημόσυνον·
1225 2618 1324 2676 συσταί-

37 2757 99 2808 οεως
123 2737 177 2818 γάρ
204 2745 254 2813 τῆς
280 2743 334 2796 τῶν
357 2739 527 2816 γραμμάτων
555 2733 702 2816 ἐξαιρέτως
729 2739 859 2818 χρῄζουσι
885 2738 919 2798 τά
948 2741 1058 2798 τοιαῦτα
1087 2737 1134 2797 καί
1162 2737 1323 2816 ἀσφαλείας,

37 2858 74 2918 ἵνα
102 2863 169 2934 μήτε
200 2860 251 2919 ότέο
280 2863 325 2919 τοῦ
355 2860 454 2939 χρόνον
484 2859 574 2934 λήθης
604 2859 694 2933 βυθοῖς
723 2858 914 2938 παραδοθέντα
943 2865 992 2934 τῆς
1023 2863 1133 2934 μνήμης
1164 2861 1323 2938 ἐκπέσωσιν,

37 2979 105 3040 ἀλλὰ
134 2980 181 3042 καί
207 2985 264 3050 τοῖς
292 2983 532 3061 μεταγενεστέροις
560 2981 673 3057 μίμησις
704 2979 745 3054 εἴη
776 2984 822 3040 τοῦ
851 2981 940 3040 καλοῦ
966 2978 1013 3040 καὶ
1039 2987 1089 3056 τῆς
1115 2979 1177 3060 περὶ
1203 2981 1237 3040 τά
1263 2981 1325 3039 θεῖα

38 3103 185 3178 εὒλαβείας.
221 3101 315 3178 ἐπειδὴ
343 3108 485 3182 τοιγαροῦν
512 3101 558 3162 καὶ
586 3104 600 3162 ό
628 3103 835 3182 θεοφιλέστατος
863 3101 1074 3182 ἀρχιεπίσκοπος
1101 3102 1162 3180 Κῶ,
1194 3102 1222 3160 ἐν
1253 3101 1323 3180 ἁγίῳ

36 3226 156 3298 τνεόματι
181 3226 322 3304 ἀγαπητός
343 3225 422 3300 ἡμῶν
447 3222 634 3304 ἀδελφόςκαὶ
658 3225 881 3306 συλλειτουργός,
905 3227 954 3304 κῦρ
978 3222 1132 3302 Κόριλλος,
1157 3223 1237 3302 έρωτι
1259 3221 1324 3301 θείῳ

36 3345 75 3402 καὶ
96 3347 174 3426 ζήλῳ
201 3347 373 3426 κινούμενος,
401 3349 489 3428 θερμῇ
509 3368 537 3406 τε
565 3345 611 3406 καί
640 3347 759 3426 διαπύρῳ
787 3347 920 3428 εθλοιβείᾳ
946 3345 1169 3424 πυρπολούμενος
1191 3342 1253 3422 περὶ
1276 3344 1324 3418 τὴν

37 3465 102 3546 ίεράν
124 3467 171 3528 καί
194 3469 347 3545 σεβασμίαν
371 3469 456 3544 μονὴν
479 3474 524 3528 τοῦ
548 3466 635 3546 ἁγίου,
664 3465 774 3539 ἐνδόξου
803 3469 956 3528 ἀποστόλου
979 3466 1026 3528 καὶ
1049 3467 1244 3546 εὐαγγελιστοῦ
1260 3466 1325 3525 Ἰω-

38 3589 107 3649 άννου
128 3597 175 3650 τοῦ
198 3589 344 3668 Θεολόγου
371 3591 419 3666 τὴν
444 3591 473 3650 ἐν
495 3595 528 3670 τῇ
552 3593 626 3669 νήσῳ
651 3591 765 3668 ίίάτμῳ,
793 3593 870 3650 τοῦτο
895 3590 945 3665 μὲν
969 3589 1013 3649 διά
1040 3591 1069 3648 τό
1093 3587 1252 3668 φιλευσεβές
1280 3585 1326 3648 καὶ

37 3711 153 3784 φιλόθεον
180 3719 230 3788 της
253 3715 367 3790 γνιίιμης
391 3713 479 3791 αθτοό,
503 3717 580 3772 τοῦτο
604 3710 704 3772 δὲκαὶ
728 3712 794 3771 διότι
818 3712 850 3771 ἐκ
872 3714 999 3787 νεότητος
1027 3712 1104 3771 ἔθετο
1129 3711 1157 3770 ἐν
1181 3709 1253 3787 αὐτῷ
1275 3710 1324 3783 τὴν

38 3837 173 3902 μετάνοιαν
199 3833 287 3913 αὺτοῦ,
314 3833 426 3894 κάκεῖσε
454 3835 484 3892 τό
512 3835 583 3893 θεῖον
607 3830 717 3908 ἀξίωμα
743 3841 792 3908 τῆς
815 3833 962 3914 ίερωοόνης
986 3831 1099 3904 ἐδέξατο
1122 3830 1169 3891 καί
1192 3832 1325 3910 διέτριψεν

37 3951 133 4026 ἰκανοθς
164 3957 281 4036 χρόνους
310 3955 419 4035 τραρείς
446 3975 475 4014 τε
506 3954 552 4014 καί
584 3953 738 4025 παιδευθείς
768 3958 824 4026 τοῖς
855 3957 1017 4034 προσήκουσι
1047 3953 1086 4032 τῷ
1117 3951 1243 4032 ἱερατικῷ
1274 3951 1325 4010 ἑπ-

38 4078 187 4153 αγγέλματι
208 4077 311 4156 ἤθεσιν,
341 4078 380 4156 ἐφ’
405 4069 445 4149 οἷς
472 4078 652 4154 εὐγνωμόνως
679 4077 747 4156 πρὶς
773 4079 821 4150 τὴν
850 4077 924 4156 ἰεράν
948 4077 1044 4150 ταότην
1068 4075 1154 4152 μονὴν
1177 4075 1326 4152 φερόμενος

36 4201 193 4276 προσ-ι’,λωσε
221 4197 268 4258 καὶ
291 4199 439 4280 ἀφιέρωοεν
464 4201 530 4280 αὐτῇ
553 4202 702 4278 πράγματα
725 4197 771 4257 καὶ
794 4201 921 4272 κτήματα
944 4197 1009 4274 ἴδια,
1034 4197 1093 4276 ἱεροί
1116 4217 1146 4256 τε
1170 4197 1256 4274 ἀμφια
1279 4194 1326 4254 καί

37 4322 110 4378 :azzi
142 4321 306 4395 ἀναθήματα
336 4325 403 4398 προς
435 4321 549 4400 μερικὴν
576 4318 738 4398 περίθαλψιν
769 4317 815 4377 καί
844 4319 1003 4396 κυβέρνηοιν
1034 4323 1086 4375 τῶν
1119 4317 1326 4392 ἐναοκουμένων

37 4441 93 4522 αὖτέ,
120 4445 248 4522 πατέρων
274 4441 322 4502 καί
349 4441 389 4514 εἷς
420 4444 589 4516 μνημόσυνον
620 4439 727 4501 αἰώνιον
755 4443 845 4520 αὑτοῦ,
877 4441 953 4500 ἅτινά
976 4437 1027 4498 εἰσι
1053 4443 1150 4498 ταῦτα·
1180 4436 1325 4518 ἀμπέλιον,

37 4563 94 4642 ἔπερ
122 4566 247 4644 ἠγόρασε
279 4565 313 4624 δι’
346 4562 453 4624 οἰκείων
483 4565 634 4643 χρημάτων
667 4563 731 4640 έχον
763 4558 828 4642 φντά
860 4561 992 4639 χιλιάδας
1027 4560 1110 4620 εἴκοσι
1144 4558 1192 4620 καὶ
1224 4561 1328 4640 φρέατα

38 4682 103 4758 ἐντός
132 4688 231 4766 πέντε,
267 4685 328 4763 ἔχει
359 4685 390 4744 δὲ
420 4683 466 4744 καὶ
497 4685 544 4744 δόο
574 4685 691 4764 πόργονς
722 4688 767 4743 σὺν
797 4685 854 4756 τοῖς
883 4685 1005 4744 κάτωθεν
1036 4682 1198 4762 μαγαζείοις
1229 4679 1326 4744 αθτῶν.
