3160 5292
272 345 336 410 224

272 539 444 620 έπηρεάζωσι
470 541 518 615 τὴν
545 541 669 616 τοιαύτην
691 541 777 618 μονὴν
798 539 846 601 καὶ
870 538 909 614 εἰς
933 541 1023 614 δόσεις
1046 541 1169 618 ἐννομίου
1190 545 1209 616 ἢ
1234 541 1330 602 ἀλλων
1352 547 1431 602 τινῶν
1457 543 1553 602 καθέλ-

270 685 339 724 κωσι
367 664 525 744 κεφαλαίων
552 663 711 741 ἀπαίτησιν·
741 665 925 746 πατριαρχικὴ
955 665 1009 744 γάρ
1042 663 1109 724 ούσα
1137 665 1168 725 τό
1199 663 1343 746 ἐλεύθερον
1374 659 1554 750 [παντόίταοιν

272 783 327 860 ἕξει
354 785 401 846 καί
428 785 665 866 ἀκαταδούλωτον,
694 789 732 858 ὡς
760 789 793 846 ἀν
820 787 846 848 σί
874 787 903 848 ἐν
931 789 997 870 αύτῇ
1023 788 1243 868 προσκαθήμενοι
1270 785 1388 867 μοναχοί
1418 787 1555 868 ἀταράχως

270 908 316 970 καὶ
345 909 493 980 ἀκωλύτως
521 909 661 989 διάγοντες
690 905 820 996 έκτενίῶς
846 905 1061 996 ύιτερεύ]χωνται
1087 915 1133 971 τού
1164 911 1305 991 κρατίστου
1334 907 1382 972 καί
1412 909 1490 988 ἁγίου
1512 932 1554 984 μοι

271 1032 476 1113 αθτοκράτορσς.
508 1031 623 1092 ἴστωσαν
651 1035 716 1110 γοῦν
747 1027 873 1117 είδίησιν]
903 1032 929 1093 οἱ
957 1039 1006 1108 τῆς
1035 1037 1117 1108 νήσου
1148 1031 1287 1114 οἰκήτορες
1320 1031 1367 1094 καί
1401 1032 1427 1093 οἱ
1456 1035 1554 1111 γονικδν

270 1152 373 1214 δίκαιον
398 1153 426 1213 ἐν
448 1159 481 1235 τῇ
506 1161 575 1236 μονῇ
599 1154 825 1234 ἀνακαλούμενοι,
855 1155 892 1226 ὡς
916 1153 1002 1226 εἴτις
1025 1156 1158 1231 τολμήσει
1180 1155 1333 1216 ἀποσπᾶται
1355 1157 1450 1231 κτήμά
1472 1175 1548 1214 τιατ

269 1277 352 1351 αύτῆς
374 1279 392 1351 ἢ
414 1276 489 1347 ὅλως
513 1276 638 1353 ἀδικῆσαι
663 1277 755 1356 αύτήν,
779 1277 793 1336 ό
815 1274 949 1356 τοιοῦτος’,
972 1278 1065 1350 ότοῖος
1087 1277 1119 1337 ἀν
1143 1277 1195 1358 εἴη,
1219 1278 1250 1337 ού
1273 1281 1354 1354 μόνον
1376 1276 1416 1356 τῷ
1439 1277 1494 1336 ἀπό
1515 1284 1555 1350 τῆς

268 1401 347 1474 ήμῶν
377 1401 550 1480 μετριότητος
581 1399 721 1480 ἀρορισμῷ
752 1401 846 1460 ἑαυτόν
877 1394 1020 1460 ύττεύθυνον
1050 1401 1225 1482 καταστήσει,
1256 1400 1333 1461 ἀλλά
1362 1399 1409 1460 καὶ
1439 1405 1490 1477 τῆς
1517 1404 1554 1458 τού

268 1521 407 1600 κρατίστου
442 1519 488 1582 καί
519 1521 597 1600 ἁγίου
628 1541 680 1598 μου
710 1522 908 1603 αύτοκράτορος
938 1521 1022 1602 ἀργῆς
1053 1523 1246 1602 πειραθήσεται
1280 1519 1311 1596 ἐξ
1344 1523 1482 1601 ἀναρορᾶς
1513 1529 1555 1595 τῆς

268 1645 346 1718 ἡμῶν
378 1649 565 1726 μετριότητος,
597 1647 656 1722 ἥτις
685 1644 731 1705 καὶ
761 1647 791 1706 τό
821 1647 907 1727 παρόν
936 1649 1054 1725 γράμμα
1084 1643 1207 1726 ἐπύρεξε
1236 1651 1269 1728 τῇ
1300 1643 1482 1726 διαληφθείοη
1510 1649 1555 1702 τῶν

269 1766 392 1845 Σροντῶν
415 1774 484 1851 μονῇ
508 1767 551 1828 ἐπὶ
573 1767 611 1846 τῷ
634 1771 773 1850 προσεῖναι
796 1771 863 1850 αδτῇ
886 1765 925 1841 είς
948 1766 1099 1848 ἀσφάλειαν
1123 1765 1306 1839 αἰωνιίσυσαν.
1333 1769 1354 1848 †

372 1889 392 1966 †
415 1889 502 1966 Μηνὶ
525 1891 746 1972 σεπτεμβρίῳ,
770 1889 974 1962 ίνδικτιῶνος
998 1889 1048 1954 ια’.
1072 1891 1092 1969 ἠ

371 2017 521 2088 Εαααρθσν
542 2021 650 2075 membr.
668 2021 746 2075 Flor.
760 2021 801 2074 II.
822 2037 871 2074 ιντο
884 2021 934 2075 28.
963 2020 1070 2074 Tabula
1093 2019 1236 2074 tribuenda
1258 2019 1365 2074 videtur
1381 2018 1557 2092 ραίπίαπούαο

271 2120 407 2177 Germano
423 2125 477 2177 III
495 2131 520 2179 ιθ
542 2121 854 2195 απιιο1267(677θ).

518 2429 622 2496 XCII.
648 2427 725 2495 Sine
747 2451 842 2514 αιιιιο,
865 2451 975 2495 mense
999 2438 1143 2515 augustO,
1167 2427 1232 2492 ind.
1256 2425 1314 2492 XI.

267 2577 419 2646 Imperator
451 2577 591 2647 confirmat
624 2580 818 2634 τσοίιθιιίυόιισιιιΙ
846 2579 1046 2648 ροιεοεείοιιυιιι
1080 2577 1240 2632 monasterio
1273 2577 1302 2630 in
1330 2577 1382 2629 000
1405 2575 1516 2644 factam
1542 2593 1556 2625 ιι

790 2701 896 2738 censore
918 2683 1032 2738 τίιευίαα.

373 2859 507 2948 ήἘπεί,
531 2869 570 2940 ὡς
592 2869 640 2944 τὴν
665 2867 807 2942 βασιλείαν
829 2889 879 2944 μου
902 2867 1085 2947 ύπεμνήσατε,
1109 2867 1124 2926 ό
1147 2867 1194 2942 τὴν
1219 2865 1377 2945 ἀπογραφὴν
1400 2867 1557 2940 ποιούμενος

264 2987 304 3062 είς
330 2991 378 3066 τὴν
404 2997 485 3067 νῆσον
508 2991 559 3050 Κῶ
585 2992 780 3071 ἀναθεωρήσας
806 2989 853 3050 καί
879 2989 913 3050 τά
938 2991 1072 3070 προσόντα
1100 2989 1192 3049 δίκαια
1217 2994 1267 3064 τῆς
1294 2988 1355 3048 καθ’
1378 2985 1451 3062 ὑμᾶς
1476 2994 1555 3063 μονῆς

265 3111 482 3188 ἀποκατέστησεν
510 3113 577 3173 αύτά
603 3107 709 3198 πίάλιν]
737 3112 809 3172 κατὰ
834 3113 884 3184 τὰς
909 3112 1071 3192 περιλήψεις
1099 3116 1153 3170 τῶν
1176 3112 1328 3189 προσόντων
1351 3109 1418 3192 αύτη
1444 3109 1554 3169 δικαιω-

265 3236 372 3314 μάτων,
404 3233 503 3308 ἐπιθείς
537 3233 585 3295 καὶ
613 3237 643 3295 τό
667 3235 821 3314 ἀναλογοῦν
853 3235 918 3316 αύτῇ
947 3234 1045 3305 τέλος·
1079 3237 1123 3293 νύν
1154 3232 1178 3292 δ’
1207 3233 1411 3311 ἀναδραμόντες
1442 3231 1483 3304 εἰς
1512 3232 1554 3304 την

265 3356 406 3431 βασιλείαν
422 3379 473 3433 μου
494 3357 626 3434 ἐδεήθητε
649 3355 696 3417 καὶ
718 3357 829 3438 όρισμού
851 3357 949 3432 ταύτης
972 3358 1061 3435 τυχεῖν
1085 3357 1273 3436 ἐπικυρούντος
1294 3355 1342 3430 τήν
1365 3355 1492 3430 τοιαύτην
1514 3360 1553 3411 τοῦ

266 3473 445 3557 ἀπογραρέως
473 3480 704 3540 ἀποκατάστασιν·
728 3481 745 3554 ἡ
770 3478 898 3554 βασιλεία
914 3499 965 3553 μου
992 3479 1040 3552 τὴν
1070 3478 1161 3553 δέησιν
1187 3477 1262 3552 ὑμῶν
1288 3479 1488 3556 προσηκαμένη
1514 3479 1553 3535 τὀν

263 3601 382 3679 παρόντα
417 3601 526 3680 ὁρισμόν
560 3607 594 3681 τῇ
630 3601 747 3683 ὑμετέρᾳ
782 3607 851 3682 μονῇ
889 3595 1127 3685 [ἑ]π[ι]χ[ορηγ]εῖ,
1159 3598 1194 3658 δι’
1218 3593 1248 3657 οὗ
1277 3597 1324 3658 καίΙ
1355 3599 1502 3678 διορίζεται
1528 3599 1551 3654 z‘:

263 3725 343 3801 κύρος
371 3721 446 3800 ἔχειν
472 3723 522 3798 τἠν
544 3725 689 3804 γεγονυῖαν
717 3724 783 3806 αύτῄ
812 3724 948 3802 έγγραρον
976 3723 1192 3782 ἀποκατάστασιν
1215 3724 1260 3780 τού
1283 3719 1468 3800 ἀπογραρέως
1488 3719 1552 3779 κατὰ

262 3845 351 3916 πάσας
378 3846 427 3917 τὰς
453 3845 613 3926 περιλήψεις
641 3847 736 3924 αύτῆς,
764 3847 834 3905 ὥστε
861 3844 1055 3922 ἀνενοχλήτως
1081 3843 1128 3904 καὶ
1155 3841 1332 3915 ἀδιασείοτως
1358 3845 1490 3921 κατέχειν
1511 3839 1551 3902 καὶ

262 3967 391 4041 νέμεσθαι
417 3968 465 4041 τἠν
494 3969 578 4043 μονὴν
605 3968 638 4027 τά
664 3967 854 4047 παραδοθέντα
877 3967 942 4049 αὐτῇ
966 3966 1125 4046 όρείλουσαν
1148 3967 1216 4048 πρός
1237 3966 1267 4025 τό
1291 3967 1374 4046 μέρος
1396 3969 1444 4025 τού
1468 3965 1550 4040 δημο-

262 4088 318 4148 σίου
340 4089 530 4164 καταβάλλειν
558 4091 639 4164 μόνον
666 4091 696 4149 τό
720 4089 842 4150 ἐπιταθὲν
865 4089 947 4162 τέλος
970 4092 1035 4174 αύτῇ
1061 4084 1079 4173 ί.
1097 4137 1129 4151 ..
1152 4087 1200 4149 καί
1223 4087 1319 4164 μηδεὶς
1340 4084 1406 4174 τῶν]
1432 4085 1567 4149 ἁπάντων

263 4209 419 4288 διασεισμδν
441 4215 458 4286 ἢ
483 4211 597 4289 όχλησιν
621 4212 750 4294 ἐπαγάγῃ
777 4218 810 4295 τῇ
833 4219 902 4296 μονῇ
927 4211 970 4271 ἐπὶ
992 4215 1049 4285 τοῖς
1070 4211 1260 4293 παραδοθεῖσιν
1284 4213 1361 4292 αὐτῇ,
1384 4207 1465 4272 ἀλλά
1488 4213 1551 4271 καθ·

264 4330 319 4404 έξει
341 4338 434 4414 ταῦτα,
457 4333 549 4404 καθὼς
571 4335 637 4414 αύτῄ
660 4333 851 4415 παρεδόθησαν
879 4332 926 4394 καί
948 4335 1041 4406 καθὼς
1065 4329 1215 4419 [πρότερον]
1238 4336 1368 4411 κατεῖχεν
1391 4334 1469 4392 αύτά.
1500 4329 1566 4392 ἐπεὶι

263 4453 293 4514 δὲ
322 4453 369 4514 καί
398 4459 482 4514 ταῦτα
508 4456 690 4536 ύπεμνήοατε,
719 4457 757 4528 ὡς
786 4502 1019 4518 ........
1051 4462 1084 4538 τῇ
1108 4461 1177 4538 μονῇ
1200 4457 1245 4515 τοῦ
1269 4452 1386 4527 Ἄλσους
1409 4505 1417 4521 .
1442 4503 1449 4517 .
1485 4453 1552 4522 αὖθις

262 4575 419 4657 ἀπολαύειν,
442 4581 475 4652 ἣν
500 4572 576 4656 εἶχεν
600 4578 757 4658 ἐλευθερίαν
781 4577 826 4638 διὰ
848 4581 1012 4658 γράμματος
1031 4581 1225 4658 πατριαρχικοῡ
1247 4577 1294 4637 καίΙ
1318 4621 1550 4642 ........
1564 4613 1565 4677 γ

264 4747 270 4760 ,
296 4745 302 4760 .
328 4746 334 4758 .
359 4747 365 4760 .
395 4699 441 4759 καὶ
470 4703 500 4760 τδ
530 4704 649 4762 τοιοῦτον
679 4703 872 4781 πατριαρχικύν
902 4703 1028 4782 γράμμα,
1060 4697 1214 4786 διορί[ζεται
1243 4745 1249 4759 .
1275 4747 1281 4761 .
1304 4720 1387 4761 ,τιαν
1416 4695 1551 4774 εἶναιτὴν
