3228 5294
230 332 272 396 72

231 530 316 598 μονῆς
344 523 390 584 καὶ
416 531 470 583 τῶν
497 525 539 584 ὑπ’
569 525 651 598 αύτὴν
678 524 884 602 ἀναμφηρίοτως
913 523 1015 602 όφείλει
1043 526 1152 602 κρατεῖν
1174 529 1227 582 τῶν
1251 524 1302 598 μὲν
1325 524 1528 598 ἐνασκουμένων

231 648 297 726 αύτῇ
323 648 431 705 πάντων
460 646 586 724 ἀδελφῶν
613 648 651 717 ώς
679 647 742 704 υίῶν
769 643 888 722 γνησίων
915 644 961 704 καί
989 646 1083 720 μελῶν
1113 643 1220 705 οἰκείων
1253 644 1454 720 ἐπιμελόμενος
1485 643 1529 704 καὶ
1592 668 1596 735 ρ

229 767 427 846 περιεχόμενος
455 767 502 826 καί
528 773 578 843 της
608 767 679 826 κατὰ
708 766 794 845 λόγον
827 769 913 826 αύτῶν
944 772 1064 844 ψυχικῆς
1095 767 1269 842 βελτιώσεως
1295 765 1341 826 καί
1372 771 1529 842 σωματικῆς

231 887 393 968 αύταρκείας
423 888 566 968 φροντίζων
598 890 656 964 ἅμα
685 881 731 946 καί
761 887 993 966 προμηθεόμενος,
1028 893 1081 946 τῶν
1116 887 1145 946 δὲ
1178 893 1212 970 τῇ
1246 893 1317 966 μονῇ
1351 886 1529 968 διαφερόντων

232 1007 306 1068 όλων
335 1005 508 1080 ἁπαξαπλῶς
530 1008 578 1084 τὴν
601 1011 729 1089 πρόνοιαν
751 1006 798 1068 καί
821 1005 976 1082 οἰκονομίαν
1001 1007 1045 1067 διὰ
1071 1014 1124 1066 τῶν
1149 1009 1177 1067 έν
1207 1008 1309 1090 ἑκάστη
1336 1007 1461 1068 διακονία
1483 1028 1529 1066 τε-

230 1132 375 1208 ταγμένων
403 1130 530 1209 ἀδελφῶν
557 1131 656 1211 κυρίως
683 1131 729 1190 καί
756 1129 827 1190 κατὰ
853 1132 883 1189 τό
911 1129 983 1207 αὐτῷ
1011 1128 1178 1208 δεδογμένον
1205 1129 1385 1204 ποιούμενος·
1410 1127 1435 1188 εί
1466 1133 1530 1208 γάρ,

231 1251 302 1312 κατά
331 1253 393 1324 τούς
422 1251 510 1332 ίεροθς
536 1253 654 1324 κανόνας
681 1251 775 1332 εἰπεῖν,
806 1251 897 1326 τιμίας
927 1253 1074 1332 ἀνθρώπων
1105 1251 1195 1329 ψυχὰς
1227 1250 1298 1331 αύτῷ
1330 1251 1530 1332 ἐγχειρίζομεν,

231 1369 269 1433 ών
288 1371 369 1432 «σὐδέ
385 1379 449 1448 μιᾶς
464 1375 479 1432 ὁ
495 1375 599 1449 κόσμος
615 1375 686 1446 ἅπας
710 1370 866 1452 ἀντάξιος»,
889 1373 913 1432 τί
935 1371 996 1452 περὶ
1020 1373 1193 1453 ἀνθρωπίνων
1215 1370 1262 1432 καί
1284 1373 1385 1432 ύλικῶν
1407 1379 1531 1452 προσῆκε
1609 1404 1610 1408 ,

230 1493 405 1574 λσγίζεσθαις
429 1493 453 1553 οἱ
475 1493 505 1553 δέ
528 1515 562 1573 γε
582 1495 624 1554 ἀπ’
646 1493 717 1574 αύτῷ
737 1495 899 1572 τεταγμένοι
923 1495 975 1554 ἀπό
998 1497 1045 1554 τοῦ
1067 1496 1174 1575 πρώτου
1196 1493 1242 1554 καὶ
1264 1496 1425 1570 τιμιωτάτου
1449 1497 1531 1572 μέχρι

231 1620 278 1676 τού
312 1615 454 1688 δοκοῦντος
488 1615 605 1693 ἐσχάτου
637 1613 684 1674 καί
718 1615 875 1676 τελευταίου
905 1617 1034 1692 μαθητῶν
1064 1613 1111 1675 καί
1143 1616 1269 1692 ὑπηκόων
1302 1614 1454 1676 εύπείθειαν
1488 1613 1533 1675 καὶ

232 1735 354 1810 ὑπακοὴν
377 1737 423 1798 σύν
447 1735 518 1797 αἰδοῖ
539 1737 634 1818 πολλῇ
657 1735 704 1796 καί
726 1737 953 1820 ταπεινοφροσύνῃ
980 1735 1018 1817 τῷ
1040 1743 1187 1818 προεστῶτι
1212 1737 1318 1798 έοονται
1341 1737 1532 1817 διασώζοντες,

233 1859 296 1917 κατ’
316 1851 394 1918 σὐδὲν
417 1865 466 1934 τῆς
487 1857 559 1918 κατὰ
582 1863 662 1934 σῶμα
684 1858 751 1937 πρδς
773 1857 898 1936 κεφαλὴν
922 1857 1050 1937 συμφυίας
1072 1856 1120 1918 καί
1142 1858 1321 1939 εύαρμοστίας
1342 1861 1360 1932 ἦ
1384 1857 1534 1934 ἀλληλου-

231 1979 297 2057 χίας
319 1979 541 2056 ἀπολειπόμενοι.

338 2100 381 2164 ιθ’.
407 2101 512 2162 Ούκσῡν
538 2100 574 2160 ἴθι
601 2122 657 2177 μοι,
685 2097 815 2180 ὦπάτερ
842 2099 888 2162 καὶ
915 2101 1018 2182 ἀδελφέ
1043 2102 1071 2162 ἐν
1094 2101 1187 2182 κυρίῳ,
1215 2104 1288 2174 ὅστις
1311 2104 1343 2161 ἀν
1368 2099 1427 2177 είης
1450 2103 1466 2160 ό
1489 2104 1535 2160 τόν

233 2224 312 2301 ζυγόν
334 2223 417 2298 τῆσδε
439 2228 487 2297 τῆς
511 2220 649 2292 διακονίας
676 2221 722 2282 καί
744 2222 891 2304 προεδρίας
913 2217 1047 2284 ύπεισιών.
1076 2221 1172 2298 ἐπειδή
1195 2243 1229 2302 γε
1251 2224 1319 2303 πρός
1342 2223 1374 2284 σὲ
1397 2223 1498 2282 λοιπόν
1522 2224 1537 2281 ό

232 2345 321 2423 λόγος
342 2345 386 2404 τδν
410 2343 634 2422 καθηγούμενον·
660 2342 763 2414 «ζῶσαι
785 2345 877 2424 ὥσπερ
901 2343 968 2424 ἀνὴρ
990 2345 1039 2419 τἠν
1062 2345 1140 2423 όοφύν
1163 2364 1229 2404 σου»
1255 2339 1326 2404 κατὰ
1348 2344 1378 2402 τ“ο
1401 2364 1537 2424 γεγραμ-

236 2467 333 2546 μένον,
361 2463 408 2524 καί
433 2463 533 2537 «δέξαι
561 2466 654 2545 ῥήσεις
682 2466 803 2544 χειλέων
831 2465 905 2542 ἐμῶν
932 2465 979 2525 καί
1006 2466 1080 2545 ῥῆσιν
1108 2466 1178 2543 ἐμῆς
1202 2465 1332 2546 ἐντολῆς,
1354 2468 1388 2541 ἣν
1411 2464 1437 2524 εἰ
1458 2467 1538 2546 παρὰ

235 2585 340 2664 σεαυτῷ
367 2589 512 2667 τηρήσεις»
538 2588 577 2659 ώς
606 2607 657 2648 που
685 2587 819 2663 Σολομὼν
842 2588 857 2645 ό
884 2587 965 2667 οσφδς
987 2589 1191 2668 παρηγγύησεν,
1218 2584 1416 2648 «ἐπακούσεται
1440 2588 1539 2666 σοφίας

234 2711 265 2768 τό
293 2705 339 2780 ούς
362 2729 419 2790 σου,
442 2706 489 2768 καὶ
511 2708 685 2788 παραβαλεῖς
707 2708 822 2788 καρδίαν
845 2707 885 2780 εἰς
908 2709 1021 2786 σύνεσιν,
1043 2707 1218 2790 παραβαλεῑς
1240 2709 1272 2768 δέ
1294 2706 1341 2768 καί
1363 2709 1444 2782 αύτδς
1466 2703 1539 2767 ταύ-

236 2851 286 2905 την
309 2828 350 2901 εἰς
377 2831 533 2904 νουθέτησιν
559 2828 598 2908 τῷ
630 2827 677 2907 υἱῷ
705 2849 788 2910 σου»,
819 2831 881 2889 «ότι
908 2830 1010 2906 λύχνος
1038 2829 1151 2909 ἐντολή,
1182 2831 1266 2904 νόμος
1292 2829 1323 2889 δέ
1349 2835 1442 2908 φῶς».
1479 2828 1540 2890 ἰδού

235 2951 290 3032 γὰρ
316 2948 484 3031 παραθίτημί
510 2972 551 3011 σοι
580 2951 693 3011 ἐνώπιον
720 2955 766 3012 τού
792 2953 855 3010 θεοῦ
877 2949 924 3010 καὶ
947 2956 999 3010 τῶν
1024 2950 1164 3010 ἐκλεκτῶν
1188 2949 1318 3030 ἀγγέλων
1343 2951 1422 3010 αύτού
1444 2957 1540 3010 πᾶσαν

235 3073 284 3147 τὴν
311 3073 340 3132 ἐν
362 3072 469 3152 Χριστῷ
497 3073 679 3152 ἀδελφότητα.
708 3074 758 3153 όρα
785 3069 842 3151 σύν,
869 3074 944 3144 όπως
971 3072 1052 3146 αύτην
1080 3069 1199 3154 εἰσδέξη,
1226 3078 1286 3143 πῶς
1313 3071 1344 3132 δὲ
1365 3072 1541 3152 προσλάβοις

235 3197 253 3270 ἡ
283 3194 430 3272 όδηγάσεις
463 3192 510 3254 καί
545 3194 727 3273 διατηρήσας,
762 3196 801 3264 ῶς
835 3193 909 3270 μέλη
943 3213 990 3253 σου
1020 3193 1136 3273 φίλτατα
1165 3191 1279 3253 θάλπων
1308 3191 1356 3254 καί
1385 3195 1540 3275 περιέπων,

236 3316 307 3376 κατὰ
334 3297 373 3375 ιδ’
386 3316 443 3376 ίσον
472 3322 522 3391 τῆς
553 3316 662 3394 ἀγάπης
693 3317 808 3395 μέτρον·
841 3315 974 3395 διέγειρόν
1005 3335 1051 3375 σου
1080 3316 1110 3375 τό
1136 3315 1273 3394 πρόθυμον
1299 3321 1348 3391 τῆς
1374 3318 1478 3396 ψυχῆς,
1510 3318 1541 3376 ἐν

237 3437 332 3518 ἀνδρίᾳ
358 3440 539 3517 προπόρευσαι
568 3438 663 3517 αύτῶν,
688 3437 717 3495 ἐν
740 3438 813 3517 πάσῃ
837 3436 1015 3518 ἀγαθοεργίφι,
1038 3436 1227 3516 ὑπεράσπισον,
1251 3435 1432 3517 διευθέτησσν,
1456 3435 1540 3498 εἰσά-

237 3579 310 3638 γαγε
326 3559 420 3630 αύτούς
444 3557 483 3630 εἰς
505 3560 550 3618 τόν
568 3551 622 3634 1τῆς
645 3559 744 3638 ἀρετῆς
766 3559 857 3638 τόπον,
881 3556 928 3618 καί
950 3559 998 3632 τὴν
1021 3563 1073 3636 γῆν
1095 3563 1144 3633 τῆς
1168 3555 1301 3630 ἀπαθείας
1320 3559 1410 3630 αὐτοῖς
1425 3557 1541 3640 κληρο-

239 3681 363 3760 δότησον,
394 3680 474 3750 τύπος
506 3680 628 3758 ἔμψυχος
657 3677 703 3739 καί
732 3678 823 3739 κανὼν
854 3677 969 3758 ἀρίστων
995 3675 1121 3760 πράξεων
1148 3680 1249 3750 τούτοις
1276 3680 1430 3758 γινόμενος,
1458 3681 1542 3740 ἀλλὰ

241 3803 298 3876 «μὴ
329 3807 378 3877 τῆς
407 3799 559 3875 θαυμασίας
583 3801 681 3879 ἀρετῆς
704 3801 790 3872 κακός
817 3803 959 3880 ζωγράφος
985 3803 1157 3880 φαινόμενος,
1188 3799 1234 3860 καὶ
1263 3801 1369 3860 πλέον»
1399 3797 1460 3885 (ἵνα
1492 3801 1542 3862 καὶ

238 3922 313 3996 αὖθις
335 3925 391 3995 τοίς
414 3929 463 3998 τῆς
485 3925 617 4002 θεηγόρσυ
640 3917 768 4001 γλώττης
789 3924 936 4002 χρήσωμαι
964 3919 1080 4006 ῥήμασι)
1108 3921 1200 3982 «κατὰ
1223 3921 1321 4002 ἀρετὴν
1343 3921 1397 3981 τών
1420 3923 1542 3983 ὑποκει-

238 4048 328 4122 μένων
349 4046 477 4125 προέχων
507 4047 525 4120 ῆ
548 4045 646 4104 όπόσον
673 4045 817 4124 ύπερέχεις
839 4042 877 4122 τῷ
899 4051 948 4119 τῆς
972 4043 1061 4121 ἀρχῆς
1084 4041 1257 4118 ἀξιώματι»,
1287 4041 1391 4122 οὔκουν,
1420 4039 1543 4124 ἀδελφέ,

237 4175 287 4242 τῆς
308 4168 376 4246 πρός
398 4167 461 4225 θεόν
484 4167 592 4245 ἀγάπης
613 4167 723 4225 πώποτέ
749 4187 773 4224 τι
795 4168 1002 4245 προτιμήσειας,
1026 4163 1085 4224 ούτε
1110 4165 1163 4240 μὴν
1187 4171 1235 4240 τῆς
1257 4169 1311 4224 τῶν
1333 4167 1543 4240 πιστευομένων

238 4311 279 4350 σοι
307 4292 401 4366 ψυχῶν
424 4287 557 4368 σωτηρίας
580 4287 814 4368 κερδαλεώτερον,
845 4286 908 4347 σύδέ
938 4286 1156 4367 προύργιαίτερον
1185 4287 1215 4346 τό
1244 4289 1373 4366 παράπαν
1403 4287 1543 4364 νομίσεις,

240 4408 269 4470 εύ
296 4409 375 4485 μάλα
402 4408 492 4490 εἰδώς,
519 4411 558 4470 ότι
584 4407 630 4469 καί
657 4409 872 4488 προκινδυνεύειν
899 4413 945 4468 τού
972 4407 1105 4488 ποιμνίου,
1133 4407 1181 4468 καί
1206 4407 1277 4484 «τὴν
1299 4408 1390 4486 ψυχὴν
1413 4410 1543 4489 εύαγγε-

239 4533 326 4604 λικῶς
341 4531 407 4612 ὑπὲρ
422 4537 471 4606 τῆς
486 4537 539 4590 τῶν
559 4532 777 4606 ποιμαινομένων
800 4527 935 4611 σωτηρίας
957 4530 1057 4588 τιθέναι
1081 4531 1095 4588 ό
1118 4551 1152 4609 γε
1175 4531 1263 4600 καλός
1286 4527 1387 4604 ποιμὴν
1411 4529 1458 4589 καί
1477 4532 1544 4610 ούχί

239 4654 382 4730 μισθωτός,
406 4653 469 4712 οῦδὲ
490 4653 518 4711 έν
540 4653 619 4730 πίθῳ,
642 4654 672 4710 τό
696 4647 839 4734 ᾀδόμενον,
862 4653 911 4726 τἠν
934 4651 1085 4731 κεραμείαν
1108 4651 1306 4730 ἀσκούμενος»,
1322 4653 1544 4730 κεχρεώστηκε·
