3186 5286
193 595 320 661 XXIX.
346 595 570 680 7140-1631,
593 595 623 662 5.
648 598 766 661 mensis
790 595 970 661 decembris
994 593 1070 683 [ind.
1091 591 1177 682 XV].

43 737 110 802 Papa
128 735 256 787 Urbanus
274 736 348 790 VIII.
367 736 567 804 archiepiscopo
591 737 712 788 Cretensi
737 735 907 788 commendat
929 737 1120 788 monasterium
1143 740 1171 786 et
1194 735 1282 800 iubet,
1303 741 1335 786 ut

267 823 339 874 hona
357 825 382 874 ei
401 829 477 890 rapta
496 825 672 874 restituantur
689 825 959 889 excommunicatque
977 829 1104 890 raptores.

140 967 277 1026 Urbanus
300 967 463 1044 episcopm,
488 985 591 1028 servus
613 987 766 1026 servornm
789 967 857 1038 Dei,
880 967 1043 1028 venerabili
1067 967 1163 1038 fratri,
1187 967 1334 1044 archiepi-

42 1090 121 1148 scopo
138 1071 283 1143 Cretensi,
307 1091 359 1130 seu
374 1072 483 1130 dilecto
498 1071 570 1143 filio,
595 1072 659 1130 eius
680 1071 793 1131 vicario
816 1071 846 1130 in
870 1071 1073 1148 spiritualibus
1096 1071 1237 1148 generali,
1260 1073 1334 1130 salu·

42 1183 97 1232 tem
120 1181 153 1234 et
174 1176 365 1252 apostolicam
388 1177 634 1236 benedictionem.
658 1177 705 1234 Ex
728 1177 882 1252 pastoralis
904 1175 997 1234 officii
1020 1177 1103 1234 nobis
1125 1177 1162 1234 ab
1181 1178 1240 1235 alto
1256 1196 1334 1236 com·

42 1280 118 1338 missi
143 1280 246 1338 debite
269 1281 515 1340 monasteriorum
538 1286 569 1338 et
591 1281 715 1338 aliorum
739 1280 945 1355 religiosorum
976 1281 1106 1339 locorum
1136 1283 1336 1358 quorumlibet

41 1376 89 1468 [et]
111 1403 313 1474 personarum,
337 1403 411 1462 quae
434 1384 465 1442 in
489 1383 717 1443 illisAltissimo
740 1387 793 1443 sub
817 1385 901 1444 suavi
923 1384 1077 1460 religionis
1099 1384 1168 1460 iugo
1190 1387 1335 1446 famulan-

41 1495 94 1560 tur,
112 1489 305 1548 indemnitati
321 1489 449 1548 libenter
463 1489 647 1547 intendimus
670 1505 828 1565 earumque
851 1509 1041 1566 personarum
1063 1497 1133 1552 vcta
1155 1492 1191 1550 ad
1215 1490 1247 1548 id
1269 1497 1335 1549 ten·

40 1593 140 1650 dentis
162 1594 315 1653 favoribus
338 1593 545 1670 prosequimur
566 1593 749 1670 opportunis.
784 1593 929 1652 Exhibita
955 1594 1102 1672 siqnidem
1126 1597 1218 1654 Nobis
1240 1615 1336 1672 nuper

41 1717 89 1771 pro
112 1704 198 1774 parte
221 1698 398 1756 dilectorum
421 1697 560 1768 filiorum,
583 1698 697 1756 abbatis
718 1703 749 1756 et
764 1703 926 1758 conventus
942 1700 1111 1758 monasterii
1134 1701 1234 1760 Sancti
1251 1701 1334 1759 loan-

41 1803 84 1858 nis
112 1803 322 1878 Evangelistae
353 1803 448 1860 insule
471 1804 597 1874 Patmos,
629 1802 742 1860 ordinis
769 1804 869 1861 Sancti
897 1803 1011 1875 Basilii,
1043 1805 1152 1862 nullius
1182 1805 1334 1878 dioecesis,

40 1907 208 1982 provinciae
223 1903 556 1983 Constantinopolitane,
581 1907 689 1983 petitio
705 1907 882 1979 continebat,
910 1909 986 1985 quod
1010 1907 1143 1966 nonnulli
1167 1910 1335 1988 iniquitatis

39 2011 92 2068 filii
122 2012 289 2069 animarum
320 2031 438 2069 suarum
468 2013 571 2069 salutis
598 2011 785 2070 immemores
808 2013 923 2090 Deique
946 2014 1053 2072 timore
1076 2016 1237 2092 postposito
1259 2017 1336 2076 bona

38 2117 72 2172 ad
96 2117 213 2174 dietum
236 2116 448 2174 monasterium
470 2115 612 2193 illiusque
635 2117 853 2188 monachorum,
878 2117 929 2194 qui
953 2119 1006 2175 sub
1026 2119 1156 2194 regulari
1176 2121 1334 2180 observan-

39 2221 80 2276 tia
103 2220 178 2278 dicti
202 2219 317 2277 ordinis
339 2220 370 2276 in
394 2220 474 2277 dicto
498 2220 677 2278 monasterio
697 2219 792 2278 vitam
812 2222 933 2292 ducunt,
957 2241 1026 2280 usus
1042 2223 1223 2300 pertinentia
1238 2225 1336 2302 sepius

39 2325 149 2384 furtive
173 2328 204 2381 et
226 2324 375 2384 violenter
399 2325 581 2410 subtrahere¹
595 2329 626 2381 et
649 2343 791 2402 occupare
822 2325 968 2402 ipsosque,
996 2327 1131 2386 abbatem
1154 2335 1185 2386 et
1207 2349 1333 2390 conven-

38 2436 109 2498 tum,
133 2429 165 2486 in
190 2447 280 2503 grave
303 2447 405 2486 eorum
428 2433 459 2485 et
481 2427 554 2486 dicti
578 2429 749 2487 monasterii
772 2429 970 2506 preiudicium
998 2431 1058 2489 illis
1085 2423 1211 2509 spoliare
1234 2453 1334 2512 presu-

40 2539 130 2604 munt,
155 2553 249 2610 quare
272 2551 325 2609 pro
348 2537 432 2609 parte
455 2533 570 2590 abbatis
592 2538 624 2590 et
646 2541 809 2614 conventus
832 2535 1003 2594 huiusmodi
1027 2537 1120 2596 Nobis
1149 2539 1210 2596 fnit
1238 2539 1336 2597 humi·

40 2637 107 2694 liter
122 2637 331 2714 supplicatum,
349 2642 493 2715 quatenus
509 2656 612 2695 eorum
627 2655 661 2696 sc
676 2639 785 2714 prefati
803 2639 976 2698 monasterii
992 2641 1182 2700 indemnitati
1198 2643 1336 2722 illiusque

40 2743 183 2800 honorum
214 2740 432 2801 conservationi
461 2742 492 2798 in
520 2741 671 2818 premissis
702 2747 866 2819 opportune
896 2743 1054 2820 providere
1084 2746 1121 2803 de
1151 2747 1336 2823 benignitate

40 2845 200 2921 apostolica
216 2843 416 2920 dignaremur.
440 2845 501 2902 Nos
524 2845 617 2920 igitur
639 2845 787 2923 prefatum
809 2849 945 2906 abbatem
968 2855 999 2906 et
1021 2849 1183 2925 singulares
1198 2871 1336 2930 personas

39 2955 202 3009 conventus
224 2949 396 3006 huiusmodi
419 2969 437 3006 a
460 2949 614 3026 quibusvis
638 2951 960 3023 excommunicationis,
984 2953 1183 3029 suspensionis
1199 2961 1229 3013 et
1244 2956 1336 3014 inter·

39 3055 110 3112 dicti
134 3053 263 3131 aliisque
286 3053 493 3112 ecclesiasticis
516 3056 683 3128 sententiis,
708 3055 839 3115 censuris
862 3061 893 3114 et
914 3043 1000 3132 penis
1023 3077 1040 3114 a
1066 3059 1131 3116 iure
1154 3061 1202 3118 vel
1224 3061 1260 3118 ah
1283 3061 1337 3118 ho·
1442 3078 1444 3082 ·

39 3160 118 3216 mine
149 3158 254 3234 quavis
281 3159 432 3217 occasione
463 3161 511 3219 vel
541 3179 628 3218 causa
654 3161 732 3232 latis,
764 3160 788 3218 si
820 3161 926 3239 qulbus
954 3164 1175 3240 quomodolibet
1201 3165 1335 3223 innodati

38 3263 184 3333 existunt,
215 3263 252 3319 ad
287 3262 427 3320 effectum
456 3265 639 3340 presentium
670 3265 826 3325 dumtaxat
856 3269 1092 3346 consequendum
1123 3271 1229 3328 harum
1258 3269 1336 3329 serie

38 3369 225 3427 absolventes
249 3371 280 3423 et
302 3369 450 3425 absolutos
473 3369 536 3426 iore
564 3375 727 3442 censentes,
758 3372 928 3430 huiusmodi
959 3373 1223 3450 supplicationibus
1252 3375 1336 3434 incli-

38 3473 99 3529 nati
124 3469 307 3529 fraternitati
330 3477 391 3542 tue,
419 3471 512 3530 frater
534 3474 765 3552 archiepiscope,
798 3495 873 3548 oum,
902 3477 979 3535 sient
1000 3479 1089 3536 abbas
1120 3483 1151 3537 et
1173 3485 1335 3540 conventus

38 3575 148 3652 prefati
184 3579 335 3646 asserunt,
371 3576 538 3634 ordinarius
573 3577 702 3638 vicinior
732 3579 859 3652 existes,
896 3600 948 3638 sen
982 3582 1154 3642 discretioni
1189 3589 1257 3657 tue,
1292 3585 1335 3643 lili
1381 3593 1389 3610 ·

39 3680 163 3750 vicarie,
195 3699 248 3756 per
277 3681 435 3756 apostolice
464 3681 574 3758 scripta
604 3684 785 3754 mandamus,
817 3691 960 3760 quatenus
990 3687 1124 3746 omnibus
1155 3695 1186 3748 et
1213 3689 1336 3765 singulis

39 3783 153 3842 Christi
176 3782 314 3843 fidelibus
337 3789 398 3842 tam
421 3786 591 3844 earumdem
614 3787 744 3862 partium
767 3789 880 3860 ineolis,
904 3807 992 3868 quam
1013 3791 1078 3850 aliis
1094 3793 1335 3873 quibuscumque,

38 3891 253 3966 cuiuscumque
269 3888 435 3963 dignitatis,
459 3893 562 3962 status,
587 3893 704 3971 gradus,
729 3893 841 3951 ordinis
863 3895 912 3954 vel
934 3896 1113 3955 conditionis
1135 3899 1275 3971 existant,
1299 3921 1337 3959 ne

38 3995 72 4051 de
100 3997 201 4051 cetero
224 3993 278 4050 sub
301 3994 616 4054 excommunicationis
647 4015 723 4074 pena
752 4019 799 4056 res
822 4002 853 4056 et
876 4001 952 4058 bona
981 4000 1189 4079 cuiuscumque
1219 4005 1336 4080 generis

38 4105 68 4154 et
92 4097 251 4174 qualitatis
274 4097 435 4156 existentia
457 4100 493 4156 ad
518 4101 631 4158 dictum
653 4103 862 4161 monasterium
886 4103 1027 4183 illiusque
1046 4107 1253 4166 monachorum
1268 4129 1336 4168 usus

38 4201 207 4280 spectantia
237 4206 267 4258 et
297 4201 480 4278 pertinentia
509 4206 614 4282 quovis
644 4207 761 4282 quesite
795 4209 891 4265 colore
920 4211 968 4270 vel
998 4209 1117 4285 ingenio
1148 4231 1200 4291 per
1230 4234 1260 4271 se
1287 4217 1337 4274 vel

37 4309 134 4366 alium
157 4325 210 4364 seu
232 4305 306 4364 alios
328 4307 420 4365 furari
444 4313 496 4368 aut
519 4309 628 4367 iniuste
650 4329 755 4386 rapere
774 4313 823 4372 vel
843 4331 985 4388 occupare
1004 4334 1056 4373 seu
1071 4315 1114 4374 eis
1129 4317 1234 4394 quovis
1250 4321 1336 4377 modo

38 4412 167 4494 spoliare
190 4417 242 4468 aut
263 4411 373 4468 similia
395 4413 633 4489 perpetrantibus
659 4416 823 4488 eonsilium,
855 4416 1002 4475 auxilium
1030 4421 1080 4479 vel
1109 4423 1241 4482 favorem
1271 4444 1336 4501 pre-

38 4525 120 4575 stare
144 4517 273 4573 audeant
295 4535 346 4573 seu
369 4524 550 4591 presumant,
581 4520 758 4580 auotorItate
787 4520 969 4598 presentium
998 4523 1133 4584 inhibeas
1161 4532 1193 4584 et
1220 4529 1273 4586 illa
1298 4529 1334 4586 ad

38 4639 182 4698 praesens
205 4619 425 4696 occupantibus,
458 4623 617 4682 dummodo
643 4629 728 4684 tenor
750 4627 931 4702 presentium
955 4629 1080 4688 servatis
1102 4633 1254 4689 servandis
1277 4633 1337 4690 illis

38 4728 124 4801 prius
148 4724 320 4782 notificetur
342 4733 373 4784 et
397 4726 561 4798 intimetur,
593 4735 627 4787 ut
656 4729 708 4788 illa
737 4731 850 4790 eisdem
879 4733 978 4792 abbati
1009 4741 1039 4792 et
1069 4737 1228 4796 conventui
1250 4739 1335 4796 resti-
