3184 5288
292 319 354 383 144

398 517 419 597 †
444 517 478 577 ‘0
502 516 678 591 βασιλικὸς
700 522 854 598 νοτοὶριος
875 525 930 580 τοῡ
953 523 1112 603 σεκρέτου
1135 531 1192 598 τῆς
1215 526 1388 601 θαλάσσης
1407 525 1567 608 Θεόδωρος

283 641 298 700 θ
322 633 530 718 Μαθαρίτης.
554 640 576 716 †

387 763 408 840 †
432 761 467 819 ‘0
491 758 775 836 Μεσοποταμίτης
799 762 949 839 Μιχαὴλ.
974 765 996 843 †

391 884 413 962 †
438 883 471 941 '0
496 881 618 954 δοῦλος
639 885 694 941 τοῦ
716 887 876 961 κραταιοῦ
897 882 952 944 καὶ
975 885 1069 964 ἀγίου
1091 887 1184 962 ἡμῶν
1207 887 1376 963 βασιλέως
1395 887 1454 948 ’καὶ
1475 912 1565 969 παρα-

282 1003 490 1080 θαλασσίτης
512 1004 764 1076 Κυνσταντῖνος
787 1005 950 1080 οεβαστος
973 1007 987 1066 ὁ
1010 1008 1162 1085 Σχοινᾶς.
1186 1011 1206 1086 †

387 1127 408 1206 †
432 1125 467 1184 Ὀ
493 1126 668 1205 [Ιατζαράς
690 1125 866 1206 Γειθργιος.
891 1127 912 1204 †

383 1248 463 1324 †‘0
488 1244 664 1326 Εἰρηνικθς
688 1245 928 1328 θεοχάριστος.
952 1250 974 1328 †

385 1369 406 1449 †
429 1365 597 1449 Γεώργιος
619 1369 634 1427 θ
657 1368 872 1447 Μονομάχος.
897 1371 918 1451 †

383 1481 430 1550 Εά
458 1497 602 1566 archetypo
632 1497 702 1552 edict.
735 1497 759 1551 Ι.
791 1495 935 1552 Sakketion
964 1499 993 1552 in
1019 1500 1157 1568 periodioo
1188 1495 1340 1576 Πανδώρα,
1370 1505 1422 1558 vol.
1456 1505 1563 1576 xum,

273 1621 306 1674 p.
328 1605 508 1658 230—231.

671 1923 777 1990 XLII.
802 1924 878 1989 Sino
901 1947 986 1990 anno
1009 1935 1041 1991 et
1063 1949 1182 1992 mense.

276 2077 367 2130 Αθθαιι
385 2074 561 2144 profecturum
586 2073 841 2142 Constantinopolim
869 2075 1130 2128 administrationem
1156 2077 1314 2130 monasterii
1336 2078 1421 2130 tradit
1445 2078 1561 2130 monada

350 2179 440 2232 Sabae
462 2178 669 2247 exhortaturque
691 2177 841 2244 ruminator,
868 2185 896 2229 ut
918 2179 1012 2231 oioant
1034 2181 1178 2232 errandum
1200 2181 1309 2250 κεραῖαι
1331 2183 1493 2236 monasterii.

691 2403 773 2458 Initio
788 2403 883 2458 darum
904 2403 991 2458 tineae
1006 2405 1153 2460 duodecim.

272 2589 320 2650 καὶ
346 2593 441 2669 ραγεῑν
468 2590 516 2666 τὴν
543 2587 640 2667 χρείαν
668 2589 774 2648 ἅπασαν
801 2588 880 2665 ἡμῶν
909 2589 978 2663 μετὰ
1004 2589 1087 2666 φόβου
1115 2587 1161 2650 καὶ
1186 2589 1302 2660 πίστεως
1330 2592 1402 2654 θεοῦ.
1432 2591 1491 2652 θέον
1520 2587 1560 2651 οὖν

273 2714 439 2792 ἀμφοτέρους
455 2713 526 2786 ὑμᾶς
548 2711 727 2788 ἀγωνίζεσθαι
751 2710 780 2769 ἐν
803 2755 1006 2773 .......
1031 2712 1188 2788 συμβουλῆς
1210 2711 1257 2772 καὶ
1280 2711 1362 2792 ρέβου
1385 2712 1432 2772 καὶ
1454 2713 1561 2784 πίστεως

272 2835 344 2914 θεοῦ,
361 2835 400 2905 ὡς
415 2832 487 2910 αθτῖρ
503 2833 657 2907 μέλλοντες
671 2832 757 2910 λόγον
773 2830 920 2892 ἀποδοῦναι
938 2833 1005 2913 ὑπὲρ
1024 2837 1077 2892 τῶν
1101 2833 1329 2909 έμπιστευθέντων
1352 2834 1413 2908 ὑμῖν
1436 2833 1560 2893 δουλειῶν

270 2955 317 3016 καὶ
346 3004 353 3017 .
378 3002 384 3015 .
475 3001 482 3015 .
509 3003 515 3016 .
539 2953 586 3014 καὶ
613 2952 663 3014 υἱοὶ
690 2952 736 3013 καὶ
763 2951 856 3012 λοιποὶ
882 2953 1006 3034 ἀδελφοί,
1034 2955 1152 3032 μοναχοί
1173 2975 1204 3014 τε
1230 2955 1277 3014 καὶ
1304 2958 1354 3036 μή,
1381 2957 1439 3016 νέοι
1464 2977 1492 3015 τε
1519 2955 1559 3015 καὶ

197 3119 207 3136 .
270 3077 485 3160 προβεβηκότες,
508 3081 596 3136 πᾶσαν
620 3077 757 3154 ὑποταγὴν
779 3073 827 3134 καὶ
849 3075 934 3152 σέβας
957 3075 1031 3154 ἔχειν
1056 3123 1353 3140 ..........
1360 3127 1369 3160 ,
1392 3084 1480 3138 πᾶσαν
1504 3081 1558 3138 ἐπι-

270 3201 387 3276 μέλειαν
401 3198 448 3260 καὶ
463 3203 552 3258 πᾶσαν
569 3195 715 3257 ἐπιείκειαν
733 3197 761 3256 ἔν
776 3217 806 3256 τε
822 3201 896 3279 ψυχῇ
912 3195 959 3256 καὶ
974 3199 1078 3273 σώματι
1095 3195 1289 3277 ἐπιδείξασθαι,
1312 3199 1356 3258 ἵνα
1375 3198 1423 3258 καὶ
1443 3201 1497 3276 θεῷ
1519 3197 1557 3258 καὶ

268 3323 333 3398 ἡμῖν
357 3320 532 3381 εθαπθδεκτοι
552 3325 653 3399 ρανῆτε
675 3316 721 3378 καὶ
741 3323 794 3378 τῶν
809 3318 870 3377 κατ’
886 3318 997 3398 οθρανθν
1014 3317 1125 3398 ἀγαθῶν
1142 3319 1330 3380 ἑπαπολαῦοαι
1354 3367 1361 3381 .
1379 3365 1387 3380 .
1405 3369 1411 3380 .
1431 3323 1556 3396 ,ήσησθε

270 3444 332 3504 δέον
363 3443 433 3522 ὑμῖν,
465 3439 579 3520 ἀδελφοὶ
609 3439 655 3500 καὶ
680 3441 763 3499 τέκνα
793 3436 839 3500 καὶ
865 3441 992 3519 πατέρες,
1021 3440 1050 3500 ἐν
1076 3435 1095 3522 ᾖ
1121 3438 1198 3513 τάξει
1224 3439 1271 3500 καὶ
1301 3440 1424 3523 διακονίᾳ
1451 3443 1556 3512 ἕκαστος

269 3565 386 3644 ἐκλήθη,
411 3563 440 3623 ἐν
467 3563 550 3646 ταύτῃ
575 3560 622 3623 καὶ
653 3565 743 3639 μένειν
759 3561 820 3623 ’καὶ
849 3567 1058 3644 προσκαρτερεῖν
1085 3565 1168 3643 μέχρι
1195 3569 1244 3640 τῆς
1273 3564 1352 3639 ἡμῶν
1383 3562 1555 3636 ἐξελεύσευς.

272 3687 311 3762 μὴ
340 3686 409 3746 ἔστω
436 3681 480 3744 οὖν
504 3685 533 3744 ἐν
560 3685 621 3760 ὑμῖν
647 3685 734 3766 κρίσις
759 3683 806 3745 καὶ
835 3685 900 3765 ἔρις,
929 3686 1025 3764 ρθάνος
1050 3683 1097 3745 καὶ
1123 3685 1294 3766 καταλαλιά,
1326 3685 1455 3760 διαβολαὶ
1479 3683 1575 3745 uarat

266 3807 314 3870 καὶ
339 3805 493 3888 ψιθυρισμοὶ
518 3805 565 3867 καὶ
587 3807 668 3885 λόγοι
697 3806 734 3882 μὴ
761 3809 959 3887 προσήκοντες·
983 3805 1104 3886 ὁρείλεις
1130 3806 1162 3868 δὲ
1189 3808 1229 3886 σθ,
1258 3807 1365 3886 μοναχὲ
1390 3808 1451 3888 κὺρι
1473 3808 1574 3882 Σισὶβιι,ζ

268 3929 339 4007 μετὰ
367 3933 414 3990 τοῦ
444 3933 566 4006 μοναχοῦ
598 3933 678 4008 κυροῦ
707 3927 846 3988 Μεθοθίου
877 3928 905 3987 ἐν
935 3927 974 4007 τῷ
1005 3928 1065 4008 ἐμῷ
1096 3927 1205 4009 κελλίῳ
1235 3931 1326 4005 μένειν
1345 3949 1375 3988 τε
1405 3927 1453 3988 καὶ
1482 3923 1553 3987 εἶναι.

266 4051 299 4112 σὺ
328 4051 371 4132 δέ,
404 4047 568 4131 κελλαρίτη,
603 4049 632 4109 ἐν
665 4051 722 4122 τοῖς
754 4049 878 4125 ταμείοις
910 4043 957 4109 καὶ
982 4049 1144 4132 κελλαρίοις
1166 4072 1223 4130 σου,
1250 4053 1317 4111 ὅπου
1345 4051 1423 4121 αθτάς
1451 4050 1572 4136 βούλοιο1

265 4160 312 4233 καὶ
345 4172 457 4254 ἀρέσκῃ,
486 4171 535 4249 τὴν
564 4172 722 4247 κατοιμονὴν
749 4175 835 4232 ποιοῦ.
867 4173 912 4232 τάν
943 4171 974 4233 δέ
1000 4193 1035 4252 γε
1065 4173 1186 4250 μοναχθν
1215 4176 1289 4252 κῦριν
1319 4171 1454 4252 Νεάρυτον
1484 4173 1553 4232 θέλυ

264 4292 311 4354 καὶ
335 4293 480 4374 βούλομαι,
502 4293 547 4353 ἵνα
569 4293 621 4354 ἀπὸ
635 4313 669 4373 γε
691 4299 741 4370 τῆς
763 4295 884 4374 σήμερον
908 4293 936 4352 έν
960 4295 1108 4354 ἀναπαθσει
1129 4296 1203 4376 πάσῃ
1225 4291 1272 4354 καὶ
1293 4298 1358 4375 τιμῇ
1382 4288 1461 4356 εἶναι.
1485 4263 1571 4372 tori-i

264 4416 331 4477 λετε
360 4414 406 4477 οὖν
434 4416 508 4494 ἔχειν
533 4417 600 4496 πρὸς
628 4415 707 4476 αὐτὸν
735 4421 824 4475 πᾶσαν
851 4417 931 4491 τιμὴν
957 4415 1004 4476 καὶ
1033 4416 1142 4495 ἀγάπιμ
1169 4412 1217 4475 καὶ
1244 4415 1390 4474 ἀναπαύειν
1422 4417 1502 4474 αῐιτθν
1531 4415 1552 4472 ἐν

262 4543 352 4618 πᾶσιν,
376 4539 415 4610 ὡς
436 4537 532 4597 πολλὰ
553 4539 738 4598 κεκοπιακθτα
761 4535 808 4596 καὶ
831 4535 1031 4597 ἀεθουλευκθτα
1053 4543 1087 4620 τῇ
1108 4557 1139 4596 τε
1166 4541 1236 4618 μονῇ
1260 4537 1307 4596 καὶ
1330 4535 1369 4615 τῷ
1393 4538 1552 4614 ἀγιοκοιμη·

264 4661 340 4739 μένῳ
361 4657 442 4737 πατρὶ
463 4660 552 4734 ἡμῶν.
574 4661 643 4739 πρὸς
665 4657 696 4718 δὲ
718 4657 775 4738 καί,
799 4659 865 4718 ἔνθα
887 4658 949 4719 θέον
972 4657 1018 4719 καὶ
1039 4659 1168 4738 ἁρμόζον,
1190 4658 1234 4718 ἵνα
1248 4657 1474 4734 συμβουλεθησθε
1489 4657 1552 4736 αὐτῷ
