3162 5278
1257 351 1321 416 325

36 539 103 616 †‘0
116 540 217 598 Γάνου
232 537 648 622 καὶίίιίιραςΓρηγόριος.γι
700 544 721 623 †
745 543 780 602 ‘0
803 545 933 624 Βάρνης
955 523 1175 618 Καλλίνικος.
1199 547 1221 624 †

36 663 104 740 †‘0
126 661 360 737 Νικομηδείας
385 657 575 742 Παίονοςγ
700 665 780 744 ήὉ
811 665 1041 746 Προικονήοου
1071 668 1266 747 Γεράσιμος.
1300 669 1321 747 †

36 785 103 857 †'0
126 783 280 864 Προῦσης
304 782 484 864 Κῦριλλος.
508 785 530 862 †

126 911 272 982 Arcltetyp.
289 911 374 966 οίιανί.
392 913 468 968 Flor.
483 914 524 967 11.
541 931 591 968 oro
605 917 653 970 63.
679 917 800 971 Alterum
816 917 954 987 ααοιαρίαν
968 935 1018 971 nro
1036 920 1084 988 64,
1102 921 1130 972 ιἰε
1146 937 1196 989 quo
1212 917 1322 972 παπιέιια

36 1017 257 1086 metropolitarum
286 1016 351 1070 ίιαεα
381 1023 459 1072 runt:
488 1013 509 1088 †
541 1012 575 1070 ‘0
599 1013 785 1089 Νικομηδείας
809 1009 931 1086 ΙΙοιίσιος.
961 1015 995 1073 Ὁ
1019 1015 1137 1087 Νικαίας
1159 1017 1179 1075 Γ
1181 1017 1319 1096 εροίσιμος.

36 1116 63 1172 '0
89 1114 274 1190 Χαλκηδόνος
303 1115 461 1194 Παρθένιος.
488 1109 524 1174 ‘0
554 1117 677 1196 ίίροῦσης
705 1119 854 1198 Κύριλλος.
886 1120 921 1178 ‘0
949 1119 1081 1200 Βερροίας
1108 1122 1254 1201 Μακάρος.
1285 1120 1321 1180 ’0

36 1219 186 1294 Μιτυλήνης
208 1217 376 1294 Νικόδημος.
406 1219 440 1308 ‘O
466 1219 603 1300 Ἀγγόρας
625 1220 772 1300 Νεόηυτος.
802 1224 837 1282 ‘0
860 1222 1082 1300 Λακεδαιμονίας
1106 1225 1254 1304 Ἀρσένιος.
1288 1231 1321 1284 Io

34 1329 174 1398 exemplari
195 1331 307 1400 antiquo
337 1331 508 1384 desideratur
534 1349 627 1386 nomen
657 1335 841 1403 metropolitae
864 1336 986 1402 Pramo
1016 1336 1184 1405 metropolita
1207 1329 1319 1410 Δόρκων

34 1441 136 1488 roratur
160 1426 321 1502 Νικόδημος
344 1439 369 1488 et
392 1428 576 1508 Προικονησου
600 1429 732 1510 Γαβριήλ.

247 1789 396 1855 CXLIV.
422 1788 646 1874 7230-1722,
670 1813 780 1856 menso
803 1793 906 1880 aprili,
929 1793 993 1858 ind.
1019 1794 1094 1858 XV.

89 1941 160 1994 Acta
183 1941 216 1992 de
239 1940 356 1993 dominio
378 1940 505 1994 oanom’oo
528 1941 652 1994 eeclesiae
676 1939 706 1994 S.
728 1940 840 2012 Goorpir'
861 1943 950 1996 diotae
973 1942 1075 1996 Pollae
1098 1943 1127 1996 ιἰι
1151 1945 1255 1998 Ραίαυο.

171 2121 261 2184 Ἴσον
285 2123 550 2204 ἀπαράλλακτον
574 2123 611 2184 ἐκ
633 2129 687 2184 τοῦ
708 2127 919 2204 πρωτοτίιπου
943 2127 1165 2206 εῦγαλμένσν.

125 2313 354 2397 γἹερεμίας,
390 2315 477 2394 ἐλέῳ
510 2316 585 2375 θεοῦ
619 2316 884 2394 ἀρχιεπίσκσπος
918 2319 1321 2406 Κωνσταντινουπόλεως,

31 2435 111 2509 Νέας
136 2433 280 2514 Ῥώμης,
304 2433 360 2496 καὶ
383 2435 619 2512 οἰκουμενικδς
640 2439 861 2518 πατριάρχης.
885 2440 906 2518 †

126 2611 148 2688 †
172 2611 324 2670 Ὀσιίντατε
347 2611 537 2690 καθηγοῦμενε
560 2615 609 2686 τῆς
632 2609 708 2690 ἱεράς
731 2609 877 2688 βασιλικῆς
902 2610 950 2672 καὶ
972 2621 1210 2694 σταυροπηγιακῆς
1236 2621 1322 2690 μονῆς

28 2737 69 2791 τοῦ
91 2732 171 2811 άγίσυ
195 2725 324 2793 Ἰωάννου
345 2735 392 2792 τοῦ
414 2731 559 2811 Θεολόγου
580 2739 630 2808 τῆς
655 2733 682 2791 ἐν
705 2740 738 2815 τῇ
761 2735 837 2813 νήσῳ
861 2733 972 2808 Πάτμου
999 2733 1046 2794 καὶ
1068 2734 1160 2795 λοιποὶΙ
1183 2737 1323 2796 όοιιίντατοι

28 2857 222 2932 προηγούμενοι
248 2853 296 2915 καὶ
322 2855 440 2935 πατέρες
467 2853 515 2914 καί
536 2858 666 2933 χρήσιμοι
690 2856 821 2934 ἄρχοντες
843 2853 889 2916 καὶ
911 2857 1040 2935 γέροντες
1061 2863 1110 2932 τῆς
1134 2859 1216 2932 αὐτης
1238 2858 1321 2918 πολι-

28 2977 108 3054 τείας,
136 2979 220 3056 χάρις
248 2977 291 3052 εἴη
318 2978 379 3053 ῦμῖν
402 2975 449 3036 καὶ
473 2974 565 3056 εἰρήνη
588 2977 663 3057 παρά
685 2977 763 3048 θεοῦ,
788 2973 883 3048 ἐπειδὴ
906 2975 953 3035 καί
976 2979 991 3036 ό
1015 2975 1054 3048 εἰς
1076 2978 1110 3036 τά
1134 2979 1224 3038 αῦτόθι
1247 2979 1321 3058 εῦρι-

28 3101 155 3174 πιόμενος
183 3098 257 3179 ίερδς
283 3096 330 3158 καὶ
358 3099 508 3174 σεβάσμιος
529 3100 595 3170 ναός
617 3103 663 3158 τοῦ
687 3097 932 3178 μεγαλομάρτνρος
955 3097 1091 3177 Γεωργίσυ
1113 3103 1159 3160 τοῦ
1181 3099 1321 3178 Τροπαιο-

27 3221 107 3302 πόρου,
142 3222 365 3298 ἐπικεκλημένος
396 3221 428 3280 δέ
457 3227 507 3297 τῆς
536 3221 627 3292 Πόθας
658 3219 705 3280 καὶ
731 3219 847 3295 πλησίον
877 3224 923 3280 τοῦ
951 3219 1030 3280 παπαῖ
1057 3219 1164 3294 Noto
1195 3221 1322 3295 κείμενος

28 3342 136 3403 διετέλει
167 3341 219 3418 μὲν
245 3341 293 3402 καὶ
319 3343 449 3423 πρότερον
478 3341 521 3402 ἐπὶ
548 3343 597 3417 τὴν
625 3342 784 3402 δεσποτείαν
811 3339 858 3402 καὶ
886 3341 1025 3418 ἐπίσκεψιν
1052 3345 1098 3401 τοῦ
1120 3343 1321 3402 Διακοϊωοίννσυ

29 3465 169 3539 Κολλονᾱ,
202 3465 241 3536 ὡς
271 3465 430 3545 κτητορικδν
459 3470 553 3539 κτημα
582 3463 628 3524 καὶ
660 3465 732 3524 κατὰ
758 3465 862 3544 κλήρον
891 3463 1026 3540 διαδοχῆς
1054 3463 1128 3542 παρὰ
1157 3469 1211 3522 τῶν
1242 3464 1321 3524 αἰετοῦ

29 3589 161 3666 προγόνων
190 3583 231 3658 εἰς
259 3587 336 3646 οσότδν
364 3582 516 3661 κατελθών,
543 3586 598 3662 ήδη
627 3586 658 3645 δὲ
686 3587 715 3645 ἐν
742 3588 798 3657 τοῖς
825 3591 870 3646 νῦν
896 3587 1006 3666 χρόνοις
1032 3583 1228 3660 ἠβουλήθησαν
1250 3607 1322 3658 τινες

29 3704 220 3783 ἶδιοποιηθῆναι
251 3709 330 3766 αάτδν
357 3707 503 3784 ἀμετόχως
534 3705 582 3765 καὶ
609 3707 831 3786 ἀπαλλοτριῶσαι
862 3706 975 3786 ἐκείνου,
1009 3706 1098 3778 ἀλλος
1128 3701 1221 3783 ἀλλην
1250 3729 1320 3788 προ-

30 3830 136 3902 βάλλων
165 3829 212 3890 καὶ
239 3831 470 3909 προφασιζόμενος
496 3832 634 3911 πρόφασιν,
663 3825 700 3890 ὧν
723 3851 757 3909 γε
780 3831 905 3890 ἁπάντων
929 3827 968 3901 είς
991 3829 1145 3908 ἀνατροπὴν
1172 3827 1218 3888 καὶ
1242 3830 1320 3889 ἀναί-

29 3971 91 4027 ρεσιν
120 3951 170 4011 καί
203 3950 324 4010 διάλυσιν
355 3950 401 4010 καί
432 3954 600 4030 παράστασιν
630 3957 676 4011 τοῦ
706 3951 821 4027 νομίμου
854 3949 901 4011 καὶ
930 3951 1040 4030 γνησίου
1070 3951 1245 4029 κληρονόμου
1274 3949 1321 4010 καί

29 4070 117 4133 οἰκείου
146 4072 289 4150 δεσπότου,
321 4072 431 4150 ἐρεύνης
459 4072 587 4152 ἀκριβοῦς
617 4071 664 4132 καὶ
692 4069 845 4145 ἐξετάσεως
872 4073 1024 4151 γενομένης
1053 4071 1142 4132 ἐλθὼν
1170 4070 1210 4144 είς
1237 4074 1320 4146 μέσον

28 4201 71 4268 τῆς
99 4195 197 4254 αῦτόσε
227 4193 411 4266 ουνελεῦσεως
442 4193 494 4253 τῶν
525 4214 556 4253 τε
587 4194 721 4274 γερόντων
754 4193 802 4253 καὶ
833 4198 1011 4273 προεστῦντων
1044 4199 1093 4269 τῆς
1123 4195 1205 4270 ortorp
1238 4196 1320 4269 νήσου

32 4313 134 4391 ίίάτμου
162 4319 178 4375 ό
205 4317 352 4388 ὁσιώτατος
377 4316 584 4394 προηγούμενος
613 4321 662 4390 τῆς
690 4315 771 4390 αὐτῆς
798 4313 873 4394 ἱερᾶς
900 4318 987 4388 μονῆς
1012 4319 1059 4374 τοῦ
1090 4313 1178 4396 άγίοιι,
1210 4312 1320 4387 ἐνδόξου

31 4437 176 4498 ἀποστόλου
210 4435 258 4497 καὶ
291 4437 487 4516 εθαγγελιστοῦ
519 4437 648 4496 Ἰωάννου
681 4441 727 4496 τοῦ
761 4434 919 4514 θεολόγον,
953 4441 1031 4494 παπᾶ
1065 4436 1213 4514 Ἰάκωβος,
1251 4437 1319 4516 ἀνὴρ

31 4559 135 4635 δόκιμος
157 4557 206 4620 καὶ
229 4558 352 4634 εῦλαθὴς
373 4557 408 4617 τά
430 4559 490 4620 θεῖα
514 4555 545 4632 ἐξ
567 4558 684 4618 ἀπολῶν
704 4577 734 4617 τε
757 4557 862 4634 όνῦχων
884 4556 932 4630 τἠν
956 4556 1105 4632 μοναδικὴν
1122 4556 1319 4636 ἐγγυμνασθεὶς

30 4683 163 4740 πολιτείαν
192 4678 240 4740 καὶ
266 4682 296 4740 τό
327 4681 478 4760 ἀγγελικδν
504 4677 666 4760 ήμριασθείς
694 4684 800 4758 σχῆμα,
831 4676 871 4749 είς
902 4677 1081 4759 πρεσβυτικήν
1108 4699 1138 4740 τε
1168 4678 1319 4755 ἐληλακὼς
