3228 5294
1309 365 1348 430 21

71 556 284 634 θτοοτρερόντων,
316 551 434 630 μιτότων
461 555 601 616 ἀθανάτων
623 559 641 632 ἢ
663 563 853 636 τοποτηρητῶν
875 558 974 617 τσότιυν
996 555 1043 617 κοί
1070 557 1182 652 ἐθνικῶν
1209 562 1227 634 ἢ
1254 559 1351 620 ἄλλων

71 683 145 756 τινῶν,
166 679 417 758 πρωτοκεντόρχων
438 681 457 754 ἡ
479 677 740 758 προοελευσιμαίων,
768 679 944 760 μανδστόρων
966 679 1094 762 πρέσβεις
1117 680 1237 760 όγόντων
1258 683 1277 755 η
1300 677 1350 754 έξ-

71 798 177 880 ορίοτους
199 801 218 874 ἡ
240 802 312 860 κατά
332 819 393 860 τινα
415 798 506 876 ἄλλην
527 799 625 880 χρείαν
645 800 841 882 διερχομένων,
862 807 990 880 παροχης
1009 804 1181 882 γεννήματος
1201 799 1232 876 ἐξ
1247 801 1351 882 ἀγορᾶς

70 923 255 1002 γεγενημέναι,
286 921 448 1002 ἀγγαρείας,
476 921 685 1004 παρογγαρείας
706 919 753 983 καί
775 923 876 999 λοιπῆς
898 925 1005 1001 όπόοης
1028 923 1167 1005 ἐπηρείας.
1213 923 1256 984 διδ
1276 943 1349 1006 παρ-

72 1046 224 1122 γμνίνμεθα
244 1043 292 1106 καὶ
313 1047 417 1116 πάντας
440 1041 677 1126 θξαοραλιζόμεθα
700 1045 752 1108 ἀπό
774 1065 804 1106 τε
834 1052 888 1107 τῶν
917 1045 988 1106 κατθ
1019 1045 1130 1128 καιροθς
1159 1046 1351 1128 σακελλαρίων

69 1173 172 1245 γενικῶν
195 1165 243 1228 καί
265 1173 462 1248 στρατιωτικῶν
483 1167 650 1246 λογοθετῶν,
678 1173 730 1226 τῶν
758 1165 802 1228 ἐπὶ
829 1173 879 1242 τῆς
899 1169 1038 1250 ἡμετέρας
1064 1169 1207 1245 σακέλλης
1233 1166 1280 1228 καὶ
1304 1171 1352 1229 τοῦ

70 1287 219 1370 θεοιιαρίου,
243 1287 394 1366 οἰκονόμων
415 1295 470 1350 τῶν
493 1291 599 1370 είιιιγῶν
621 1288 713 1370 οἴκων,
735 1289 790 1350 τῶν
813 1287 857 1349 ίπί
878 1295 932 1350 τῶν
952 1288 1096 1352 σίκειακῶν
1117 1289 1231 1350 καὶτῶν
1248 1291 1351 1372 έρόρων

70 1417 113 1470 τῶν
127 1410 277 1484 βασιλικῶν
296 1417 502 1494 κουραιορειῶν,
526 1410 644 1494 είδικῶν,
664 1413 848 1494 γηροτρόφων,
870 1419 924 1472 τῶν
940 1411 984 1474 ἐπὶ
998 1415 1045 1473 τοῦ
1059 1412 1131 1473 θείου
1145 1415 1225 1488 ἡμῶν
1239 1412 1352 1488 ταμείου

69 1539 106 1595 τοῦ
125 1535 271 1615 Φύλαντος,
293 1537 464 1616 κουρατόρων
485 1539 531 1596 τσῦ
553 1533 628 1596 σίκσυ
649 1541 703 1596 τῶν
720 1532 895 1616 Ἐλευθερίου
924 1533 971 1594 καὶ
1000 1541 1053 1595 τῶν
1079 1533 1248 1616 Μογγοίνων,
1279 1534 1350 1596 σίκι-

70 1663 153 1718 οισῶν
172 1657 293 1718 καὶτῶν
312 1659 356 1718 ὑπ’
373 1659 468 1730 σιἰτσθς
485 1657 716 1740 πρωτονοταρίων,
737 1659 939 1738 λογοριαοτῶν,
961 1657 1178 1738 χαρτουλοιρίων,
1201 1657 1351 1733 βασιλικῶν

68 1781 186 1860 νοιορίων
199 1779 248 1842 καὶ
262 1780 403 1861 νοταρίων,
427 1779 515 1840 ἔτιδὲ
535 1779 703 1855 δομεστίκων
724 1785 778 1840 τῶν
800 1780 922 1858 σχολῶν,
945 1777 1060 1860 δουκῶν,
1083 1782 1239 1858 κατεπάνω,
1263 1799 1347 1858 στρα-

67 1909 147 1982 τηγῶν
176 1902 224 1964 καί
254 1908 308 1963 τῶν
336 1903 608 1984 ἇντιπροοωπυόντων
638 1903 742 1980 αἰτοῖς,
772 1899 942 1981 ταξιαρχῶν,
972 1907 1165 1982 τουρμαρχῶν,
1194 1906 1351 1982 μεραρχῶν,

68 2025 266 2107 χαρτοιλορίων
287 2029 334 2086 τοῦ
361 2024 463 2105 δρόμου
489 2022 536 2084 καί
561 2029 615 2084 τῶν
645 2025 781 2103 θεμάτων,
811 2025 941 2100 κομητῶν
967 2029 1018 2100 τῆς
1044 2023 1153 2104 κόρτης,
1184 2022 1352 2098 δσμεοτίκιυν

68 2155 113 2206 τῶν
133 2150 271 2228 θεμάτων,
294 2149 587 2228 δρουγγαροκομήτων,
609 2149 869 2227 πρωτοκεντάρχων,
891 2143 1145 2226 προσελευσιμαίων
1166 2141 1214 2206 καί
1235 2143 1350 2226 λοιπῶν,

66 2272 124 2350 τρός
144 2271 247 2342 τούτοις
269 2267 376 2351 κριτῶν,
401 2269 536 2350 έποπτῶν,
559 2273 735 2350 οτρατευτῶν,
758 2269 894 2348 όρθωτῶν,
910 2266 1098 2348 ἀναγραρέων,
1127 2265 1277 2342 βασιλικῶν
1300 2261 1351 2326 ἀν-

66 2389 170 2470 θρώπων
193 2393 239 2453 έπί
260 2413 335 2465 τινας
357 2391 604 2467 θποστελλομένων
626 2395 673 2451 τσῶ
696 2389 827 2467 δημοσίου
849 2390 987 2470 δουλείας,
1010 2388 1242 2470 πρωτονοταρίων,
1267 2409 1350 2448 νοτα-

67 2513 132 2593 ρίυν,
148 2515 327 2595 συνωναρίων,
344 2513 488 2596 ῶριαρίων,
502 2517 703 2594 τοποτηρητῶν,
722 2512 925 2594 παραρυλάκων
940 2509 987 2572 καὶ
1001 2513 1102 2584 παντός
1117 2512 1209 2590 ἑτέρου
1218 2510 1352 2572 δουλείαν

67 2643 105 2696 τῶ
125 2641 215 2698 κοινοῦ
237 2639 506 2717 μεταχειριζομένου,
528 2639 574 2695 τοῦ
597 2633 703 2712 μηθένα
725 2640 780 2694 τῶν
802 2635 928 2694 ἁπάντων
951 2633 981 2693 έν
1003 2633 1155 2714 οίῳδηποτε
1177 2633 1270 2714 χρόνῳ
1289 2633 1351 2693 καθ’

68 2759 210 2834 οίονθητινα
230 2763 331 2840 τρόπον
354 2759 397 2819 ἐπ’
414 2757 508 2830 ἀδείας
531 2757 605 2836 ἔχειν
628 2753 733 2816 ἀθετεῖν
755 2759 773 2830 η
798 2755 957 2835 ἀνατρέπειν
983 2777 1008 2816 τι
1037 2761 1156 2835 μερικῶς
1177 2757 1196 2831 ἡ
1219 2753 1259 2828 είς
1280 2754 1351 2814 όλό-

67 2881 161 2961 κληρον
175 2889 231 2942 τῶν
246 2883 276 2943 ἐν
295 2881 334 2962 τῷ
354 2883 465 2962 παρόντι
484 2879 683 2962 χρυοοβοίλλῳ
698 2878 827 2958 σιγιλλίιρ
842 2877 1046 2954 διειλημμένων
1064 2877 1245 2957 γεγενημένῳ
1267 2876 1351 2936 κατὰ

67 3005 114 3062 τὀν
142 3003 327 3082 αὔγσυοτον
357 3009 446 3080 μῆνα
475 3009 534 3081 τῆς
567 3001 723 3083 δευτέρας
758 2999 963 3070 ἰνδικτιῶνσς
993 3001 1026 3060 ἐν
1060 3000 1128 3059 έτει
1161 2997 1204 3076 τῷ
1232 2995 1348 3080 ,ςρπζζ

67 3126 91 3183 ἑν
111 3122 132 3207 ᾧ
153 3127 201 3188 καὶ
222 3129 253 3186 τ“ο
274 3127 409 3208 ἡμέτερον
432 3125 544 3198 σἰσεβὲς
565 3123 612 3186 καὶ
633 3121 837 3202 θεοπρόβλητον
859 3123 1052 3198 ἐπεσημήνατο
1074 3123 1174 3200 κράτος
1195 3122 1226 3200 †.

159 3255 330 3326 Summo
344 3256 432 3310 θοαί.
448 3253 555 3308 Ardae.
572 3253 657 3308 σθοτι.
675 3251 751 3306 flor.
768 3267 819 3304 nro
841 3252 865 3306 I.
908 3250 1015 3305 Ταόυία
1037 3257 1076 3304 σοι
1097 3221 1232 3319 συερσσόυ.

325 3543 382 3609 VI.
407 3540 631 3626 6588-1079,
655 3561 764 3606 mense
788 3537 918 3622 octobri,
942 3537 1006 3603 ind.
1024 3537 1082 3602 111.

69 3709 210 3780 Imperator
232 3709 401 3779 Νίοσμθοντιε
424 3708 576 3762 Βοίαιιίαία
596 3705 708 3760 dumio
732 3704 848 3760 Semun'
872 3704 955 3758 ιέοιιαί
976 3703 1089 3758 sedecim
1111 3719 1231 3756 nummos
1253 3717 1350 3756 αυτουε

67 3815 199 3888 eamque
218 3815 301 3870 σείέαο
321 3816 356 3869 σθ
376 3831 405 3868 ευ
425 3813 591 3868 συνωμοσία
605 3817 691 3866 monte
705 3811 810 3864 Dicaea
826 3809 854 3862 ιἰι
870 3809 960 3863 imula
979 3811 1030 3863 Coo
1045 3809 1080 3862 ab
1095 3807 1215 3862 οιαπιθωι
1232 3806 1348 3860 trabum

158 3987 180 4065 †
203 3983 257 4042 Ἐν
279 3981 416 4056 όνόματι
438 3983 492 4040 τοῦ
514 3978 637 4060 πατρός
656 3976 711 4038 καὶ
730 3979 785 4036 τοῦ
805 3975 875 4036 υἱοῦ
893 3973 949 4035 καὶ
969 3979 1020 4036 τοῶ
1039 3974 1133 4053 σἰγίσυ
1152 3973 1348 4048 πνεύματος.

66 4107 260 4187 Νικηρόρος,
283 4105 411 4183 πιστός,
434 4097 614 4182 όρθόδοξος
634 4099 807 4176 βασιλεύς,
830 4097 886 4158 καὶ
907 4099 1118 4178 αὐτοκράτωρ
1134 4092 1350 4175 Ῥωμαίων,ό

66 4217 1349 4306 Βοτανειάτης,πᾱοιν,οἷςτδπαρδνημῶνεὒοεβὲςἐπιδείκνυταιοιγίλλιονῒ.

161 4353 183 4432 †
207 4351 242 4410 Ἥ
262 4354 347 4426 νῆσος
367 4349 386 4421 ἡ
409 4347 475 4417 Κῶς
499 4346 559 4424 ἔχει
580 4365 605 4406 τι
627 4341 689 4425 περί
711 4345 794 4418 αυτὴν
816 4343 988 4418 διακείμενον
1015 4341 1087 4421 όρος,
1117 4341 1132 4398 δ
1158 4339 1267 4400 Δίκαιον
1297 4339 1349 4416 ἑγ-

65 4475 165 4552 χυρίως
194 4471 340 4548 κέκληται,
370 4467 453 4549 ξηρόν
481 4487 512 4528 τε
544 4465 591 4527 καὶ
618 4461 733 4542 ἄνικμον
755 4463 803 4525 καί
824 4461 870 4526 διὰ
891 4468 968 4525 τιῶτο
991 4463 1138 4543 θνθρῶπων
1161 4460 1272 4541 ἔρημον.
1318 4460 1348 4519 έν

65 4595 139 4673 τσότιρ
161 4597 177 4654 ό
200 4593 323 4674 μσνοχδς
346 4593 487 4674 Ἀροένιος,
515 4584 538 4671 ᾧ
564 4589 595 4650 τό
622 4587 738 4665 ἐπίκλην
761 4588 927 4667 Σκηνοόρης,
954 4583 1058 4646 κελλία
1081 4581 1127 4642 δθο
1150 4579 1279 4658 ἐδείματο
1301 4579 1348 4641 καί

66 4718 196 4797 μοναχοίις
220 4716 250 4776 έν
275 4716 379 4788 τοίιτοις
397 4715 536 4796 ἀπέκειρε,
560 4703 623 4790 μεθ’
638 4706 677 4772 ῶν
701 4709 763 4784 τσθς
782 4709 944 4786 ἀοκητικοθς
958 4707 1075 4788 ἱδρῶτας
1091 4706 1154 4787 θχσι
1168 4701 1215 4766 καὶ
1229 4706 1348 4783 τήμερον
