3162 5278
1256 308 1320 372 283

45 500 99 570 τίνος
114 501 150 574 μή
166 505 221 558 τῶν
238 499 303 559 ίοων
319 501 415 575 ταύτην
431 503 522 577 τυχεῖν
537 499 584 560 καὶ
606 501 679 578 παρὰ
695 508 745 576 τής
759 503 838 576 ήμῶν
855 503 1029 580 μετριότητος
1049 503 1185 577 ἑπομένης
1206 501 1321 574 ἐκείνοις

43 622 77 679 καὶ
94 621 258 699 πραττούσης
281 619 391 680 ἀείκαὶ
414 622 615 700 λογιζομένης·
642 623 844 702 προσελθόντας
866 623 921 702 γὰρ
943 629 976 704 τῇ
999 625 1079 698 ήμῶν
1101 625 1253 703 μετριότητι
1275 625 1321 683 τόν

43 764 63 801 τε
81 746 230 821 σοφώτατον
255 741 302 803 καί
324 743 494 823 λογιώτατον
518 741 685 805 διδάσκαλον
708 743 755 804 καὶ
779 743 985 826 ἐκκλησιοίρχην
1009 750 1059 820 τῆς
1082 740 1209 825 ρηθείσης
1232 744 1320 818 σεβα-

42 865 105 938 ομίας
126 870 223 944 μονῆς,
248 866 277 926 ἐν
299 864 491 946 ἱερομοναίχοις
513 865 559 925 καὶ
581 869 773 942 πνευματικοῖς
794 867 885 946 κύριον
908 867 1072 946 Νικηφόρον,
1099 865 1147 926 καὶ
1169 868 1213 926 τόν
1236 867 1319 926 όσιιύ-

41 1009 102 1046 ταττν
129 987 177 1046 καί
208 991 369 1061 τιμιώτατον
396 989 424 1048 ἐν
456 987 648 1070 ίερομονόχοις
674 991 763 1069 κύριον
787 989 937 1068 Παρθένιον
966 986 1014 1050 καί
1040 986 1183 1064 οἰκονόμον
1210 990 1319 1070 ταύτης,

40 1109 74 1167 καὶ
88 1109 127 1168 σιν
142 1111 246 1182 τούτοις
268 1111 313 1170 τόν
336 1111 481 1170 όσιιύτατον
505 1111 533 1170 ἐν
554 1111 744 1192 ίερομονόχοις
759 1111 849 1192 κύριον
865 1111 1015 1192 Κύριλλσν,
1038 1111 1100 1184 τοθς
1122 1111 1194 1170 κατὰ
1215 1114 1322 1188 πνεῦμα

40 1231 95 1303 νῖονς
116 1231 274 1312 όγαπητοθς
296 1237 346 1307 τῆς
367 1233 446 1308 ήμῶν
470 1234 655 1312 μετριότητος,
683 1234 781 1308 ταύτης
804 1233 838 1310 δή
861 1239 911 1309 τῆς
933 1232 1087 1305 ύτοθέσεως
1115 1235 1197 1292 ἕνεκα
1220 1238 1265 1294 τοῦ
1287 1233 1322 1292 τὰ

39 1353 179 1430 παλαιγενῆ
203 1354 290 1412 αύτῶν
314 1353 423 1430 δηλαδὴ
449 1354 611 1435 ἐπικυρῶσαι
633 1353 680 1414 καὶ
702 1356 776 1430 ήμοῖς
799 1355 929 1430 βασιλικὰ
951 1354 1147 1433 χρυσόβουλλα
1161 1353 1208 1415 καὶ
1222 1375 1320 1435 πατρι-

39 1475 124 1552 ιρχοιά
144 1475 329 1551 Ιἀπομνήματα
351 1475 394 1536 ἐπ’
410 1476 553 1558 ἐλευθερίᾳ
575 1481 625 1554 τῆς
648 1481 735 1552 μονῆς
758 1476 988 1556 ἐπιβραβευθέντα
1010 1481 1067 1548 τοῖς
1090 1477 1118 1536 ἐν
1142 1477 1208 1559 αιίτη
1232 1497 1320 1551 μονα-

38 1601 99 1676 γεῖς,
128 1595 176 1656 καὶ
202 1593 387 1678 προσεδέξατο
414 1598 522 1670 τούτους
548 1599 566 1672 ή
598 1599 740 1678 μετριότης
762 1600 841 1672 ήμῶν
873 1599 1056 1674 εύμενέοτατα
1082 1596 1129 1658 καί
1155 1599 1186 1658 τό
1210 1598 1321 1670 ἐντελὲς

36 1724 62 1796 τῇ
81 1719 179 1778 τούτων
202 1717 296 1794 δεήσει
317 1721 412 1798 τάχιον
435 1719 597 1800 ἐχαρίσατο·
619 1725 679 1792 πῶς
701 1720 755 1800 γόιρ
778 1721 827 1780 οθκ
850 1719 906 1780 ἔδει
928 1725 978 1796 τῆς
1001 1718 1134 1794 αἰτήσεως
1158 1720 1274 1799 εὐλόγου
1289 1741 1320 1780 τε

35 1841 72 1898 καί
100 1839 207 1913 δικαίας
238 1839 334 1922 οὔσης,
365 1843 413 1900 ότε
444 1841 478 1916 δὴ
504 1845 568 1904 «τοῦ
596 1842 766 1922 συναίρεσθαι
795 1845 852 1914 τοῖς
881 1842 942 1902 κατ’
966 1841 1064 1921 ἀρετὴν
1092 1840 1244 1922 διαφέρουσι
1274 1840 1321 1902 καὶ

37 1961 100 2034 Ξλοις
130 1961 176 2022 διὰ
203 1961 262 2038 βίον
290 1962 486 2039 ἀντικειμένοις
516 1962 581 2044 θεῷ,
611 1962 658 2024 καὶ
684 1966 767 2044 χεῖρα
794 1964 924 2040 βοηθείας
949 1963 1053 2036 τούτοις
1079 1963 1196 2045 δρέγειν,
1228 1963 1257 2024 ἐν
1271 1957 1322 2036 ὀἷς

36 2083 79 2159 ῖρτ
98 2083 145 2142 καί
169 2084 283 2166 δέοιντο,
308 2085 450 2164 θεοφιλοῦς
471 2105 502 2146 τε
525 2085 603 2158 όντος
624 2084 672 2146 καί
693 2093 743 2162 τῆς
765 2085 841 2158 θείας
864 2086 981 2162 ἐντολῆς
1004 2085 1171 2163 ἐχομένου».
1195 2083 1322 2158 λαθοῦσα

35 2215 163 2286 τοιγαροῦν
187 2205 239 2266 ἀνὰ
261 2209 358 2286 χεῖρας
381 2209 399 2284 ή
422 2209 565 2290 μετριότης
587 2209 666 2284 ἡμῶν
694 2207 728 2268 τὰ
751 2207 912 2284 δηλωθέντα
936 2206 1066 2282 βασιλικὰ
1086 2208 1173 2268 αύτῶν
1197 2205 1245 2266 καὶ
1264 2228 1321 2267 πα-

35 2327 166 2406 τριαρχιιιὰ
188 2329 339 2408 γράμματα
366 2327 412 2388 καί
439 2333 521 2390 ταῦτα
549 2325 727 2402 διεξελθοῦσα
753 2324 970 2409 φιλοπονώτερον
999 2329 1055 2390 δεῖν
1078 2323 1148 2410 ᾤετο
1170 2329 1220 2400 τὰς
1241 2350 1321 2409 περι-

34 2449 122 2526 λήύεις
157 2448 205 2510 καί
235 2449 353 2523 διανοίας
385 2452 471 2512 αθτῶν
504 2453 542 2524 ὡς
572 2445 628 2514 οἷόν
654 2473 684 2512 τε
715 2453 938 2529 ουντετμημένως
972 2451 1000 2510 ἐν
1029 2449 1069 2530 τῷ
1098 2451 1208 2532 παρόντι
1238 2453 1321 2528 αἰτῆς

36 2569 137 2632 ἐνθεῖναι
161 2573 344 2648 ὑπομνήματι,
368 2575 406 2643 ιθς
429 2575 462 2633 όν
484 2573 546 2646 τούς
570 2574 599 2633 ἐν
622 2575 687 2656 αύιῄ
710 2581 743 2656 τῇ
767 2581 837 2656 μονῇ
861 2573 997 2652 μοναχοίνς
1018 2579 1052 2656 τῇ
1076 2573 1209 2656 έμφανείᾳ
1231 2575 1323 2634 τούτου

33 2694 106 2764 μόνον
138 2689 285 2770 ἀποσοβεῖν
318 2695 448 2756 δύνασθαι
475 2697 564 2756 πόντα
597 2698 642 2756 τόν
672 2695 721 2772 τήν
752 2695 910 2776 ἐλευθερίαν
940 2702 990 2772 τῆς
1016 2717 1045 2756 τε
1077 2702 1163 2773 μονῆς
1197 2694 1245 2756 καί
1273 2703 1323 2772 της

32 2817 104 2888 νήσου
129 2817 303 2892 λυμήνασθαι
327 2817 531 2898 ἐγχειρήσαντα.
554 2823 677 2900 περιεῖχε
700 2819 768 2895 δῆτα
791 2820 821 2878 τδ
843 2821 889 2879 τοῦ
916 2816 1039 2893 ἀοιδίμου
1066 2818 1205 2892 βασιλέως
1232 2818 1323 2899 κυρίου

34 2936 155 3011 Ἀλεξίου
177 2941 224 2999 τοῦ
247 2939 392 3016 Κομνηνοῖι
414 2941 632 3022 χρυσόβουλλον,
657 2941 695 3012 ὡς
717 2942 756 3000 ότι
783 2939 964 3020 «ἐδωρήσατο
987 2941 1004 3014 ή
1029 2938 1159 3014 βασιλεία
1182 2941 1261 2999 αύτοῖι
1283 2938 1322 3016 τῷ

33 3060 219 3142 εύλτιβεστσίτῳ
242 3060 358 3140 μοναχῷ
380 3061 596 3142 Χριστοδούλῳν
624 3059 675 3146 (τῷ
698 3063 807 3142 κτήτορι
830 3059 940 3136 δηλαδὴ
967 3067 1017 3136 τῆς
1040 3061 1213 3138 δηλωθείσης
1236 3061 1323 3135 σεβα-

32 3183 105 3255 τμύας
128 3179 231 3268 μονῆς)
258 3188 369 3244 «πᾶσαν
391 3184 440 3258 τήν
463 3188 544 3259 νῆσον
569 3183 680 3260 Ποίτμον
708 3170 784 3259 μετδι
799 3185 888 3259 πόσης
910 3187 959 3258 τῆς
981 3187 1115 3264 περιοχῆς
1136 3181 1184 3242 καὶ
1206 3183 1322 3262 διακρα-

32 3307 128 3378 τήσεως
162 3307 282 3388 αῖιτής»,
318 3306 420 3388 ἔρημον
450 3304 532 3366 οὖσαν
562 3307 593 3366 τό
622 3308 751 3387 πρότερον
785 3303 832 3366 καί
861 3307 1029 3366 παντάπασιν
1061 3304 1199 3386 ἀοίκητον,
1230 3304 1324 3377 καθὼς

31 3425 203 3508 λεπτομερῶς
231 3425 355 3502 διέξεισιν
377 3431 395 3504 ή
419 3431 549 3508 γεγονυῖα
575 3429 725 3510 παράδοσις
751 3429 825 3508 παρὰ
851 3432 897 3488 τοῦ
925 3427 1104 3508 οἰναγραφέως
1129 3433 1183 3487 τῶν
1206 3427 1324 3487 Κυκλοί-

32 3547 78 3606 δων
104 3553 206 3628 νήσων,
228 3550 371 3611 Νικολοίου
397 3555 444 3610 τοῦ
467 3545 626 3632 μαῖστορος,
653 3553 719 3626 ήτε
750 3550 924 3631 διαμέτρησις
954 3552 1038 3626 αῖιτής
1063 3550 1131 3629 πρός
1156 3550 1201 3609 τόν
1226 3549 1323 3624 δηλω-

31 3671 103 3730 θέντα
140 3675 261 3754 κτήτορα
298 3675 352 3734 «ού
383 3678 514 3754 πατρικῶς
549 3673 611 3733 οῖιδέ
644 3673 754 3754 χρόνοις
783 3673 954 3754 ἀριθμητοῖς,
986 3671 1054 3732 ἀλλ’
1083 3671 1126 3731 ἐπ’
1154 3670 1324 3752 ἀναφαιρέτῳ

31 3792 70 3851 καί
96 3795 219 3870 διηνεκεῖ
244 3801 277 3876 τῇ
305 3793 449 3877 δεοποτείᾳ
474 3793 521 3854 καὶ
547 3795 681 3876 κυριότητι
708 3793 754 3853 καί
786 3795 864 3873 ἄχρις
891 3793 923 3853 διν
947 3794 961 3853 ό
983 3794 1076 3874 παρὼν
1100 3791 1222 3872 διαρκοίη
1247 3791 1323 3873 αίιύν,

32 3915 147 3996 ατελιῖις,
170 3916 296 3996 ἀβαρῶς,
325 3916 473 3996 ἐλευθέραν
496 3915 543 3977 καί
565 3921 655 3992 πόσης
682 3916 903 3994 ἀπηλλαγμένην
931 3921 1089 3995 σεκρετικής
1117 3917 1322 3989 ουζητήσεωςν.

31 4036 161 4117 ἐπορίζετο
187 4039 229 4118 δέ,
256 4039 301 4098 ἵνα
331 4038 378 4099 καί
409 4041 445 4114 ιή
469 4039 498 4099 ἐν
522 4041 587 4122 αύτῇ
614 4045 648 4121 τῇ
675 4043 750 4118 νήσῳ
777 4039 1019 4118 ἀναγερθησομένη
1048 4037 1118 4112 μονὴ
1146 4029 1212 4114 παρ’
1235 4035 1323 4114 αθτοῖι,

33 4161 64 4220 ἔτι
90 4160 122 4222 δὲ
148 4159 197 4222 καί
222 4159 247 4222 οί
270 4161 315 4220 ὑπ’
339 4162 417 4221 αθτόν
446 4160 573 4241 μοναχοί,
602 4162 629 4222 οἵ
648 4182 678 4220 τε
705 4165 852 4236 τηνικαῦτα
875 4160 950 4231 όντες
977 4157 1024 4218 καὶ
1048 4157 1072 4218 οί
1097 4158 1235 4237 ἐσύστερον
1260 4156 1324 4216 ἐσό-

31 4303 101 4352 μενοι
128 4287 268 4362 κατέχωτι
298 4281 345 4342 καί
373 4282 523 4354 δεσπόζωσι
550 4284 599 4358 τήν
625 4287 706 4358 νήεον
732 4282 829 4356 ταύτην
859 4281 980 4358 ἀτελῶς,
1005 4280 1129 4360 ἀβαρῶς,
1152 4278 1253 4360 κυρίως
1278 4275 1324 4338 καί

32 4408 176 4484 πίθεντῶς,
200 4407 385 4488 ἀναφαιρέτως
410 4427 441 4464 τε
471 4399 518 4466 καὶ
545 4404 683 4477 αἰωνίωςν
714 4403 761 4464 καὶ
786 4405 861 4463 «κᾶν
884 4401 922 4474 εἰς
946 4403 1132 4482 εύφορωτοίτην
1154 4421 1185 4459 τε
1207 4397 1254 4458 καί
1277 4399 1324 4458 εύ-

29 4530 159 4608 τρέσοδον
195 4529 228 4589 ἐκ
261 4529 367 4609 λυπραῖς
400 4527 446 4588 καί
476 4525 608 4608 τραχείας
640 4533 673 4608 τῇ
705 4525 793 4607 οἰκείᾳ
823 4527 1006 4603 μεταγάγοιεν
1036 4522 1153 4604 σπουδῇ,
1189 4519 1228 4593 είς
1257 4520 1324 4580 ἴδιον

28 4651 122 4728 κέρδος
150 4651 202 4724 τὰς
234 4650 356 4710 ἐντεῦθεν
385 4649 534 4730 προσόδους
565 4647 739 4726 λογίσωνται,
791 4648 809 4719 ὴ
837 4649 911 4724 παροί
932 4665 1004 4716 τινος
1032 4646 1063 4704 τό
1093 4644 1206 4705 σύνολον
1235 4643 1324 4720 λογο-
