3228 5294
1295 365 1336 428 15

65 559 144 637 εὑρέθη
167 559 195 617 ἐν
216 557 256 636 τῷ
278 555 429 640 πρακτικῷ,
453 557 530 618 ἀλλὰ
554 555 686 634 μοδισμδν
708 559 767 636 ἔχει
788 560 879 636 μόνον,
903 559 942 632 ὡς
964 554 1032 618 είναι
1051 559 1081 617 τ“ο
1097 557 1163 618 δλσν
1178 559 1337 636 προάστειον

65 680 100 738 οὑν
118 684 160 740 τοῦ
180 682 262 740 πάτου
285 684 334 756 τῆς
357 677 452 756 Λάδης
475 677 576 754 μοδίιυν
603 677 677 758 ψξβ’,
700 679 800 758 λιτρῶν
827 679 904 743 δέκα.
948 680 979 739 τδ
1009 679 1073 738 αὑτδ
1102 679 1338 758 άναμετρήταντες

63 799 100 862 καί
117 803 194 878 ἡμεῖς
215 802 329 881 εὑρομεν
352 802 445 880 οὑτως,
468 801 539 862 κατὰ
561 801 610 875 τήν
631 801 779 882 περίληψιν
799 805 845 861 τοῦ
863 805 1010 882 πρακτικοῦ
1024 805 1070 860 τοῦ
1085 802 1222 880 σεκρέτου.
1257 799 1337 880 εὑρέ-

63 925 131 998 θησαν
153 923 183 984 δὲ
207 924 284 994 ἐντὺς
305 929 351 983 τοῦ
372 927 546 1004 περιορισμτῦ
568 927 614 982 τοῦ
637 923 754 983 τοισὺτου
777 921 938 1003 προαστείου
961 921 1060 1004 δένδρα
1083 921 1183 982 ἐλαϊκδι
1197 919 1244 982 καὶ
1259 923 1340 1001 ἕτερα

63 1043 146 1124 δένδρα
165 1049 290 1126 κάρπιμα
312 1045 425 1126 δπωρῦν
449 1043 589 1124 διαφόρων.
633 1044 701 1120 ὁμοῦ
723 1045 848 1124 πάροικοι
871 1043 896 1104 οἱ
918 1043 1073 1124 εὑρεθέντας
1096 1043 1135 1115 εἷς
1156 1063 1186 1102 τε
1208 1045 1238 1103 τὺ
1261 1041 1338 1103 οἰκο-

62 1169 203 1246 τροάστειον
225 1174 276 1244 τῆς
298 1167 411 1246 Βάρεως
432 1163 479 1226 καί
505 1165 540 1225 τὰ
567 1163 698 1244 εἰρημένα
725 1167 814 1225 πάντα
840 1167 996 1246 προάστεια,
1028 1165 1213 1246 διζευγαράτσι
1240 1163 1338 1243 οὑδείς,

61 1291 275 1370 μονοζευγαράτοι
299 1287 346 1368 ιη’,
369 1287 491 1364 βοὶδάτοι
512 1283 554 1366 ς’,
576 1289 747 1368 καπνικοὶριοι
769 1286 821 1360 κε’,
845 1289 957 1365 ἔχοντες
980 1285 1052 1368 ἀργὰ
1075 1287 1166 1366 άλογα
1185 1283 1233 1346 καὶ
1252 1285 1338 1365 ὄνους,

61 1412 197 1492 τελοῦντες,
222 1410 248 1470 οί
270 1410 321 1487 μέν
344 1410 531 1490 διζευγαράτσι
553 1407 600 1470 καὶ
622 1409 647 1470 σί
671 1411 898 1490 μσνσζευγαράτοι
920 1408 987 1490 ὑπὲρ
1009 1415 1129 1484 συνωνής
1147 1407 1194 1469 καὶ
1209 1413 1339 1470 καπνικοῦ

62 1534 148 1612 ιὺτῦν,
178 1532 232 1591 ἀνά
260 1531 428 1608 νομίσματος
457 1533 532 1610 ἑνός,
563 1529 587 1590 σί
615 1530 646 1592 δέ
674 1530 794 1604 βοίδάτσι
815 1531 868 1592 ἀνά
890 1531 1056 1608 νομίσματος
1084 1531 1207 1608 ἡμίσεος,
1237 1528 1285 1591 κσιί
1314 1529 1340 1591 οί

62 1655 215 1732 κατνικάρισι
238 1653 265 1714 οί
287 1653 400 1732 ἔχοντες
422 1653 509 1732 ὄνους,
533 1652 586 1712 ἀνὰ
607 1651 772 1729 νομίσματος
793 1648 917 1732 ἡμίσεος,
941 1655 979 1724 ὡς
1002 1649 1188 1726 έξκουσσάτοι·
1213 1651 1238 1712 σί
1253 1652 1285 1713 δέ
1300 1651 1339 1728 μὴ

63 1775 160 1852 ἔχοντες
181 1775 269 1854 ὄνους,
292 1775 344 1834 ἀνὰ
367 1774 536 1856 μιλιαριοίων
559 1773 597 1853 γ’,
624 1776 793 1856 παρέχοντες
819 1775 963 1855 άμρίτερσι
986 1773 1032 1834 καὶ
1054 1773 1120 1854 ὑπὲρ
1143 1773 1265 1850 έννσμίου
1287 1779 1339 1834 τῶν

63 1895 140 1974 ἀργῶν
164 1903 270 1974 κτηνῶν
297 1895 344 1958 καὶ
371 1895 484 1974 ἀλόγων
506 1894 553 1956 καὶ
576 1895 643 1956 δνων
666 1895 763 1976 αὑτῶν,
792 1899 908 1968 ἕκαστος
932 1896 1074 1974 ἀκτήμων,
1102 1892 1155 1955 ἀνά
1177 1896 1340 1976 μιλιαρισίου

63 2019 122 2097 ἑνός,
142 2018 187 2078 καὶ
208 2017 275 2100 ὑπὲρ
297 2025 350 2078 τῶν
372 2017 517 2099 προβάτων
540 2017 627 2078 αὑτῶν
649 2017 719 2078 κατὰ
743 2018 851 2094 ἑκατόν,
874 2019 988 2089 ἕκαστος
1010 2017 1140 2093 ἀκτήμων
1162 2019 1281 2094 νόμισμα
1302 2016 1340 2096 α’,

63 2138 101 2198 καὶ
120 2137 246 2219 καθεξῆς,
276 2140 361 2220 ἤγουν
388 2138 427 2212 είς
453 2139 488 2200 τὰ
516 2143 694 2220 πεντήκοντα,
724 2141 754 2200 τὺ
784 2142 878 2215 ἣμισυ·
910 2137 956 2200 καί
986 2138 1052 2219 ὑπὲρ
1081 2141 1261 2219 χωροπάκτου
1290 2145 1340 2216 τῆς

63 2265 237 2340 κσπχομένης
263 2263 327 2342 παρ’
353 2263 467 2323 ἑκάστου
495 2261 581 2322 οὑτῦν
607 2266 670 2340 γής,
700 2261 771 2320 κατὰ
794 2261 862 2320 δέκα
885 2260 986 2335 μσδίων
1009 2262 1127 2337 νόμισμα
1150 2257 1185 2320 α’.
1231 2261 1285 2321 έστι
1309 2261 1340 2320 δὲ

63 2383 101 2441 καὶ
121 2385 137 2458 ή
158 2385 252 2459 τοπικὴ
277 2381 373 2456 έξοδος
395 2387 441 2444 τοῦ
463 2383 580 2444 τοιοῦτον
602 2382 762 2462 προαστείου
785 2383 882 2454 οὑτως·
910 2383 925 2440 θ
951 2386 1090 2462 κουράπωρ
1118 2382 1184 2462 ὑπὲρ
1206 2386 1252 2443 τοῦ
1274 2384 1339 2443 ὑλου

64 2508 158 2585 χρόνω,
185 2505 251 2588 ὑπὲρ
278 2506 329 2581 μὲν
357 2506 442 2586 ῥὸγας
469 2507 548 2566 αὑτοῦ
575 2499 729 2582 νομίσματα
758 2505 795 2585 β’,
822 2505 889 2585 ὑπὲρ
911 2504 943 2564 δέ
966 2505 1064 2576 ἀνόνας
1087 2505 1167 2564 αὑτοῦ
1189 2501 1246 2564 ἀντὶ
1269 2503 1339 2566 σίτου

65 2626 152 2698 μοδίων
174 2627 294 2706 δώδεκα,
325 2629 444 2704 νόμισμα
468 2627 504 2690 α’·
535 2625 582 2688 καὶ
612 2627 678 2708 ὑπὲρ
708 2627 851 2705 συνηθείας
880 2632 927 2688 τοῦ
956 2627 1140 2688 ἑπισκεπτίτου
1169 2627 1240 2686 κατὰ
1270 2626 1340 2687 δέκα

64 2752 230 2830 νομισμάτων,
253 2751 373 2826 νόμισμα
396 2748 432 2812 α’.
470 2748 517 2810 καί
540 2751 608 2826 ὁμοῦ
629 2754 705 2810 πᾶσα
726 2752 744 2824 ή
768 2749 874 2822 εἴσοδος
895 2754 949 2810 τῶν
972 2750 1059 2809 αὑτῶν
1078 2748 1244 2829 προαστείων
1259 2769 1339 2824 νομι-

64 2889 140 2942 τμστα
159 2870 207 2950 τζ’,
231 2871 276 2950 ὑφ’
293 2866 330 2932 ὧν
352 2873 371 2946 ή
392 2871 489 2947 τοπικὴ
517 2869 613 2944 ἔξοδος
634 2871 788 2948 νομίσματα
809 2869 847 2950 γ’,
874 2869 921 2932 καὶ
944 2870 1029 2932 λοιπά
1049 2873 1137 2932 πάντα
1163 2869 1196 2932 τ’.
1241 2871 1340 2930 τοθτων

64 2991 121 3050 οων
143 2992 350 3074 παραδοθέντων
376 2991 415 3072 τῷ
443 2995 520 3074 μέρει
549 2997 596 3054 τοῦ
625 2993 873 3073 πανυπερλάμπρου
902 2991 1125 3074 πρωτοπροέδρσυ
1155 2991 1201 3054 καί
1230 3011 1339 3073 τρωτο-

65 3111 212 3194 βεπιαρίτου
242 3114 289 3176 καὶ
319 3115 446 3195 μεγάλου
477 3114 650 3192 δσμεστίκσυ,
684 3119 765 3195 κυροῦ
792 3111 962 3195 Ἀνδρονίκου
991 3118 1037 3176 τοῦ
1064 3116 1168 3196 Δοὺκα,
1198 3115 1228 3174 τὺ
1254 3115 1340 3194 παρ’σν

63 3239 193 3311 τρακτικὺν
216 3235 340 3316 ἐξετέθη,
366 3237 382 3295 δ
409 3234 455 3297 καί
477 3238 599 3312 συνήθως
621 3236 774 3316 ὑπογραρέν
800 3234 847 3296 καί
872 3236 1004 3296 πιστωθέν
1029 3236 1093 3318 παρ’
1118 3237 1184 3312 ἐμοῦ
1212 3234 1338 3311 ἐπεδόθη.

66 3355 130 3430 μηνί
149 3355 272 3438 ἰουνίῳ,
296 3355 504 3430 ίνδικτιιῦνος
528 3355 567 3418 ια’
584 3359 614 3438 †.

153 3479 186 3540 Ἡ
216 3481 400 3559 ὑπογραρή·
424 3481 445 3560 †
467 3478 582 3560 Ἀδάμ,
612 3481 853 3560 πατριαρχικδς
875 3483 1028 3560 νοτάριος
1057 3478 1112 3540 καὶ
1142 3479 1340 3555 δομέστικος

66 3601 111 3656 τοῦ
135 3603 289 3682 σεκρέτσυ
322 3605 376 3660 τοῦ
409 3599 587 3677 οίκσνθμου
615 3603 653 3682 ..†
678 3597 761 3680 Είχε
795 3601 831 3661 δὲ
863 3600 920 3662 καί
953 3601 1101 3676 βοῦλλαν
1136 3601 1340 3678 μολυβδίνην

66 3722 194 3783 κάτωθεν
221 3723 481 3806 ἀπηωρημένην,
511 3720 567 3783 καί
595 3723 799 3803 ὑπογραρήν·
823 3725 844 3802 †
867 3721 901 3783 ‘0
926 3723 1066 3799 εὑτελὴς
1088 3725 1236 3801 μοναχὺς
1258 3722 1340 3784 Θεό-

67 3853 179 3918 ιτιττος
199 3844 255 3906 καί
277 3847 534 3924 καθηγούμενος
556 3840 635 3930 [τῆς]
659 3850 717 3921 τῆς
739 3845 979 3925 Παναχράντου
1003 3851 1105 3922 μονῆς
1126 3847 1156 3926 †.

154 3969 238 4048 ήΤὺ
266 3969 370 4049 παρὀν
399 3966 469 4028 ίσον
498 3966 734 4046 παρεκβληθὲν
765 3967 828 4026 ἀπὸ
861 3972 922 4026 τῶν
957 3966 1226 4042 ἐναποκειμένων
1259 3987 1341 4046 χαρ-

67 4083 132 4142 τίων
156 4089 186 4148 έν
214 4088 258 4168 τῷ
288 4086 334 4167 ὑφ’
361 4090 448 4166 ἡμᾶς
479 4087 810 4170 ίεροχαρτορυλακίῳ
837 4094 896 4164 τῆς
922 4089 1163 4169 μητροπόλεως
1190 4088 1341 4162 Μιλήτου

67 4207 109 4264 καί
132 4205 232 4282 ἰσάζον
255 4210 359 4291 εὑρὼν
381 4209 554 4290 ὑπέγραψα
575 4213 605 4290 ή.

156 4333 175 4412 ’γ
200 4377 403 4394 ......
435 4333 676 4412 μητροπόλεως
706 4332 858 4406 Μιλήτου
888 4331 1054 4412 Γειὺργιος
1085 4376 1091 4390 .
1124 4379 1131 4393 .
1165 4379 1171 4394 .
1204 4380 1210 4393 .
1242 4349 1340 4411 ρασο-

68 4447 144 4526 λαμν
165 4500 326 4517 ,,,,,
350 4455 380 4534 †.

159 4579 311 4652 Exemplar.
330 4581 456 4636 Florida
470 4600 580 4638 numero
604 4585 653 4636 51.
671 4583 696 4637 b.
728 4583 793 4637 Vide
814 4589 906 4636 notam
928 4581 966 4636 ad
987 4598 1127 4635 numerum
1151 4581 1175 4636 Ι.
