<?xml version="1.0" encoding="UTF-8"?>
<!DOCTYPE html PUBLIC "-//W3C//DTD XHTML 1.0 Transitional//EN"
    "http://www.w3.org/TR/xhtml1/DTD/xhtml1-transitional.dtd">
<html xmlns="http://www.w3.org/1999/xhtml" xml:lang="en" lang="en">
 <head>
  <title>
</title>
<meta http-equiv="Content-Type" content="text/html;charset=utf-8" />
  <meta name='ocr-system' content='tesseract 3.04.00' />
  <meta name='ocr-capabilities' content='ocr_page ocr_carea ocr_par ocr_line ocrx_word'/>
</head>
<body>
  <div class='ocr_page' id='page_1' title='image "./actaetdiplomata02miklgoog_0377.png"; bbox 0 0 3162 5278; ppageno 0'>
   <div class='ocr_carea' id='block_1_1' title="bbox 238 334 303 400">
    <p class='ocr_par' dir='ltr' id='par_1_1' title="bbox 238 334 303 400">
     <span class='ocr_line' id='line_1_1' title="bbox 238 334 303 400; baseline -0.031 0"><span class='ocrx_word' id='word_1_1' title='bbox 238 334 303 400; x_wconf 78' lang='lat'>362</span> 
     </span>
    </p>
   </div>
   <div class='ocr_carea' id='block_1_2' title="bbox 203 527 1571 4501">
    <p class='ocr_par' dir='ltr' id='par_1_2' title="bbox 203 527 1571 4522">
     <span class='ocr_line' id='line_1_2' title="bbox 239 527 1530 611; baseline -0.003 -21"><span class='ocrx_word' id='word_1_2' title='bbox 239 528 404 599; x_wconf 81' lang='grc' dir='ltr'>στέλλοντες</span> <span class='ocrx_word' id='word_1_3' title='bbox 427 527 633 590; x_wconf 74' lang='grc' dir='ltr'>διακελεύονται</span> <span class='ocrx_word' id='word_1_4' title='bbox 656 529 788 605; x_wconf 87' lang='grc' dir='ltr'>μηδόλως</span> <span class='ocrx_word' id='word_1_5' title='bbox 814 528 915 604; x_wconf 78' lang='grc' dir='ltr'>ἐξεῖναι</span> <span class='ocrx_word' id='word_1_6' title='bbox 937 531 1000 590; x_wconf 85' lang='grc' dir='ltr'>καθ’</span> <span class='ocrx_word' id='word_1_7' title='bbox 1024 532 1116 609; x_wconf 86' lang='grc' dir='ltr'>ἔτερόν</span> <span class='ocrx_word' id='word_1_8' title='bbox 1138 551 1197 590; x_wconf 91' lang='grc' dir='ltr'>τινα</span> <span class='ocrx_word' id='word_1_9' title='bbox 1218 533 1317 611; x_wconf 85' lang='grc' dir='ltr'>τρόπον</span> <span class='ocrx_word' id='word_1_10' title='bbox 1339 531 1388 606; x_wconf 79' lang='grc' dir='ltr'>τὴν</span> <span class='ocrx_word' id='word_1_11' title='bbox 1413 531 1530 608; x_wconf 72' lang='grc' dir='ltr'>ἐκλογὴν</span> 
     </span>
     <span class='ocr_line' id='line_1_3' title="bbox 239 649 1530 733; baseline 0 -23"><span class='ocrx_word' id='word_1_12' title='bbox 239 651 394 732; x_wconf 80' lang='grc' dir='ltr'>προβαίνειν</span> <span class='ocrx_word' id='word_1_13' title='bbox 421 655 467 712; x_wconf 90' lang='grc' dir='ltr'>τοῦ</span> <span class='ocrx_word' id='word_1_14' title='bbox 489 652 696 730; x_wconf 77' lang='grc' dir='ltr'>καθηγουμένου</span> <span class='ocrx_word' id='word_1_15' title='bbox 719 657 767 726; x_wconf 79' lang='grc' dir='ltr'>τῆς</span> <span class='ocrx_word' id='word_1_16' title='bbox 790 659 876 730; x_wconf 83' lang='grc' dir='ltr'>μονής</span> <span class='ocrx_word' id='word_1_17' title='bbox 898 653 1011 733; x_wconf 89' lang='grc' dir='ltr'>ταύτης,</span> <span class='ocrx_word' id='word_1_18' title='bbox 1034 649 1102 712; x_wconf 82' lang='grc' dir='ltr'>ἀλλ’</span> <span class='ocrx_word' id='word_1_19' title='bbox 1124 656 1142 727; x_wconf 84' lang='grc' dir='ltr'>ή</span> <span class='ocrx_word' id='word_1_20' title='bbox 1166 653 1259 733; x_wconf 80' lang='grc' dir='ltr'>μόνον,</span> <span class='ocrx_word' id='word_1_21' title='bbox 1286 652 1380 725; x_wconf 83' lang='grc' dir='ltr'>καθὼς</span> <span class='ocrx_word' id='word_1_22' title='bbox 1403 653 1530 712; x_wconf 79' lang='grc' dir='ltr'>ἀνέκαθεν</span> 
     </span>
     <span class='ocr_line' id='line_1_4' title="bbox 241 771 1530 856; baseline 0.002 -25"><span class='ocrx_word' id='word_1_23' title='bbox 241 771 424 852; x_wconf 69' lang='grc' dir='ltr'>ἐπεκράτησεν</span> <span class='ocrx_word' id='word_1_24' title='bbox 448 772 481 832; x_wconf 86' lang='grc' dir='ltr'>ἐκ</span> <span class='ocrx_word' id='word_1_25' title='bbox 502 777 548 832; x_wconf 87' lang='grc' dir='ltr'>τοῦ</span> <span class='ocrx_word' id='word_1_26' title='bbox 570 774 633 853; x_wconf 86' lang='grc' dir='ltr'>όρου</span> <span class='ocrx_word' id='word_1_27' title='bbox 654 778 700 834; x_wconf 90' lang='grc' dir='ltr'>τοῦ</span> <span class='ocrx_word' id='word_1_28' title='bbox 723 775 854 855; x_wconf 88' lang='grc' dir='ltr'>κτήτορος</span> <span class='ocrx_word' id='word_1_29' title='bbox 876 773 958 849; x_wconf 76' lang='grc' dir='ltr'>σίντης</span> <span class='ocrx_word' id='word_1_30' title='bbox 981 773 1096 856; x_wconf 82' lang='grc' dir='ltr'>ἐκείνου,</span> <span class='ocrx_word' id='word_1_31' title='bbox 1118 778 1165 834; x_wconf 88' lang='grc' dir='ltr'>τοῦ</span> <span class='ocrx_word' id='word_1_32' title='bbox 1187 775 1322 850; x_wconf 83' lang='grc' dir='ltr'>εῦλαβοῦς</span> <span class='ocrx_word' id='word_1_33' title='bbox 1344 779 1466 852; x_wconf 88' lang='grc' dir='ltr'>μοναχοῦ</span> <span class='ocrx_word' id='word_1_34' title='bbox 1487 773 1530 834; x_wconf 82' lang='grc' dir='ltr'>καί</span> 
     </span>
     <span class='ocr_line' id='line_1_5' title="bbox 240 895 1531 974; baseline 0.003 -22"><span class='ocrx_word' id='word_1_35' title='bbox 240 895 407 972; x_wconf 85' lang='grc' dir='ltr'>ήγιασμένου</span> <span class='ocrx_word' id='word_1_36' title='bbox 434 895 644 974; x_wconf 87' lang='grc' dir='ltr'>Χριστοδούλου,</span> <span class='ocrx_word' id='word_1_37' title='bbox 674 896 759 974; x_wconf 85' lang='grc' dir='ltr'>ἤγουν</span> <span class='ocrx_word' id='word_1_38' title='bbox 789 895 884 968; x_wconf 74' lang='grc' dir='ltr'>αύτούς</span> <span class='ocrx_word' id='word_1_39' title='bbox 914 898 1013 971; x_wconf 88' lang='grc' dir='ltr'>μόνους</span> <span class='ocrx_word' id='word_1_40' title='bbox 1045 895 1107 968; x_wconf 84' lang='grc' dir='ltr'>τούς</span> <span class='ocrx_word' id='word_1_41' title='bbox 1137 898 1369 971; x_wconf 82' lang='grc' dir='ltr'>ουνασκσυμένσυς</span> <span class='ocrx_word' id='word_1_42' title='bbox 1399 897 1531 974; x_wconf 79' lang='grc' dir='ltr'>μοναχούς</span> 
     </span>
     <span class='ocr_line' id='line_1_6' title="bbox 239 1015 1530 1098; baseline 0 -22"><span class='ocrx_word' id='word_1_43' title='bbox 239 1016 436 1097; x_wconf 81' lang='grc' dir='ltr'>πρεσβυτέρους</span> <span class='ocrx_word' id='word_1_44' title='bbox 459 1015 488 1075; x_wconf 87' lang='grc' dir='ltr'>ἐν</span> <span class='ocrx_word' id='word_1_45' title='bbox 511 1022 544 1096; x_wconf 82' lang='grc' dir='ltr'>τῇ</span> <span class='ocrx_word' id='word_1_46' title='bbox 571 1017 637 1098; x_wconf 77' lang='grc' dir='ltr'>αῦτή</span> <span class='ocrx_word' id='word_1_47' title='bbox 665 1022 734 1098; x_wconf 84' lang='grc' dir='ltr'>μονῇ</span> <span class='ocrx_word' id='word_1_48' title='bbox 763 1016 884 1094; x_wconf 76' lang='grc' dir='ltr'>ἐκλογήν</span> <span class='ocrx_word' id='word_1_49' title='bbox 910 1020 997 1078; x_wconf 85' lang='grc' dir='ltr'>ποιεῖν</span> <span class='ocrx_word' id='word_1_50' title='bbox 1023 1019 1127 1096; x_wconf 85' lang='grc' dir='ltr'>κοινήν,</span> <span class='ocrx_word' id='word_1_51' title='bbox 1153 1017 1200 1078; x_wconf 91' lang='grc' dir='ltr'>καί</span> <span class='ocrx_word' id='word_1_52' title='bbox 1223 1019 1252 1076; x_wconf 86' lang='grc' dir='ltr'>όν</span> <span class='ocrx_word' id='word_1_53' title='bbox 1276 1020 1308 1076; x_wconf 79' lang='grc' dir='ltr'>ἂν</span> <span class='ocrx_word' id='word_1_54' title='bbox 1331 1019 1443 1098; x_wconf 88' lang='grc' dir='ltr'>εύρωσιν</span> <span class='ocrx_word' id='word_1_55' title='bbox 1467 1018 1530 1098; x_wconf 80' lang='grc' dir='ltr'>αἰρέ-</span> 
     </span>
     <span class='ocr_line' id='line_1_7' title="bbox 242 1137 1532 1219; baseline 0.001 -23"><span class='ocrx_word' id='word_1_56' title='bbox 242 1157 341 1198; x_wconf 90' lang='grc' dir='ltr'>σκοντα</span> <span class='ocrx_word' id='word_1_57' title='bbox 362 1144 395 1219; x_wconf 79' lang='grc' dir='ltr'>τῇ</span> <span class='ocrx_word' id='word_1_58' title='bbox 418 1141 552 1215; x_wconf 83' lang='grc' dir='ltr'>καινότητι</span> <span class='ocrx_word' id='word_1_59' title='bbox 575 1137 672 1218; x_wconf 72' lang='grc' dir='ltr'>αὐτῶν,</span> <span class='ocrx_word' id='word_1_60' title='bbox 695 1139 799 1198; x_wconf 86' lang='grc' dir='ltr'>ἐκεῖνον</span> <span class='ocrx_word' id='word_1_61' title='bbox 821 1139 952 1200; x_wconf 86' lang='grc' dir='ltr'>καθιστάν</span> <span class='ocrx_word' id='word_1_62' title='bbox 974 1140 1126 1218; x_wconf 83' lang='grc' dir='ltr'>ἡγούμενον</span> <span class='ocrx_word' id='word_1_63' title='bbox 1148 1137 1196 1199; x_wconf 88' lang='grc' dir='ltr'>καί</span> <span class='ocrx_word' id='word_1_64' title='bbox 1218 1139 1263 1199; x_wconf 88' lang='grc' dir='ltr'>ἐπί</span> <span class='ocrx_word' id='word_1_65' title='bbox 1285 1145 1350 1200; x_wconf 82' lang='grc' dir='ltr'>πᾶσι</span> <span class='ocrx_word' id='word_1_66' title='bbox 1372 1138 1468 1210; x_wconf 86' lang='grc' dir='ltr'>καλῶς</span> <span class='ocrx_word' id='word_1_67' title='bbox 1488 1138 1532 1198; x_wconf 83' lang='grc' dir='ltr'>ιιοῖ</span> 
     </span>
     <span class='ocr_line' id='line_1_8' title="bbox 241 1257 1531 1344; baseline 0.002 -26"><span class='ocrx_word' id='word_1_68' title='bbox 241 1266 379 1338; x_wconf 84' lang='grc' dir='ltr'>νουνεχῶς</span> <span class='ocrx_word' id='word_1_69' title='bbox 403 1259 569 1344; x_wconf 76' lang='grc' dir='ltr'>διορίζουσιν,</span> <span class='ocrx_word' id='word_1_70' title='bbox 593 1263 680 1339; x_wconf 83' lang='grc' dir='ltr'>όπως,</span> <span class='ocrx_word' id='word_1_71' title='bbox 709 1258 732 1320; x_wconf 89' lang='grc' dir='ltr'>εί</span> <span class='ocrx_word' id='word_1_72' title='bbox 756 1261 856 1340; x_wconf 86' lang='grc' dir='ltr'>ἔφθασέ</span> <span class='ocrx_word' id='word_1_73' title='bbox 878 1281 902 1320; x_wconf 90' lang='grc' dir='ltr'>τι</span> <span class='ocrx_word' id='word_1_74' title='bbox 924 1261 1050 1338; x_wconf 86' lang='grc' dir='ltr'>γενέσθαι</span> <span class='ocrx_word' id='word_1_75' title='bbox 1073 1263 1091 1335; x_wconf 83' lang='grc' dir='ltr'>ή</span> <span class='ocrx_word' id='word_1_76' title='bbox 1113 1263 1260 1339; x_wconf 75' lang='grc' dir='ltr'>γενήσεται</span> <span class='ocrx_word' id='word_1_77' title='bbox 1288 1257 1342 1333; x_wconf 82' lang='grc' dir='ltr'>ἔξω</span> <span class='ocrx_word' id='word_1_78' title='bbox 1366 1266 1419 1322; x_wconf 85' lang='grc' dir='ltr'>τῶν</span> <span class='ocrx_word' id='word_1_79' title='bbox 1442 1260 1531 1320; x_wconf 86' lang='grc' dir='ltr'>διατε-</span> 
     </span>
     <span class='ocr_line' id='line_1_9' title="bbox 242 1381 1531 1463; baseline 0 -21"><span class='ocrx_word' id='word_1_80' title='bbox 242 1383 386 1460; x_wconf 83' lang='grc' dir='ltr'>ταγμένων</span> <span class='ocrx_word' id='word_1_81' title='bbox 407 1383 496 1442; x_wconf 75' lang='grc' dir='ltr'>τύπων</span> <span class='ocrx_word' id='word_1_82' title='bbox 518 1386 564 1442; x_wconf 91' lang='grc' dir='ltr'>τοῦ</span> <span class='ocrx_word' id='word_1_83' title='bbox 591 1382 780 1463; x_wconf 85' lang='grc' dir='ltr'>μοναστηρίου,</span> <span class='ocrx_word' id='word_1_84' title='bbox 808 1383 864 1444; x_wconf 88' lang='grc' dir='ltr'>δεῖν</span> <span class='ocrx_word' id='word_1_85' title='bbox 893 1383 1017 1461; x_wconf 82' lang='grc' dir='ltr'>ἔγνωμεν</span> <span class='ocrx_word' id='word_1_86' title='bbox 1043 1381 1115 1442; x_wconf 81' lang='grc' dir='ltr'>κατὰ</span> <span class='ocrx_word' id='word_1_87' title='bbox 1140 1383 1190 1457; x_wconf 76' lang='grc' dir='ltr'>τήν</span> <span class='ocrx_word' id='word_1_88' title='bbox 1217 1381 1321 1460; x_wconf 82' lang='grc' dir='ltr'>αἴτησιν</span> <span class='ocrx_word' id='word_1_89' title='bbox 1352 1384 1439 1442; x_wconf 85' lang='grc' dir='ltr'>αῦτῶν</span> <span class='ocrx_word' id='word_1_90' title='bbox 1466 1382 1531 1442; x_wconf 77' lang='grc' dir='ltr'>εἰπο-</span> 
     </span>
     <span class='ocr_line' id='line_1_10' title="bbox 244 1500 1533 1584; baseline 0 -21"><span class='ocrx_word' id='word_1_91' title='bbox 244 1501 374 1576; x_wconf 82' lang='grc' dir='ltr'>δέξασθαι</span> <span class='ocrx_word' id='word_1_92' title='bbox 400 1500 448 1562; x_wconf 92' lang='grc' dir='ltr'>καί</span> <span class='ocrx_word' id='word_1_93' title='bbox 469 1502 614 1584; x_wconf 88' lang='grc' dir='ltr'>πληρῶσαι</span> <span class='ocrx_word' id='word_1_94' title='bbox 640 1503 687 1564; x_wconf 90' lang='grc' dir='ltr'>καί</span> <span class='ocrx_word' id='word_1_95' title='bbox 709 1506 787 1584; x_wconf 89' lang='grc' dir='ltr'>όρους</span> <span class='ocrx_word' id='word_1_96' title='bbox 809 1504 883 1577; x_wconf 85' lang='grc' dir='ltr'>τινὰς</span> <span class='ocrx_word' id='word_1_97' title='bbox 905 1504 1056 1566; x_wconf 79' lang='grc' dir='ltr'>ὑποτιθέναι</span> <span class='ocrx_word' id='word_1_98' title='bbox 1080 1505 1179 1584; x_wconf 75' lang='grc' dir='ltr'>αἰοτσῖς,</span> <span class='ocrx_word' id='word_1_99' title='bbox 1203 1504 1249 1576; x_wconf 88' lang='grc' dir='ltr'>οθς</span> <span class='ocrx_word' id='word_1_100' title='bbox 1271 1505 1304 1563; x_wconf 89' lang='grc' dir='ltr'>ἐκ</span> <span class='ocrx_word' id='word_1_101' title='bbox 1325 1502 1446 1564; x_wconf 80' lang='grc' dir='ltr'>παλαιοῦ</span> <span class='ocrx_word' id='word_1_102' title='bbox 1466 1524 1533 1575; x_wconf 87' lang='grc' dir='ltr'>τινος</span> 
     </span>
     <span class='ocr_line' id='line_1_11' title="bbox 243 1619 1536 1705; baseline -0.002 -21"><span class='ocrx_word' id='word_1_103' title='bbox 243 1619 361 1695; x_wconf 83' lang='grc' dir='ltr'>κύδικος</span> <span class='ocrx_word' id='word_1_104' title='bbox 384 1629 433 1702; x_wconf 83' lang='grc' dir='ltr'>τῆς</span> <span class='ocrx_word' id='word_1_105' title='bbox 457 1627 538 1700; x_wconf 84' lang='grc' dir='ltr'>αύτῆς</span> <span class='ocrx_word' id='word_1_106' title='bbox 561 1630 648 1700; x_wconf 80' lang='grc' dir='ltr'>μονῆς</span> <span class='ocrx_word' id='word_1_107' title='bbox 672 1623 867 1704; x_wconf 76' lang='grc' dir='ltr'>ἐξενεχθέντος</span> <span class='ocrx_word' id='word_1_108' title='bbox 889 1625 936 1686; x_wconf 88' lang='grc' dir='ltr'>καί</span> <span class='ocrx_word' id='word_1_109' title='bbox 959 1625 1186 1705; x_wconf 88' lang='grc' dir='ltr'>άντιγραφθέντας</span> <span class='ocrx_word' id='word_1_110' title='bbox 1207 1625 1317 1701; x_wconf 82' lang='grc' dir='ltr'>εἴδομεν</span> <span class='ocrx_word' id='word_1_111' title='bbox 1336 1627 1408 1686; x_wconf 87' lang='grc' dir='ltr'>πάνυ</span> <span class='ocrx_word' id='word_1_112' title='bbox 1427 1625 1536 1700; x_wconf 80' lang='grc' dir='ltr'>σεμνούς</span> 
     </span>
     <span class='ocr_line' id='line_1_12' title="bbox 243 1738 1535 1830; baseline 0 -25"><span class='ocrx_word' id='word_1_113' title='bbox 243 1743 290 1805; x_wconf 91' lang='grc' dir='ltr'>καὶ</span> <span class='ocrx_word' id='word_1_114' title='bbox 319 1745 476 1825; x_wconf 77' lang='grc' dir='ltr'>ὠφελίμους</span> <span class='ocrx_word' id='word_1_115' title='bbox 504 1745 551 1805; x_wconf 87' lang='grc' dir='ltr'>καί</span> <span class='ocrx_word' id='word_1_116' title='bbox 582 1744 707 1820; x_wconf 81' lang='grc' dir='ltr'>εθταξίας</span> <span class='ocrx_word' id='word_1_117' title='bbox 736 1747 913 1828; x_wconf 85' lang='grc' dir='ltr'>παρεκτικούς</span> <span class='ocrx_word' id='word_1_118' title='bbox 942 1754 976 1830; x_wconf 77' lang='grc' dir='ltr'>τῇ</span> <span class='ocrx_word' id='word_1_119' title='bbox 1006 1753 1076 1830; x_wconf 83' lang='grc' dir='ltr'>μονῇ</span> <span class='ocrx_word' id='word_1_120' title='bbox 1106 1749 1203 1830; x_wconf 78' lang='grc' dir='ltr'>ταύτῃ,</span> <span class='ocrx_word' id='word_1_121' title='bbox 1231 1738 1335 1828; x_wconf 83' lang='grc' dir='ltr'>οἷοίπερ</span> <span class='ocrx_word' id='word_1_122' title='bbox 1362 1743 1429 1806; x_wconf 90' lang='grc' dir='ltr'>εἰσὶν</span> <span class='ocrx_word' id='word_1_123' title='bbox 1456 1741 1535 1824; x_wconf 86' lang='grc' dir='ltr'>οῦτοι,</span> 
     </span>
     <span class='ocr_line' id='line_1_13' title="bbox 245 1865 1537 1948; baseline 0 -22"><span class='ocrx_word' id='word_1_124' title='bbox 245 1869 318 1937; x_wconf 79' lang='grc' dir='ltr'>ὅπως</span> <span class='ocrx_word' id='word_1_125' title='bbox 333 1868 348 1926; x_wconf 87' lang='grc' dir='ltr'>ό</span> <span class='ocrx_word' id='word_1_126' title='bbox 363 1869 434 1928; x_wconf 83' lang='grc' dir='ltr'>κατὰ</span> <span class='ocrx_word' id='word_1_127' title='bbox 457 1869 566 1947; x_wconf 79' lang='grc' dir='ltr'>καιρούς</span> <span class='ocrx_word' id='word_1_128' title='bbox 588 1867 649 1940; x_wconf 85' lang='grc' dir='ltr'>τούς</span> <span class='ocrx_word' id='word_1_129' title='bbox 672 1867 770 1941; x_wconf 78' lang='grc' dir='ltr'>οἴακας</span> <span class='ocrx_word' id='word_1_130' title='bbox 791 1874 840 1945; x_wconf 74' lang='grc' dir='ltr'>τῆς</span> <span class='ocrx_word' id='word_1_131' title='bbox 862 1875 949 1946; x_wconf 81' lang='grc' dir='ltr'>μονῆς</span> <span class='ocrx_word' id='word_1_132' title='bbox 973 1870 1045 1948; x_wconf 87' lang='grc' dir='ltr'>ἔχων</span> <span class='ocrx_word' id='word_1_133' title='bbox 1066 1869 1257 1948; x_wconf 82' lang='grc' dir='ltr'>προσκαλήται</span> <span class='ocrx_word' id='word_1_134' title='bbox 1280 1867 1326 1927; x_wconf 82' lang='grc' dir='ltr'>σύν</span> <span class='ocrx_word' id='word_1_135' title='bbox 1348 1865 1387 1946; x_wconf 83' lang='grc' dir='ltr'>τῷ</span> <span class='ocrx_word' id='word_1_136' title='bbox 1408 1865 1537 1947; x_wconf 83' lang='grc' dir='ltr'>οἰκονόμῳ</span> 
     </span>
     <span class='ocr_line' id='line_1_14' title="bbox 244 1989 1536 2072; baseline 0.001 -25"><span class='ocrx_word' id='word_1_137' title='bbox 244 1994 294 2064; x_wconf 80' lang='grc' dir='ltr'>τῆς</span> <span class='ocrx_word' id='word_1_138' title='bbox 321 1993 407 2063; x_wconf 84' lang='grc' dir='ltr'>μονῆς</span> <span class='ocrx_word' id='word_1_139' title='bbox 432 1989 538 2061; x_wconf 81' lang='grc' dir='ltr'>σίλλους</span> <span class='ocrx_word' id='word_1_140' title='bbox 565 1990 666 2050; x_wconf 86' lang='grc' dir='ltr'>ἔνδικα</span> <span class='ocrx_word' id='word_1_141' title='bbox 691 1990 753 2064; x_wconf 82' lang='grc' dir='ltr'>τούς</span> <span class='ocrx_word' id='word_1_142' title='bbox 778 1990 988 2072; x_wconf 78' lang='grc' dir='ltr'>προβεβηκότας</span> <span class='ocrx_word' id='word_1_143' title='bbox 1013 1989 1052 2068; x_wconf 78' lang='grc' dir='ltr'>τῷ</span> <span class='ocrx_word' id='word_1_144' title='bbox 1078 1993 1170 2072; x_wconf 84' lang='grc' dir='ltr'>χρόνῳ</span> <span class='ocrx_word' id='word_1_145' title='bbox 1197 1992 1226 2050; x_wconf 88' lang='grc' dir='ltr'>ἐν</span> <span class='ocrx_word' id='word_1_146' title='bbox 1253 1995 1287 2072; x_wconf 79' lang='grc' dir='ltr'>τῇ</span> <span class='ocrx_word' id='word_1_147' title='bbox 1315 1994 1386 2071; x_wconf 81' lang='grc' dir='ltr'>μονῇ</span> <span class='ocrx_word' id='word_1_148' title='bbox 1413 1989 1459 2050; x_wconf 87' lang='grc' dir='ltr'>καὶ</span> <span class='ocrx_word' id='word_1_149' title='bbox 1482 1990 1536 2065; x_wconf 86' lang='grc' dir='ltr'>μετ’</span> 
     </span>
     <span class='ocr_line' id='line_1_15' title="bbox 245 2109 1537 2194; baseline 0 -24"><span class='ocrx_word' id='word_1_150' title='bbox 245 2111 333 2170; x_wconf 85' lang='grc' dir='ltr'>αθτῶν</span> <span class='ocrx_word' id='word_1_151' title='bbox 362 2117 426 2194; x_wconf 87' lang='grc' dir='ltr'>ποιῇ</span> <span class='ocrx_word' id='word_1_152' title='bbox 456 2115 548 2183; x_wconf 83' lang='grc' dir='ltr'>παίσας</span> <span class='ocrx_word' id='word_1_153' title='bbox 577 2111 627 2184; x_wconf 77' lang='grc' dir='ltr'>τὰς</span> <span class='ocrx_word' id='word_1_154' title='bbox 657 2109 779 2186; x_wconf 82' lang='grc' dir='ltr'>ουνάξεις</span> <span class='ocrx_word' id='word_1_155' title='bbox 808 2111 856 2173; x_wconf 90' lang='grc' dir='ltr'>καὶ</span> <span class='ocrx_word' id='word_1_156' title='bbox 883 2111 1045 2189; x_wconf 84' lang='grc' dir='ltr'>βουλεύηται</span> <span class='ocrx_word' id='word_1_157' title='bbox 1073 2110 1136 2194; x_wconf 90' lang='grc' dir='ltr'>περί</span> <span class='ocrx_word' id='word_1_158' title='bbox 1165 2117 1219 2172; x_wconf 85' lang='grc' dir='ltr'>τῶν</span> <span class='ocrx_word' id='word_1_159' title='bbox 1245 2115 1401 2192; x_wconf 77' lang='grc' dir='ltr'>πρακτέων,</span> <span class='ocrx_word' id='word_1_160' title='bbox 1435 2111 1480 2172; x_wconf 85' lang='grc' dir='ltr'>καί</span> <span class='ocrx_word' id='word_1_161' title='bbox 1507 2113 1537 2170; x_wconf 76' lang='grc' dir='ltr'>τὰ</span> 
     </span>
     <span class='ocr_line' id='line_1_16' title="bbox 245 2217 1538 2316; baseline -0.002 -24"><span class='ocrx_word' id='word_1_162' title='bbox 245 2234 371 2314; x_wconf 86' lang='grc' dir='ltr'>κριθέντα</span> <span class='ocrx_word' id='word_1_163' title='bbox 402 2233 504 2316; x_wconf 83' lang='grc' dir='ltr'>ἔκτελῇ</span> <span class='ocrx_word' id='word_1_164' title='bbox 535 2235 594 2310; x_wconf 88' lang='grc' dir='ltr'>μετ’</span> <span class='ocrx_word' id='word_1_165' title='bbox 618 2235 705 2294; x_wconf 88' lang='grc' dir='ltr'>αθτῶν</span> <span class='ocrx_word' id='word_1_166' title='bbox 732 2234 802 2309; x_wconf 84' lang='grc' dir='ltr'>μετὰ</span> <span class='ocrx_word' id='word_1_167' title='bbox 829 2233 934 2312; x_wconf 80' lang='grc' dir='ltr'>βουλῆς</span> <span class='ocrx_word' id='word_1_168' title='bbox 963 2233 1009 2294; x_wconf 91' lang='grc' dir='ltr'>καί</span> <span class='ocrx_word' id='word_1_169' title='bbox 1037 2217 1179 2306; x_wconf 63' lang='grc' dir='ltr'>συνέσεωςί</span> <span class='ocrx_word' id='word_1_170' title='bbox 1214 2234 1253 2294; x_wconf 89' lang='grc' dir='ltr'>ἔτι</span> <span class='ocrx_word' id='word_1_171' title='bbox 1281 2231 1306 2293; x_wconf 90' lang='grc' dir='ltr'>εί</span> <span class='ocrx_word' id='word_1_172' title='bbox 1328 2233 1380 2308; x_wconf 84' lang='grc' dir='ltr'>μὲν</span> <span class='ocrx_word' id='word_1_173' title='bbox 1404 2231 1435 2307; x_wconf 79' lang='grc' dir='ltr'>ἐξ</span> <span class='ocrx_word' id='word_1_174' title='bbox 1458 2234 1538 2294; x_wconf 78' lang='grc' dir='ltr'>τάντιῦν</span> 
     </span>
     <span class='ocr_line' id='line_1_17' title="bbox 246 2352 1538 2436; baseline -0.002 -22"><span class='ocrx_word' id='word_1_175' title='bbox 246 2360 299 2414; x_wconf 86' lang='grc' dir='ltr'>τῶν</span> <span class='ocrx_word' id='word_1_176' title='bbox 329 2355 544 2436; x_wconf 84' lang='grc' dir='ltr'>προβεβηκότων</span> <span class='ocrx_word' id='word_1_177' title='bbox 573 2360 623 2431; x_wconf 83' lang='grc' dir='ltr'>τής</span> <span class='ocrx_word' id='word_1_178' title='bbox 653 2354 789 2430; x_wconf 83' lang='grc' dir='ltr'>ἐκλεκτῆς</span> <span class='ocrx_word' id='word_1_179' title='bbox 819 2355 895 2436; x_wconf 83' lang='grc' dir='ltr'>ἱεροῖς</span> <span class='ocrx_word' id='word_1_180' title='bbox 926 2352 1062 2428; x_wconf 77' lang='grc' dir='ltr'>συνάξεως</span> <span class='ocrx_word' id='word_1_181' title='bbox 1090 2361 1144 2414; x_wconf 90' lang='grc' dir='ltr'>τῶν</span> <span class='ocrx_word' id='word_1_182' title='bbox 1176 2353 1285 2414; x_wconf 86' lang='grc' dir='ltr'>δώδεκα</span> <span class='ocrx_word' id='word_1_183' title='bbox 1316 2353 1474 2436; x_wconf 77' lang='grc' dir='ltr'>ἐξελεγχθῇ</span> <span class='ocrx_word' id='word_1_184' title='bbox 1503 2376 1538 2425; x_wconf 89' lang='grc' dir='ltr'>τις</span> 
     </span>
     <span class='ocr_line' id='line_1_18' title="bbox 247 2474 1539 2556; baseline -0.003 -20"><span class='ocrx_word' id='word_1_185' title='bbox 247 2477 358 2556; x_wconf 73' lang='grc' dir='ltr'>ἀχρεῖος</span> <span class='ocrx_word' id='word_1_186' title='bbox 391 2474 438 2536; x_wconf 93' lang='grc' dir='ltr'>καὶ</span> <span class='ocrx_word' id='word_1_187' title='bbox 468 2481 520 2534; x_wconf 91' lang='grc' dir='ltr'>τῶν</span> <span class='ocrx_word' id='word_1_188' title='bbox 551 2475 698 2554; x_wconf 78' lang='grc' dir='ltr'>ὠφελίμων</span> <span class='ocrx_word' id='word_1_189' title='bbox 727 2477 871 2556; x_wconf 89' lang='grc' dir='ltr'>πολέμιος,</span> <span class='ocrx_word' id='word_1_190' title='bbox 904 2477 930 2537; x_wconf 90' lang='grc' dir='ltr'>σί</span> <span class='ocrx_word' id='word_1_191' title='bbox 961 2477 1030 2536; x_wconf 83' lang='grc' dir='ltr'>δέκα</span> <span class='ocrx_word' id='word_1_192' title='bbox 1063 2475 1108 2534; x_wconf 82' lang='grc' dir='ltr'>σύν</span> <span class='ocrx_word' id='word_1_193' title='bbox 1142 2475 1181 2554; x_wconf 81' lang='grc' dir='ltr'>τῷ</span> <span class='ocrx_word' id='word_1_194' title='bbox 1214 2477 1415 2556; x_wconf 86' lang='grc' dir='ltr'>καθηγουμένῳ</span> <span class='ocrx_word' id='word_1_195' title='bbox 1446 2477 1539 2554; x_wconf 84' lang='grc' dir='ltr'>ἔχωσιν</span> 
     </span>
     <span class='ocr_line' id='line_1_19' title="bbox 247 2596 1540 2678; baseline -0.001 -22"><span class='ocrx_word' id='word_1_196' title='bbox 247 2596 342 2656; x_wconf 84' lang='grc' dir='ltr'>ἄδειαν</span> <span class='ocrx_word' id='word_1_197' title='bbox 370 2598 497 2676; x_wconf 86' lang='grc' dir='ltr'>ἐκλέγειν</span> <span class='ocrx_word' id='word_1_198' title='bbox 525 2599 616 2678; x_wconf 85' lang='grc' dir='ltr'>ἔτερον</span> <span class='ocrx_word' id='word_1_199' title='bbox 643 2597 689 2659; x_wconf 92' lang='grc' dir='ltr'>καί</span> <span class='ocrx_word' id='word_1_200' title='bbox 713 2597 753 2672; x_wconf 90' lang='grc' dir='ltr'>εἰς</span> <span class='ocrx_word' id='word_1_201' title='bbox 774 2601 820 2659; x_wconf 79' lang='grc' dir='ltr'>τόν</span> <span class='ocrx_word' id='word_1_202' title='bbox 843 2599 946 2659; x_wconf 88' lang='grc' dir='ltr'>ἐκείνου</span> <span class='ocrx_word' id='word_1_203' title='bbox 968 2600 1048 2658; x_wconf 86' lang='grc' dir='ltr'>τόπον</span> <span class='ocrx_word' id='word_1_204' title='bbox 1072 2599 1264 2676; x_wconf 81' lang='grc' dir='ltr'>ἀποκαθιστᾶν,</span> <span class='ocrx_word' id='word_1_205' title='bbox 1288 2598 1377 2656; x_wconf 88' lang='grc' dir='ltr'>όντινα</span> <span class='ocrx_word' id='word_1_206' title='bbox 1402 2597 1540 2671; x_wconf 84' lang='grc' dir='ltr'>βούλονται</span> 
     </span>
     <span class='ocr_line' id='line_1_20' title="bbox 247 2717 1540 2800; baseline -0.002 -22"><span class='ocrx_word' id='word_1_207' title='bbox 247 2720 265 2794; x_wconf 86' lang='grc' dir='ltr'>ή</span> <span class='ocrx_word' id='word_1_208' title='bbox 289 2718 472 2797; x_wconf 88' lang='grc' dir='ltr'>ίερομόναχον</span> <span class='ocrx_word' id='word_1_209' title='bbox 495 2721 558 2781; x_wconf 88' lang='grc' dir='ltr'>όντα</span> <span class='ocrx_word' id='word_1_210' title='bbox 581 2723 598 2796; x_wconf 83' lang='grc' dir='ltr'>ή</span> <span class='ocrx_word' id='word_1_211' title='bbox 621 2719 729 2798; x_wconf 83' lang='grc' dir='ltr'>ἰδιώτην</span> <span class='ocrx_word' id='word_1_212' title='bbox 752 2721 860 2800; x_wconf 79' lang='grc' dir='ltr'>ἁπλῶς,</span> <span class='ocrx_word' id='word_1_213' title='bbox 883 2718 929 2780; x_wconf 86' lang='grc' dir='ltr'>καί</span> <span class='ocrx_word' id='word_1_214' title='bbox 953 2721 1022 2780; x_wconf 90' lang='grc' dir='ltr'>ούτω</span> <span class='ocrx_word' id='word_1_215' title='bbox 1048 2723 1135 2780; x_wconf 81' lang='grc' dir='ltr'>ποιεῖν</span> <span class='ocrx_word' id='word_1_216' title='bbox 1162 2718 1208 2780; x_wconf 91' lang='grc' dir='ltr'>καί</span> <span class='ocrx_word' id='word_1_217' title='bbox 1230 2723 1355 2800; x_wconf 88' lang='grc' dir='ltr'>πράττειν</span> <span class='ocrx_word' id='word_1_218' title='bbox 1379 2719 1473 2792; x_wconf 77' lang='grc' dir='ltr'>αὐτούς</span> <span class='ocrx_word' id='word_1_219' title='bbox 1499 2717 1540 2778; x_wconf 85' lang='grc' dir='ltr'>καί</span> 
     </span>
     <span class='ocr_line' id='line_1_21' title="bbox 248 2835 1539 2921; baseline -0.002 -20"><span class='ocrx_word' id='word_1_220' title='bbox 248 2841 396 2921; x_wconf 89' lang='grc' dir='ltr'>διενεργεῖν</span> <span class='ocrx_word' id='word_1_221' title='bbox 422 2841 469 2903; x_wconf 90' lang='grc' dir='ltr'>καί</span> <span class='ocrx_word' id='word_1_222' title='bbox 496 2841 648 2919; x_wconf 83' lang='grc' dir='ltr'>οἰκονομεῖν</span> <span class='ocrx_word' id='word_1_223' title='bbox 675 2845 780 2904; x_wconf 79' lang='grc' dir='ltr'>ἅπαντα</span> <span class='ocrx_word' id='word_1_224' title='bbox 802 2839 836 2904; x_wconf 84' lang='grc' dir='ltr'>τὰ</span> <span class='ocrx_word' id='word_1_225' title='bbox 858 2849 907 2919; x_wconf 86' lang='grc' dir='ltr'>τής</span> <span class='ocrx_word' id='word_1_226' title='bbox 930 2848 1016 2920; x_wconf 79' lang='grc' dir='ltr'>μονῆς</span> <span class='ocrx_word' id='word_1_227' title='bbox 1038 2848 1184 2920; x_wconf 87' lang='grc' dir='ltr'>νουνεχῶς.</span> <span class='ocrx_word' id='word_1_228' title='bbox 1219 2841 1355 2920; x_wconf 88' lang='grc' dir='ltr'>όφείλουσι</span> <span class='ocrx_word' id='word_1_229' title='bbox 1379 2842 1404 2902; x_wconf 89' lang='grc' dir='ltr'>δ’</span> <span class='ocrx_word' id='word_1_230' title='bbox 1429 2835 1498 2902; x_wconf 87' lang='grc' dir='ltr'>ούτοι</span> <span class='ocrx_word' id='word_1_231' title='bbox 1519 2839 1539 2899; x_wconf 89' lang='grc' dir='ltr'>οἰ</span> 
     </span>
     <span class='ocr_line' id='line_1_22' title="bbox 248 2961 1538 3046; baseline -0.005 -20"><span class='ocrx_word' id='word_1_232' title='bbox 248 2963 360 3026; x_wconf 85' lang='grc' dir='ltr'>δώδεκα</span> <span class='ocrx_word' id='word_1_233' title='bbox 381 2970 487 3046; x_wconf 90' lang='grc' dir='ltr'>πρῶτον</span> <span class='ocrx_word' id='word_1_234' title='bbox 510 2966 561 3040; x_wconf 84' lang='grc' dir='ltr'>μὲν</span> <span class='ocrx_word' id='word_1_235' title='bbox 583 2967 614 3026; x_wconf 86' lang='grc' dir='ltr'>τδ</span> <span class='ocrx_word' id='word_1_236' title='bbox 637 2966 801 3044; x_wconf 72' lang='grc' dir='ltr'>εὐαγγέλιον</span> <span class='ocrx_word' id='word_1_237' title='bbox 823 2969 842 3040; x_wconf 85' lang='grc' dir='ltr'>ή</span> <span class='ocrx_word' id='word_1_238' title='bbox 865 2967 913 3041; x_wconf 77' lang='grc' dir='ltr'>τήν</span> <span class='ocrx_word' id='word_1_239' title='bbox 937 2963 1029 3026; x_wconf 84' lang='grc' dir='ltr'>εἰκόνα</span> <span class='ocrx_word' id='word_1_240' title='bbox 1051 2968 1097 3024; x_wconf 92' lang='grc' dir='ltr'>τοῦ</span> <span class='ocrx_word' id='word_1_241' title='bbox 1120 2964 1235 3044; x_wconf 77' lang='grc' dir='ltr'>Χριστοῦ</span> <span class='ocrx_word' id='word_1_242' title='bbox 1258 2963 1288 3022; x_wconf 90' lang='grc' dir='ltr'>ἐν</span> <span class='ocrx_word' id='word_1_243' title='bbox 1312 2961 1352 3022; x_wconf 87' lang='grc' dir='ltr'>ἑνὶ</span> <span class='ocrx_word' id='word_1_244' title='bbox 1374 2965 1451 3041; x_wconf 84' lang='grc' dir='ltr'>τόπῳ</span> <span class='ocrx_word' id='word_1_245' title='bbox 1473 2963 1538 3021; x_wconf 85' lang='grc' dir='ltr'>τιθέ-</span> 
     </span>
     <span class='ocr_line' id='line_1_23' title="bbox 247 3079 1539 3167; baseline -0.004 -23"><span class='ocrx_word' id='word_1_246' title='bbox 247 3105 301 3166; x_wconf 89' lang='grc' dir='ltr'>ναι,</span> <span class='ocrx_word' id='word_1_247' title='bbox 323 3088 369 3146; x_wconf 85' lang='grc' dir='ltr'>τδν</span> <span class='ocrx_word' id='word_1_248' title='bbox 392 3089 472 3147; x_wconf 86' lang='grc' dir='ltr'>τόπον</span> <span class='ocrx_word' id='word_1_249' title='bbox 496 3085 623 3164; x_wconf 88' lang='grc' dir='ltr'>δηλονότι</span> <span class='ocrx_word' id='word_1_250' title='bbox 646 3089 726 3148; x_wconf 86' lang='grc' dir='ltr'>αύτοῦ</span> <span class='ocrx_word' id='word_1_251' title='bbox 748 3094 794 3148; x_wconf 91' lang='grc' dir='ltr'>τοῦ</span> <span class='ocrx_word' id='word_1_252' title='bbox 810 3089 924 3167; x_wconf 85' lang='grc' dir='ltr'>Χριστοῦ</span> <span class='ocrx_word' id='word_1_253' title='bbox 948 3085 1167 3166; x_wconf 88' lang='grc' dir='ltr'>οἰναπληροῦσαν,</span> <span class='ocrx_word' id='word_1_254' title='bbox 1191 3079 1250 3144; x_wconf 83' lang='grc' dir='ltr'>εἶτα</span> <span class='ocrx_word' id='word_1_255' title='bbox 1274 3083 1478 3162; x_wconf 84' lang='grc' dir='ltr'>άνακλῖνεσθαι,</span> <span class='ocrx_word' id='word_1_256' title='bbox 1500 3083 1539 3141; x_wconf 77' lang='grc' dir='ltr'>σύν</span> 
     </span>
     <span class='ocr_line' id='line_1_24' title="bbox 250 3202 1571 3288; baseline 0.002 -23"><span class='ocrx_word' id='word_1_257' title='bbox 250 3208 339 3278; x_wconf 88' lang='grc' dir='ltr'>αύτοῖς</span> <span class='ocrx_word' id='word_1_258' title='bbox 362 3207 392 3268; x_wconf 88' lang='grc' dir='ltr'>δὲ</span> <span class='ocrx_word' id='word_1_259' title='bbox 416 3206 462 3268; x_wconf 90' lang='grc' dir='ltr'>καί</span> <span class='ocrx_word' id='word_1_260' title='bbox 485 3209 500 3266; x_wconf 89' lang='grc' dir='ltr'>ό</span> <span class='ocrx_word' id='word_1_261' title='bbox 522 3209 593 3268; x_wconf 84' lang='grc' dir='ltr'>κατὰ</span> <span class='ocrx_word' id='word_1_262' title='bbox 614 3211 708 3287; x_wconf 84' lang='grc' dir='ltr'>καιρόν</span> <span class='ocrx_word' id='word_1_263' title='bbox 731 3207 888 3288; x_wconf 89' lang='grc' dir='ltr'>οἰκονόμος,</span> <span class='ocrx_word' id='word_1_264' title='bbox 918 3206 971 3266; x_wconf 89' lang='grc' dir='ltr'>εἰτε</span> <span class='ocrx_word' id='word_1_265' title='bbox 996 3207 1071 3278; x_wconf 82' lang='grc' dir='ltr'>ἐντός</span> <span class='ocrx_word' id='word_1_266' title='bbox 1092 3213 1145 3265; x_wconf 89' lang='grc' dir='ltr'>τῶν</span> <span class='ocrx_word' id='word_1_267' title='bbox 1169 3202 1279 3266; x_wconf 83' lang='grc' dir='ltr'>δώδεκα</span> <span class='ocrx_word' id='word_1_268' title='bbox 1302 3204 1345 3280; x_wconf 88' lang='grc' dir='ltr'>εἴη</span> <span class='ocrx_word' id='word_1_269' title='bbox 1374 3204 1431 3265; x_wconf 82' lang='grc' dir='ltr'>εἴτε</span> <span class='ocrx_word' id='word_1_270' title='bbox 1454 3203 1538 3277; x_wconf 81' lang='grc' dir='ltr'>ἐκτός,</span> <span class='ocrx_word' id='word_1_271' title='bbox 1570 3265 1571 3268; x_wconf 74' lang='grc'>,</span> 
     </span>
     <span class='ocr_line' id='line_1_25' title="bbox 249 3323 1539 3409; baseline -0.003 -21"><span class='ocrx_word' id='word_1_272' title='bbox 249 3325 297 3388; x_wconf 91' lang='grc' dir='ltr'>καί</span> <span class='ocrx_word' id='word_1_273' title='bbox 319 3329 348 3388; x_wconf 84' lang='grc' dir='ltr'>ἐν</span> <span class='ocrx_word' id='word_1_274' title='bbox 370 3334 434 3389; x_wconf 86' lang='grc' dir='ltr'>τοῖσι</span> <span class='ocrx_word' id='word_1_275' title='bbox 456 3333 512 3400; x_wconf 90' lang='grc' dir='ltr'>τοῖς</span> <span class='ocrx_word' id='word_1_276' title='bbox 535 3329 625 3408; x_wconf 89' lang='grc' dir='ltr'>ἔργοις</span> <span class='ocrx_word' id='word_1_277' title='bbox 647 3333 704 3402; x_wconf 90' lang='grc' dir='ltr'>τοῖς</span> <span class='ocrx_word' id='word_1_278' title='bbox 725 3331 827 3401; x_wconf 86' lang='grc' dir='ltr'>κοινοῖς</span> <span class='ocrx_word' id='word_1_279' title='bbox 848 3333 895 3390; x_wconf 89' lang='grc' dir='ltr'>τοῦ</span> <span class='ocrx_word' id='word_1_280' title='bbox 918 3327 1097 3409; x_wconf 86' lang='grc' dir='ltr'>μοναστηρίου</span> <span class='ocrx_word' id='word_1_281' title='bbox 1123 3325 1170 3388; x_wconf 87' lang='grc' dir='ltr'>καί</span> <span class='ocrx_word' id='word_1_282' title='bbox 1194 3327 1223 3386; x_wconf 88' lang='grc' dir='ltr'>ἐν</span> <span class='ocrx_word' id='word_1_283' title='bbox 1244 3332 1310 3388; x_wconf 82' lang='grc' dir='ltr'>πᾶσι</span> <span class='ocrx_word' id='word_1_284' title='bbox 1338 3329 1396 3396; x_wconf 88' lang='grc' dir='ltr'>τοῖς</span> <span class='ocrx_word' id='word_1_285' title='bbox 1419 3323 1539 3406; x_wconf 83' lang='grc' dir='ltr'>όφφικίοις</span> 
     </span>
     <span class='ocr_line' id='line_1_26' title="bbox 251 3446 1539 3532; baseline -0.005 -22"><span class='ocrx_word' id='word_1_286' title='bbox 251 3449 357 3528; x_wconf 81' lang='grc' dir='ltr'>ἀνάγκη</span> <span class='ocrx_word' id='word_1_287' title='bbox 380 3457 453 3510; x_wconf 86' lang='grc' dir='ltr'>παῖσα</span> <span class='ocrx_word' id='word_1_288' title='bbox 472 3453 561 3532; x_wconf 87' lang='grc' dir='ltr'>φέρειν</span> <span class='ocrx_word' id='word_1_289' title='bbox 575 3453 621 3512; x_wconf 83' lang='grc' dir='ltr'>τόν</span> <span class='ocrx_word' id='word_1_290' title='bbox 644 3449 787 3526; x_wconf 83' lang='grc' dir='ltr'>οἰκονόμον</span> <span class='ocrx_word' id='word_1_291' title='bbox 806 3451 868 3523; x_wconf 85' lang='grc' dir='ltr'>τοῦς</span> <span class='ocrx_word' id='word_1_292' title='bbox 890 3449 1010 3529; x_wconf 84' lang='grc' dir='ltr'>κλήρους</span> <span class='ocrx_word' id='word_1_293' title='bbox 1031 3447 1078 3508; x_wconf 92' lang='grc' dir='ltr'>καὶ</span> <span class='ocrx_word' id='word_1_294' title='bbox 1101 3449 1255 3528; x_wconf 89' lang='grc' dir='ltr'>διέρχεσθαι</span> <span class='ocrx_word' id='word_1_295' title='bbox 1276 3450 1397 3524; x_wconf 83' lang='grc' dir='ltr'>πάντας,</span> <span class='ocrx_word' id='word_1_296' title='bbox 1420 3447 1464 3506; x_wconf 85' lang='grc' dir='ltr'>ἵνα</span> <span class='ocrx_word' id='word_1_297' title='bbox 1488 3446 1539 3506; x_wconf 84' lang='grc' dir='ltr'>ἐπι-</span> 
     </span>
     <span class='ocr_line' id='line_1_27' title="bbox 251 3567 1571 3652; baseline -0.004 -22"><span class='ocrx_word' id='word_1_298' title='bbox 251 3571 359 3646; x_wconf 89' lang='grc' dir='ltr'>βάλωσι</span> <span class='ocrx_word' id='word_1_299' title='bbox 384 3572 496 3652; x_wconf 91' lang='grc' dir='ltr'>τούτοις,</span> <span class='ocrx_word' id='word_1_300' title='bbox 527 3573 591 3632; x_wconf 87' lang='grc' dir='ltr'>όταν</span> <span class='ocrx_word' id='word_1_301' title='bbox 614 3571 646 3632; x_wconf 89' lang='grc' dir='ltr'>δέ</span> <span class='ocrx_word' id='word_1_302' title='bbox 669 3576 768 3645; x_wconf 84' lang='grc' dir='ltr'>πάντες</span> <span class='ocrx_word' id='word_1_303' title='bbox 789 3573 905 3651; x_wconf 82' lang='grc' dir='ltr'>τιθῶσιν,</span> <span class='ocrx_word' id='word_1_304' title='bbox 933 3571 1111 3650; x_wconf 84' lang='grc' dir='ltr'>ἀριθμεῖσθαι,</span> <span class='ocrx_word' id='word_1_305' title='bbox 1138 3567 1185 3629; x_wconf 91' lang='grc' dir='ltr'>καὶ</span> <span class='ocrx_word' id='word_1_306' title='bbox 1207 3571 1268 3629; x_wconf 85' lang='grc' dir='ltr'>τότε</span> <span class='ocrx_word' id='word_1_307' title='bbox 1290 3575 1344 3628; x_wconf 91' lang='grc' dir='ltr'>τῶν</span> <span class='ocrx_word' id='word_1_308' title='bbox 1373 3569 1539 3638; x_wconf 83' lang='grc' dir='ltr'>πλειόνωνή</span> <span class='ocrx_word' id='word_1_309' title='bbox 1570 3591 1571 3638; x_wconf 77' lang='lat'><em>3</em></span> 
     </span>
     <span class='ocr_line' id='line_1_28' title="bbox 251 3685 1571 3774; baseline -0.005 -22"><span class='ocrx_word' id='word_1_310' title='bbox 251 3697 341 3772; x_wconf 85' lang='grc' dir='ltr'>ψῆφος</span> <span class='ocrx_word' id='word_1_311' title='bbox 366 3695 396 3752; x_wconf 85' lang='grc' dir='ltr'>τό</span> <span class='ocrx_word' id='word_1_312' title='bbox 422 3697 504 3774; x_wconf 91' lang='grc' dir='ltr'>κῦρος</span> <span class='ocrx_word' id='word_1_313' title='bbox 527 3695 624 3771; x_wconf 83' lang='grc' dir='ltr'>ἐχέτω.</span> <span class='ocrx_word' id='word_1_314' title='bbox 656 3696 730 3766; x_wconf 87' lang='grc' dir='ltr'>όστις</span> <span class='ocrx_word' id='word_1_315' title='bbox 757 3694 789 3754; x_wconf 85' lang='grc' dir='ltr'>δὲ</span> <span class='ocrx_word' id='word_1_316' title='bbox 816 3692 846 3766; x_wconf 81' lang='grc' dir='ltr'>ἐξ</span> <span class='ocrx_word' id='word_1_317' title='bbox 869 3695 955 3754; x_wconf 83' lang='grc' dir='ltr'>αύτῶν</span> <span class='ocrx_word' id='word_1_318' title='bbox 978 3697 1032 3752; x_wconf 87' lang='grc' dir='ltr'>τῶν</span> <span class='ocrx_word' id='word_1_319' title='bbox 1055 3690 1165 3752; x_wconf 88' lang='grc' dir='ltr'>διύδεκα</span> <span class='ocrx_word' id='word_1_320' title='bbox 1189 3690 1234 3751; x_wconf 81' lang='grc' dir='ltr'>διὰ</span> <span class='ocrx_word' id='word_1_321' title='bbox 1255 3685 1404 3770; x_wconf 85' lang='grc' dir='ltr'>φιλαρχίαν</span> <span class='ocrx_word' id='word_1_322' title='bbox 1428 3694 1447 3765; x_wconf 80' lang='grc' dir='ltr'>ἢ</span> <span class='ocrx_word' id='word_1_323' title='bbox 1470 3687 1539 3768; x_wconf 89' lang='grc' dir='ltr'>φιλο-</span> <span class='ocrx_word' id='word_1_324' title='bbox 1570 3717 1571 3760; x_wconf 71' lang='lat'><em>3</em></span> 
     </span>
     <span class='ocr_line' id='line_1_29' title="bbox 249 3787 1571 3896; baseline -0.005 -22"><span class='ocrx_word' id='word_1_325' title='bbox 249 3817 341 3891; x_wconf 87' lang='grc' dir='ltr'>,τιμίαν</span> <span class='ocrx_word' id='word_1_326' title='bbox 369 3817 444 3891; x_wconf 81' lang='grc' dir='ltr'>ζητεῖ</span> <span class='ocrx_word' id='word_1_327' title='bbox 469 3815 541 3876; x_wconf 79' lang='grc' dir='ltr'>κατὰ</span> <span class='ocrx_word' id='word_1_328' title='bbox 566 3821 657 3877; x_wconf 81' lang='grc' dir='ltr'>πᾶσαν</span> <span class='ocrx_word' id='word_1_329' title='bbox 684 3817 807 3896; x_wconf 82' lang='grc' dir='ltr'>ἀνάγκην</span> <span class='ocrx_word' id='word_1_330' title='bbox 833 3816 994 3896; x_wconf 88' lang='grc' dir='ltr'>πορεύεσθαι</span> <span class='ocrx_word' id='word_1_331' title='bbox 1019 3813 1058 3892; x_wconf 83' lang='grc' dir='ltr'>τῷ</span> <span class='ocrx_word' id='word_1_332' title='bbox 1084 3813 1221 3888; x_wconf 82' lang='grc' dir='ltr'>θελήματι</span> <span class='ocrx_word' id='word_1_333' title='bbox 1250 3817 1301 3889; x_wconf 76' lang='grc' dir='ltr'>τῆς</span> <span class='ocrx_word' id='word_1_334' title='bbox 1326 3811 1446 3891; x_wconf 88' lang='grc' dir='ltr'>καρδίας</span> <span class='ocrx_word' id='word_1_335' title='bbox 1473 3811 1540 3869; x_wconf 72' lang='grc' dir='ltr'>αὐτοῦ</span> <span class='ocrx_word' id='word_1_336' title='bbox 1570 3787 1571 3818; x_wconf 56' lang='lat'>³</span> 
     </span>
     <span class='ocr_line' id='line_1_30' title="bbox 252 3915 1571 4019; baseline -0.006 -21"><span class='ocrx_word' id='word_1_337' title='bbox 252 3936 298 3998; x_wconf 90' lang='grc' dir='ltr'>καὶ</span> <span class='ocrx_word' id='word_1_338' title='bbox 324 3939 411 3997; x_wconf 88' lang='grc' dir='ltr'>ποιεῖν</span> <span class='ocrx_word' id='word_1_339' title='bbox 438 3939 502 3998; x_wconf 83' lang='grc' dir='ltr'>αύτδ</span> <span class='ocrx_word' id='word_1_340' title='bbox 523 3946 667 4019; x_wconf 85' lang='grc' dir='ltr'>προφανῶς</span> <span class='ocrx_word' id='word_1_341' title='bbox 689 3942 707 4014; x_wconf 81' lang='grc' dir='ltr'>ἢ</span> <span class='ocrx_word' id='word_1_342' title='bbox 729 3937 776 4000; x_wconf 89' lang='grc' dir='ltr'>καί</span> <span class='ocrx_word' id='word_1_343' title='bbox 798 3937 913 4018; x_wconf 90' lang='grc' dir='ltr'>κρυφίως</span> <span class='ocrx_word' id='word_1_344' title='bbox 935 3937 1107 4017; x_wconf 87' lang='grc' dir='ltr'>παροτρύνων</span> <span class='ocrx_word' id='word_1_345' title='bbox 1131 3934 1227 4005; x_wconf 82' lang='grc' dir='ltr'>αύτούς</span> <span class='ocrx_word' id='word_1_346' title='bbox 1249 3931 1289 4006; x_wconf 89' lang='grc' dir='ltr'>εἰς</span> <span class='ocrx_word' id='word_1_347' title='bbox 1311 3933 1342 3992; x_wconf 86' lang='grc' dir='ltr'>ιδ</span> <span class='ocrx_word' id='word_1_348' title='bbox 1365 3934 1469 3993; x_wconf 86' lang='grc' dir='ltr'>τιθέναι</span> <span class='ocrx_word' id='word_1_349' title='bbox 1490 3929 1541 3998; x_wconf 75' lang='grc' dir='ltr'>τούς</span> <span class='ocrx_word' id='word_1_350' title='bbox 1570 3915 1571 3926; x_wconf 35' lang='lat'>¹</span> 
     </span>
     <span class='ocr_line' id='line_1_31' title="bbox 203 4054 1541 4141; baseline -0.005 -22"><span class='ocrx_word' id='word_1_351' title='bbox 203 4127 205 4134; x_wconf 38' lang='lat'>‚</span> <span class='ocrx_word' id='word_1_352' title='bbox 253 4061 387 4141; x_wconf 84' lang='grc' dir='ltr'>κλήρους,</span> <span class='ocrx_word' id='word_1_353' title='bbox 421 4062 487 4120; x_wconf 89' lang='grc' dir='ltr'>όπου</span> <span class='ocrx_word' id='word_1_354' title='bbox 511 4061 650 4139; x_wconf 89' lang='grc' dir='ltr'>βούλεται,</span> <span class='ocrx_word' id='word_1_355' title='bbox 677 4065 695 4134; x_wconf 81' lang='grc' dir='ltr'>ή</span> <span class='ocrx_word' id='word_1_356' title='bbox 719 4061 754 4120; x_wconf 89' lang='grc' dir='ltr'>δι’</span> <span class='ocrx_word' id='word_1_357' title='bbox 778 4061 856 4120; x_wconf 83' lang='grc' dir='ltr'>αύτοῦ</span> <span class='ocrx_word' id='word_1_358' title='bbox 878 4063 897 4134; x_wconf 89' lang='grc' dir='ltr'>ή</span> <span class='ocrx_word' id='word_1_359' title='bbox 919 4058 966 4119; x_wconf 88' lang='grc' dir='ltr'>καί</span> <span class='ocrx_word' id='word_1_360' title='bbox 989 4057 1024 4118; x_wconf 86' lang='grc' dir='ltr'>δι’</span> <span class='ocrx_word' id='word_1_361' title='bbox 1049 4057 1138 4117; x_wconf 88' lang='grc' dir='ltr'>άλλου</span> <span class='ocrx_word' id='word_1_362' title='bbox 1161 4057 1200 4128; x_wconf 83' lang='grc' dir='ltr'>ὡς</span> <span class='ocrx_word' id='word_1_363' title='bbox 1226 4054 1342 4134; x_wconf 87' lang='grc' dir='ltr'>όργάνσυ</span> <span class='ocrx_word' id='word_1_364' title='bbox 1363 4058 1439 4134; x_wconf 83' lang='grc' dir='ltr'>ποιεῖ</span> <span class='ocrx_word' id='word_1_365' title='bbox 1464 4057 1541 4112; x_wconf 88' lang='grc' dir='ltr'>τοῦτο.</span> 
     </span>
     <span class='ocr_line' id='line_1_32' title="bbox 254 4170 1541 4261; baseline -0.005 -22"><span class='ocrx_word' id='word_1_366' title='bbox 254 4181 343 4258; x_wconf 85' lang='grc' dir='ltr'>ἐχέτω</span> <span class='ocrx_word' id='word_1_367' title='bbox 368 4181 418 4253; x_wconf 82' lang='grc' dir='ltr'>τός</span> <span class='ocrx_word' id='word_1_368' title='bbox 446 4181 513 4261; x_wconf 79' lang='grc' dir='ltr'>ἀρὰς</span> <span class='ocrx_word' id='word_1_369' title='bbox 540 4187 593 4241; x_wconf 87' lang='grc' dir='ltr'>τῶν</span> <span class='ocrx_word' id='word_1_370' title='bbox 616 4183 775 4260; x_wconf 89' lang='grc' dir='ltr'>τριακοσίων</span> <span class='ocrx_word' id='word_1_371' title='bbox 799 4181 866 4240; x_wconf 87' lang='grc' dir='ltr'>δέκα</span> <span class='ocrx_word' id='word_1_372' title='bbox 890 4178 936 4240; x_wconf 92' lang='grc' dir='ltr'>καί</span> <span class='ocrx_word' id='word_1_373' title='bbox 959 4179 1031 4239; x_wconf 86' lang='grc' dir='ltr'>δκτίυ</span> <span class='ocrx_word' id='word_1_374' title='bbox 1053 4179 1191 4258; x_wconf 89' lang='grc' dir='ltr'>θεοφόρων</span> <span class='ocrx_word' id='word_1_375' title='bbox 1212 4177 1338 4255; x_wconf 85' lang='grc' dir='ltr'>πατέρων</span> <span class='ocrx_word' id='word_1_376' title='bbox 1361 4174 1410 4234; x_wconf 86' lang='grc' dir='ltr'>καί</span> <span class='ocrx_word' id='word_1_377' title='bbox 1432 4177 1451 4249; x_wconf 85' lang='grc' dir='ltr'>ή</span> <span class='ocrx_word' id='word_1_378' title='bbox 1475 4170 1541 4252; x_wconf 64' lang='grc' dir='ltr'>μερίς</span> 
     </span>
     <span class='ocr_line' id='line_1_33' title="bbox 246 4297 1540 4384; baseline -0.006 -22"><span class='ocrx_word' id='word_1_379' title='bbox 246 4304 333 4362; x_wconf 82' lang='grc' dir='ltr'>ἀὺτοῦ</span> <span class='ocrx_word' id='word_1_380' title='bbox 361 4302 431 4377; x_wconf 81' lang='grc' dir='ltr'>μετὰ</span> <span class='ocrx_word' id='word_1_381' title='bbox 459 4308 505 4364; x_wconf 89' lang='grc' dir='ltr'>τοῦ</span> <span class='ocrx_word' id='word_1_382' title='bbox 528 4305 629 4384; x_wconf 85' lang='grc' dir='ltr'>Ἰούδα,</span> <span class='ocrx_word' id='word_1_383' title='bbox 660 4305 699 4376; x_wconf 85' lang='grc' dir='ltr'>ύς</span> <span class='ocrx_word' id='word_1_384' title='bbox 728 4305 894 4384; x_wconf 84' lang='grc' dir='ltr'>φθείροντος,</span> <span class='ocrx_word' id='word_1_385' title='bbox 923 4303 961 4374; x_wconf 85' lang='grc' dir='ltr'>ὡς</span> <span class='ocrx_word' id='word_1_386' title='bbox 984 4301 1087 4372; x_wconf 85' lang='grc' dir='ltr'>ἐκεῖνος</span> <span class='ocrx_word' id='word_1_387' title='bbox 1112 4301 1160 4359; x_wconf 81' lang='grc' dir='ltr'>τόν</span> <span class='ocrx_word' id='word_1_388' title='bbox 1186 4299 1270 4378; x_wconf 80' lang='grc' dir='ltr'>χορόν</span> <span class='ocrx_word' id='word_1_389' title='bbox 1297 4303 1352 4357; x_wconf 90' lang='grc' dir='ltr'>τῶν</span> <span class='ocrx_word' id='word_1_390' title='bbox 1380 4297 1540 4358; x_wconf 82' lang='grc' dir='ltr'>ἀποστόλων.</span> 
     </span>
     <span class='ocr_line' id='line_1_34' title="bbox 254 4411 1541 4501; baseline -0.008 -18"><span class='ocrx_word' id='word_1_391' title='bbox 254 4425 299 4483; x_wconf 83' lang='grc' dir='ltr'>τόν</span> <span class='ocrx_word' id='word_1_392' title='bbox 321 4425 452 4498; x_wconf 88' lang='grc' dir='ltr'>ήδύτατον</span> <span class='ocrx_word' id='word_1_393' title='bbox 474 4429 566 4486; x_wconf 89' lang='grc' dir='ltr'>τοῦτον</span> <span class='ocrx_word' id='word_1_394' title='bbox 594 4427 715 4487; x_wconf 88' lang='grc' dir='ltr'>δίαυλον.</span> <span class='ocrx_word' id='word_1_395' title='bbox 747 4425 867 4485; x_wconf 85' lang='grc' dir='ltr'>ἔστωσαν</span> <span class='ocrx_word' id='word_1_396' title='bbox 895 4424 926 4484; x_wconf 83' lang='grc' dir='ltr'>δὲ</span> <span class='ocrx_word' id='word_1_397' title='bbox 948 4423 1069 4484; x_wconf 81' lang='grc' dir='ltr'>ὑπόδικοι</span> <span class='ocrx_word' id='word_1_398' title='bbox 1095 4428 1148 4483; x_wconf 91' lang='grc' dir='ltr'>τῶν</span> <span class='ocrx_word' id='word_1_399' title='bbox 1177 4421 1264 4482; x_wconf 85' lang='grc' dir='ltr'>αύτῶν</span> <span class='ocrx_word' id='word_1_400' title='bbox 1287 4420 1362 4501; x_wconf 88' lang='grc' dir='ltr'>ἀρῶν</span> <span class='ocrx_word' id='word_1_401' title='bbox 1390 4417 1439 4481; x_wconf 90' lang='grc' dir='ltr'>καί</span> <span class='ocrx_word' id='word_1_402' title='bbox 1461 4417 1486 4479; x_wconf 89' lang='grc' dir='ltr'>οἰ</span> <span class='ocrx_word' id='word_1_403' title='bbox 1506 4411 1541 4474; x_wconf 74' lang='grc' dir='ltr'>διὰ</span> 
     </span>
    </p>
   </div>
   <div class='ocr_carea' id='block_1_3' title="bbox 254 4539 1539 4626">
    <p class='ocr_par' dir='ltr' id='par_1_3' title="bbox 254 4531 1571 4632">
     <span class='ocr_line' id='line_1_35' title="bbox 254 4539 1539 4626; baseline -0.006 -22"><span class='ocrx_word' id='word_1_404' title='bbox 254 4544 350 4622; x_wconf 84' lang='grc' dir='ltr'>φθόνον</span> <span class='ocrx_word' id='word_1_405' title='bbox 373 4547 420 4607; x_wconf 90' lang='grc' dir='ltr'>καί</span> <span class='ocrx_word' id='word_1_406' title='bbox 440 4549 527 4620; x_wconf 88' lang='grc' dir='ltr'>πάθος</span> <span class='ocrx_word' id='word_1_407' title='bbox 546 4551 564 4622; x_wconf 85' lang='grc' dir='ltr'>ή</span> <span class='ocrx_word' id='word_1_408' title='bbox 585 4551 663 4622; x_wconf 87' lang='grc' dir='ltr'>μῖσος</span> <span class='ocrx_word' id='word_1_409' title='bbox 684 4545 731 4606; x_wconf 89' lang='grc' dir='ltr'>καί</span> <span class='ocrx_word' id='word_1_410' title='bbox 754 4545 784 4607; x_wconf 85' lang='grc' dir='ltr'>σθ</span> <span class='ocrx_word' id='word_1_411' title='bbox 807 4548 876 4620; x_wconf 84' lang='grc' dir='ltr'>μετὰ</span> <span class='ocrx_word' id='word_1_412' title='bbox 898 4548 1026 4626; x_wconf 88' lang='grc' dir='ltr'>καθαρῶς</span> <span class='ocrx_word' id='word_1_413' title='bbox 1048 4544 1227 4622; x_wconf 82' lang='grc' dir='ltr'>συνειδήσεως</span> <span class='ocrx_word' id='word_1_414' title='bbox 1248 4544 1311 4616; x_wconf 84' lang='grc' dir='ltr'>τούς</span> <span class='ocrx_word' id='word_1_415' title='bbox 1333 4543 1457 4624; x_wconf 90' lang='grc' dir='ltr'>κλήρους</span> <span class='ocrx_word' id='word_1_416' title='bbox 1477 4539 1539 4599; x_wconf 81' lang='grc' dir='ltr'>τιθέ·</span> 
     </span>
    </p>
   </div>
   <div class='ocr_carea' id='block_1_4' title="bbox 256 4635 1571 4868">
    <p class='ocr_par' dir='ltr' id='par_1_4' title="bbox 256 4635 1571 4868">
     <span class='ocr_line' id='line_1_36' title="bbox 256 4635 1571 4749; baseline 0.026 -54"><span class='ocrx_word' id='word_1_417' title='bbox 256 4685 343 4741; x_wconf 41' lang='grc' dir='ltr'>μω,</span> <span class='ocrx_word' id='word_1_418' title='bbox 378 4671 469 4730; x_wconf 47' lang='grc' dir='ltr'>,χω</span> <span class='ocrx_word' id='word_1_419' title='bbox 499 4673 579 4748; x_wconf 55' lang='grc' dir='ltr'>χάριν</span> <span class='ocrx_word' id='word_1_420' title='bbox 609 4671 758 4749; x_wconf 62' lang='grc' dir='ltr'>γράφοντες</span> <span class='ocrx_word' id='word_1_421' title='bbox 791 4668 993 4748; x_wconf 84' lang='grc' dir='ltr'>ἀποφαινόμεθα</span> <span class='ocrx_word' id='word_1_422' title='bbox 1024 4667 1169 4738; x_wconf 85' lang='grc' dir='ltr'>συνοδικιῦς</span> <span class='ocrx_word' id='word_1_423' title='bbox 1203 4665 1274 4742; x_wconf 79' lang='grc' dir='ltr'>μετὰ</span> <span class='ocrx_word' id='word_1_424' title='bbox 1303 4669 1357 4725; x_wconf 90' lang='grc' dir='ltr'>τῶν</span> <span class='ocrx_word' id='word_1_425' title='bbox 1389 4662 1451 4746; x_wconf 87' lang='grc' dir='ltr'>περί</span> <span class='ocrx_word' id='word_1_426' title='bbox 1479 4663 1540 4736; x_wconf 64' lang='grc' dir='ltr'>θθιῐς</span> <span class='ocrx_word' id='word_1_427' title='bbox 1569 4635 1571 4668; x_wconf 44' lang='grc' dir='ltr'>ί</span> 
     </span>
     <span class='ocr_line' id='line_1_37' title="bbox 1570 4833 1571 4868; baseline 0 0"><span class='ocrx_word' id='word_1_428' title='bbox 1570 4833 1571 4868; x_wconf 85' lang='grc' dir='ltr'>ί</span> 
     </span>
    </p>
   </div>
   <div class='ocr_carea' id='block_1_5' title="bbox 0 0 1604 5278">
    <p class='ocr_par' dir='ltr' id='par_1_5' title="bbox 0 0 1604 5278">
     <span class='ocr_line' id='line_1_38' title="bbox 0 0 1604 5278; baseline 0 0"><span class='ocrx_word' id='word_1_429' title='bbox 0 0 1604 5278; x_wconf 95' lang='lat' dir='ltr'> </span> 
     </span>
    </p>
   </div>
  </div>
 </body>
</html>
