3186 5286
239 343 302 405 428

240 539 390 616 cupientes
414 560 465 616 pro
488 539 639 615 singulari,
668 561 725 618 quo
756 542 867 600 dictum
895 542 1029 599 abbatem
1061 547 1091 598 ct
1116 545 1292 598 conventum
1319 541 1427 598 affeetu
1453 559 1527 598 com·

239 643 404 720 plectimur,
436 664 485 702 cos
515 665 676 723 corumque
706 665 884 704 successores
913 664 971 703 una
1000 664 1066 704 enm
1093 630 1279 715 monasterio,
1311 663 1413 702 coram
1438 645 1527 702 facol-

239 748 357 820 tatibus,
382 749 516 820 navibus,
540 749 647 820 nautis,
671 755 759 826 portu
781 755 812 808 et
833 749 978 820 litoribus,
1002 751 1089 808 rebus
1112 749 1241 826 deniqne
1268 749 1414 807 universis
1428 749 1464 806 ad
1481 768 1527 806 eos

240 853 438 929 spectantibus
458 874 496 911 ex
519 858 600 912 certa
622 859 721 912 nostra
744 854 877 924 scientia,
901 854 999 912 animo
1021 856 1096 912 bene
1120 853 1292 924 deliberato,
1316 854 1413 930 deque
1435 871 1528 912 caasa

239 977 315 1028 reae,
339 958 439 1033 regiae
461 963 492 1016 et
513 958 708 1016 archiduoalis
731 957 884 1035 potcstatis
907 958 1102 1034 plenitudine,
1126 957 1157 1015 in
1180 962 1300 1028 certam,
1324 957 1526 1024 indubitatam,

177 1081 180 1086 ·
240 1063 391 1122 efficacem
413 1068 444 1122 et
465 1063 621 1140 specialem
644 1068 774 1122 nostram
796 1063 1011 1140 protectionem
1030 1068 1061 1122 et
1076 1065 1199 1122 tutelam
1215 1062 1427 1138 susceperimus
1442 1067 1528 1139 atquo

239 1167 490 1243 assumpserimus,
515 1169 766 1244 quemadmodum
785 1169 890 1226 harum
913 1159 1016 1243 vigore
1039 1167 1213 1244 suscipimus
1236 1169 1324 1244 atquc
1346 1165 1526 1233 assumimus,

239 1273 373 1332 volentes
395 1290 429 1330 ac
452 1272 528 1330 serio
551 1274 751 1344 decernentes,
777 1274 855 1351 qnod
879 1272 1046 1350 praedictus
1068 1273 1165 1341 abbae,
1189 1275 1350 1330 conventus
1379 1275 1410 1328 et
1432 1289 1527 1328 mona·

240 1376 363 1435 sterium
387 1377 486 1434 Sancti
504 1377 622 1435 loannis
638 1379 845 1454 Evangelistae
869 1378 900 1436 in
916 1379 1054 1436 Patbmos
1074 1379 1127 1435 sub
1144 1396 1303 1446 caesareae,
1327 1375 1427 1450 regico
1442 1381 1527 1452 atque

239 1481 435 1540 archiducalis
458 1481 647 1542 authoritatis
670 1487 786 1542 nostrae
808 1484 903 1550 tutela
922 1487 952 1547 et
967 1481 1150 1558 protectione
1165 1481 1249 1552 salvi,
1273 1481 1380 1552 securi,
1405 1479 1526 1556 protecti

239 1591 270 1644 ct
292 1587 328 1644 ab
352 1586 430 1644 omni
454 1585 572 1654 iniuria,
597 1586 749 1655 violentia,
781 1586 976 1664 oppressione,
1000 1585 1159 1646 vexatione
1181 1591 1212 1643 et
1234 1585 1369 1643 molestia
1390 1584 1476 1643 liberi
1499 1603 1528 1640 ao

240 1689 297 1748 tuti
328 1710 391 1748 csse
427 1689 619 1767 omnibusque
650 1710 684 1748 ao
713 1690 837 1766 singulis
868 1689 1117 1760 immunitatibus,
1156 1689 1307 1749 favoribus
1338 1695 1369 1747 et
1399 1688 1527 1757 indultis,

240 1794 344 1871 quibus
375 1793 427 1852 alii
458 1796 511 1852 sub
539 1795 684 1852 eiusmodi
716 1797 810 1853 tutela
836 1801 867 1853 et
893 1793 1076 1872 protectione
1103 1789 1203 1853 nostra
1230 1799 1363 1866 utuntur,
1394 1795 1529 1851 fluuntm

240 1903 271 1956 et
293 1901 431 1973 madent,
464 1898 519 1970 uti,
551 1899 611 1956 frui
635 1899 822 1976 gaudereque
844 1899 964 1976 possint,
991 1899 1112 1958 valeant
1135 1905 1166 1958 et
1188 1901 1324 1958 debeant.
1359 1899 1529 1956 Mandemus

241 2003 341 2082 itaque
363 2003 511 2063 universis
533 2023 567 2062 ae
590 2003 712 2080 singulis
738 2023 905 2078 regnorum,
937 2003 1107 2074 insularum,
1135 2004 1355 2082 provinciarum
1382 2008 1412 2061 et
1438 2004 1528 2061 domi·

240 2109 357 2167 nicrum
379 2114 545 2167 nostrorum
566 2107 818 2168 berediteriorum
840 2107 974 2179 subditis,
1006 2107 1110 2166 ineolis
1140 2127 1174 2166 ac
1201 2107 1339 2166 fidelibus
1361 2107 1480 2166 dilectis
1501 2113 1529 2163 ct¹

239 2213 278 2272 iis
300 2213 484 2290 praeprimis,
509 2214 561 2291 qui
583 2213 671 2271 dictis
693 2213 801 2288 regnis,
825 2212 938 2283 insulis,
962 2213 1123 2289 provinciis
1146 2233 1179 2271 ac
1202 2211 1343 2271 dominiis
1362 2231 1430 2269 cum
1454 2217 1528 2287 pote·

239 2322 316 2376 state
339 2317 451 2378 vicaria
472 2339 489 2375 a
511 2317 595 2376 nobis
618 2317 674 2376 sibi
697 2336 832 2375 concessa
853 2321 1001 2394 praesunt,
1032 2322 1119 2394 prout
1141 2321 1171 2375 at
1192 2317 1240 2388 iis,
1265 2317 1313 2395 qui
1335 2318 1529 2394 qualemcum-

240 2443 298 2501 que
321 2422 442 2480 titulum
469 2441 521 2479 sea
548 2421 723 2480 beneficium
752 2421 816 2480 sive
846 2423 1002 2480 clientelae
1031 2421 1095 2482 sivo
1117 2421 1269 2497 vasulagii
1297 2441 1315 2479 a
1341 2419 1425 2478 nobis
1452 2439 1528 2478 reoc-

239 2531 391 2602 gooscnnt,
422 2526 621 2604 cuiuscunque
644 2531 745 2598 status,
770 2528 885 2602 gradus,
909 2527 1021 2586 ordinis
1044 2547 1096 2586 seu
1118 2525 1296 2586 conditionis
1326 2525 1466 2596 existant,
1498 2529 1529 2582 ut

240 2636 520 2707 supramemoratum
543 2633 688 2701 abbatem,
721 2640 898 2690 manentum
920 2637 951 2690 et
972 2631 1182 2690 monasterium
1205 2631 1261 2689 bac
1282 2635 1381 2688 nostra
1411 2631 1527 2698 tutelae,

220 2727 433 2812 'protectionis
461 2756 495 2794 ac
525 2737 707 2795 defensionis
737 2737 832 2812 gratia
859 2738 934 2796 citra
956 2739 1049 2796 ullam
1076 2735 1323 2814 impedimentum
1344 2735 1389 2794 nti
1413 2735 1528 2812 fruique

241 2841 348 2912 sinant,
372 2861 426 2900 noc
448 2861 506 2900 non
529 2843 670 2902 adversus
693 2842 924 2900 facinorosorum
946 2841 1100 2900 bominum
1122 2841 1289 2912 violentias,
1321 2841 1454 2910 iniurias,
1480 2859 1528 2915 op·

240 2946 412 3022 pressiones,
443 2946 617 3006 vexationes
644 2953 675 3012 et
701 2947 850 3006 molestias
881 2953 1028 3018 tueantur,
1059 2947 1221 3006 defendant
1251 2950 1283 3005 et
1308 2951 1527 3013 manuteneant;
1579 2989 1580 3002 2

240 3048 366 3108 subditis
397 3071 467 3110 vcro
497 3052 566 3123 suis,
598 3073 635 3111 ne
666 3052 739 3130 qnid
762 3052 906 3111 eiusmodi
935 3051 966 3109 in
992 3051 1104 3110 dictam
1126 3053 1271 3119 abbatem,
1302 3055 1480 3109 conventum
1501 3053 1527 3106 et

240 3154 461 3226 monasterium,
492 3177 593 3215 eorum
623 3177 679 3228 res,
710 3177 810 3228 naves,
842 3161 945 3215 nautas
972 3161 1004 3214 et
1025 3156 1179 3214 facultates
1202 3160 1282 3214 terra
1303 3155 1417 3214 marive
1440 3154 1529 3230 impo-

240 3263 352 3318 sterum
367 3261 562 3332 committant,
587 3281 689 3322 severe
705 3267 859 3320 coerceant
880 3266 968 3338 atque
991 3263 1175 3337 compescant
1197 3265 1227 3318 et
1249 3264 1283 3318 nt
1305 3259 1386 3318 idem
1408 3260 1445 3316 ab
1467 3257 1529 3315 aliis

240 3363 293 3422 fiat
308 3366 410 3423 sedulo
427 3372 540 3426 curent.
566 3367 630 3431 Quo
652 3367 773 3445 quidem
795 3366 888 3425 nostri
912 3365 1019 3425 seriam
1041 3370 1171 3424 nostram
1192 3367 1376 3424 voluntatem
1399 3368 1431 3422 et
1453 3383 1529 3421 man·

240 3470 309 3528 data
331 3477 525 3549 exequentur,
561 3472 613 3532 alii
636 3493 708 3532 vero
731 3472 815 3531 nobis
837 3491 896 3531 non
918 3471 1029 3530 subditi
1053 3476 1223 3548 pergratum
1245 3469 1329 3527 nobis
1359 3468 1529 3546 obsequium
1579 3533 1580 3536 Ἴ

240 3576 438 3650 praestabunt,
470 3576 550 3634 omni
581 3597 637 3654 qua
667 3579 736 3636 data
765 3577 916 3636 occasione
945 3576 1199 3654 reciprocandom,
1230 3576 1335 3632 harum
1364 3571 1529 3632 testimonio

240 3677 395 3737 literarum
417 3700 520 3738 manus
542 3685 658 3739 nostrae
681 3681 895 3758 subscriptione
918 3686 948 3739 et
967 3681 1057 3756 sigilli
1076 3679 1168 3738 nostri
1189 3679 1326 3750 caesarei,
1350 3678 1427 3754 regii
1447 3683 1529 3754 atquc
1579 3759 1580 3762 Ἴ

240 3784 435 3843 archiducalis
451 3786 637 3862 appressicne
655 3787 845 3846 munitarum.
871 3786 967 3851 Quae
986 3787 1161 3844 dabantur
1179 3785 1215 3842 in
1238 3783 1392 3842 civitate
1415 3787 1529 3840 nostra

241 3888 404 3962 Viennae,
422 3891 480 3949 dic
507 3897 631 3950 octava
653 3892 784 3950 mensis
801 3891 933 3962 martii,
961 3911 1049 3950 anno
1074 3889 1216 3948 Domini
1242 3888 1436 3946 millesimo
1462 3907 1528 3962 sep-

240 3991 495 4068 tingentesimo
511 3996 685 4071 vigesimo
704 3997 866 4073 septimo,
883 4015 1071 4072 regnorum
1087 4001 1289 4053 nostrorum
1307 3994 1454 4051 Romani
1471 3994 1529 4050 Im·

240 4096 317 4172 peri
348 4099 484 4157 dcoimo
514 4105 633 4170 sexto,
666 4101 921 4176 Hispaniarum
950 4099 1125 4176 vigesimo
1156 4103 1299 4176 quarto,
1332 4096 1527 4174 Hungaricl
1579 4093 1580 4158 l

239 4221 324 4259 vero
347 4207 382 4261 ct
403 4203 585 4262 Bchemiei
609 4204 737 4263 itidem
761 4205 897 4264 decimo
921 4210 1032 4264 sexto.
1234 4258 1379 4315 Carolus
1402 4278 1432 4314 m
1444 4253 1476 4332 sp

797 4381 843 4437 nd
864 4381 1033 4438 mandatnm
1054 4384 1126 4436 sacle
1147 4384 1237 4436 caesue
1259 4379 1419 4456 regiaeque
1442 4378 1529 4436 eatbl‘

797 4484 960 4542 Maiestatis
993 4483 1144 4560 proprium
1181 4484 1333 4542 Ioannes
1360 4483 1528 4556 Georgius

844 4589 886 4646 de
912 4589 1008 4658 Bncl,
1041 4589 1113 4646 Sao.
1138 4589 1232 4646 Rom.
1257 4588 1341 4664 Imp.
1366 4607 1482 4666 eques.

241 4428 430 4506 Philippus
451 4423 678 4513 Lndo[vicusl

324 4553 342 4590 a
363 4533 606 4594 Zinzendorff.

344 4712 422 4764 Arcb.
437 4729 515 4765 mem.
526 4729 586 4765 cum
600 4713 670 4780 aigil.
683 4715 711 4764 in
724 4731 786 4766 cara
798 4715 878 4766 rubra
891 4720 919 4765 et
931 4715 959 4764 ln
972 4707 1082 4780 capsula
1094 4715 1228 4780 pendente
1241 4731 1258 4766 a
1270 4713 1315 4766 filo
1328 4715 1406 4782 nigro
1419 4720 1446 4765 et
1457 4713 1527 4764 flavo.
1579 4781 1580 4792 ,
