3184 5288
1267 341 1326 407 157

52 537 163 612 μεγίστης
185 531 271 614 χωρὶς
294 533 388 614 δόλου,
408 535 518 614 τρόπον,
537 535 656 612 πλάνης,
680 531 794 611 ἀπάτης,
816 533 981 614 δελεαομσῦ,
1004 535 1088 610 νόμου
1106 554 1137 595 τε
1160 533 1207 594 καὶ
1229 537 1329 614 φάκτου

52 656 145 734 ἀγνοίας
165 655 212 716 καί
228 655 335 716 λοιπῶν
355 653 447 715 αίτίων
465 660 519 714 τῶν
550 661 606 727 τοὶς
636 654 719 726 θείοις
749 657 843 730 νόμοις
878 655 1109 736 ἀπηγορευμένων
1138 657 1204 735 πρὸς
1227 655 1257 716 σέ
1283 657 1329 716 τδν

51 775 306 856 μεγαλενδσξότατον
331 775 576 858 πρωτοβεοτιάριον
605 780 679 856 κύριν
699 771 836 855 Γειύργιον
858 778 904 836 τὀν
927 777 1063 856 Εθνοῦχον
1090 777 1137 838 καί
1163 779 1230 858 πρὸς
1258 779 1330 838 ἅπαν

50 901 71 960 τό
93 900 291 974 ἀπολυθήσεται
320 899 374 960 ἀπό
401 903 448 959 σοῦ
473 900 615 978 πρόσωπόν
644 919 674 958 τε
707 896 754 958 καὶ
788 901 886 978 μέρος,
921 901 1014 972 καθάις
1048 879 1256 975 δηλωθήσεται·
1284 899 1331 961 καί

50 1023 90 1100 γἀρ
112 1023 141 1081 τό
174 1019 324 1100 χωράφιον,
353 1021 384 1080 τδ
409 1021 570 1096 κεκτήμεθα
593 1020 626 1080 έκ
650 1021 812 1100 πενθερικῆς
838 1022 918 1096 ήμῶν
941 1021 1141 1102 κληρονομίας,
1169 1024 1199 1083 τό
1223 1024 1254 1082 δν
1284 1023 1332 1082 καί

50 1141 205 1217 διακείμενον
233 1142 263 1201 έν
289 1149 322 1224 τῇ
347 1146 465 1222 περιοχῇ
495 1147 549 1202 τῶν
574 1141 738 1222 Τρωπιγῦν,
764 1141 782 1216 ἧ
803 1161 828 1200 τι
850 1141 890 1220 τῷ
917 1140 1103 1222 συναξηράτας
1123 1147 1184 1218 (eie)
1209 1142 1332 1222 μάνδραις

50 1265 85 1324 σύν
107 1269 140 1343 τῇ
166 1263 217 1344 μιᾷ
243 1261 351 1344 μάνδρᾳ
380 1268 414 1344 τῇ
435 1261 551 1338 πλησίον
575 1263 664 1342 αάτοῦ,
687 1264 864 1344 ύπάρχοντῇ
891 1266 1012 1344 χωρήσει
1025 1266 1105 1324 αῦτοῦ
1132 1263 1202 1325 σίτου
1229 1263 1332 1338 μοδίων

51 1386 125 1464 ἐννέα,
155 1386 219 1445 όσον
251 1387 284 1443 ἂν
313 1383 360 1444 καί
391 1383 471 1464 ἐστίν,
502 1381 543 1456 εἰς
572 1383 689 1464 σιταρίου
717 1384 801 1460 μόδια
826 1383 896 1466 τρία,
923 1385 1077 1462 νομίσματα
1102 1387 1260 1466 καινούργια
1291 1383 1332 1464 ἕξ,

51 1505 127 1566 ῖκαέ
155 1507 297 1582 ἐλάβομεν
325 1510 409 1566 ταῦτα
439 1506 472 1566 ἐκ
497 1513 550 1566 τῶν
576 1513 678 1584 χειρῶν
704 1527 762 1584 σου,
800 1505 846 1566 καί
881 1505 997 1580 τελείως
1027 1507 1175 1589 ἐπληρώθη
1205 1511 1236 1568 τό
1267 1508 1333 1568 όλον

50 1629 141 1705 τίμημα
169 1629 259 1706 αὐτοῦ,
290 1628 338 1688 καί
369 1631 418 1688 οῦκ
446 1629 548 1706 ἔχομεν
575 1629 662 1706 λόγον
688 1625 746 1687 τινά
772 1629 843 1688 κατά
870 1633 916 1688 σοῦ
939 1632 957 1704 ἢ
983 1634 1030 1688 τοῦ
1057 1629 1123 1690 όλου
1151 1631 1250 1709 μέρους
1277 1650 1333 1690 σου.

49 1749 175 1831 παρεδόθη
205 1749 236 1810 δὲ
262 1752 293 1810 τό
323 1754 441 1810 τοιοῦτον
463 1753 601 1829 χωράρισν
624 1749 672 1824 τήν
695 1751 814 1830 σήμερον
838 1757 980 1830 σωματικῇ
1006 1750 1165 1832 παραδόσει,
1188 1754 1235 1812 τοῦ
1258 1751 1334 1828 ἔχειν

49 1873 115 1932 τούτο
135 1872 249 1953 κυρίως,
277 1873 426 1944 αἰθεντιῦς,
450 1869 544 1944 ίδικιῖις
570 1892 600 1930 τε
627 1869 674 1930 καί
701 1877 871 1952 μονομεριῦς,
899 1872 1104 1951 ἀπερισπάστως
1126 1871 1173 1932 καί
1196 1873 1341 1933 ἀνεπικωη

49 1994 129 2066 λύτως
156 1997 195 2070 μή
226 2014 297 2065 τινος
324 1993 501 2068 κωλυόμενος
527 1995 546 2066 ή
572 1993 856 2072 παρεμποδιζόμενος,
885 1995 915 2054 οῦ
945 1993 1007 2074 παρ’
1038 1995 1117 2068 ήμῶν
1144 1993 1198 2053 τῶν
1227 2015 1335 2074 πεπρα-

50 2118 126 2176 κότων
153 2135 196 2175 σοι
224 2117 255 2174 τό
281 2119 399 2175 τοιοῦτον
425 2117 572 2194 χωράφιον,
601 2117 632 2174 οῦ
658 2117 723 2194 παρ’
747 2115 839 2195 ἐτέρου
868 2118 1011 2194 προσιίνπου
1040 2118 1070 2175 τ“ο
1101 2115 1230 2176 σύνολον·
1260 2116 1337 2176 ἀλλὰ

51 2237 151 2308 μᾶλλον
181 2237 300 2296 ἐκδικεῖν
330 2255 373 2296 σοι
400 2235 546 2316 ὀφείλομεν
577 2235 629 2296 ἀπό
655 2238 756 2308 παντός
783 2237 954 2316 δικαστηρίου
981 2241 1028 2296 τοῦ
1058 2239 1096 2312 μὴ
1119 2243 1217 2315 γεννᾶν
1247 2238 1336 2316 όχλήν

52 2379 85 2416 σοι
111 2363 128 2433 ἢ
159 2361 268 2434 ζήτησιν
299 2359 373 2436 ἔχειν
404 2359 445 2418 σοί
474 2377 541 2418 ποτε
567 2357 606 2435 τῷ
635 2357 733 2438 καιρῷ,
756 2353 824 2418 ἀλλ’
848 2359 923 2436 ἔχειν
954 2363 1030 2419 τοῦτο
1061 2355 1107 2418 καέ
1136 2359 1266 2434 νέμεσθαι
1294 2357 1338 2418 ἐπὶ

51 2479 135 2562 τελείᾳ
157 2480 204 2540 καὶ
223 2480 393 2560 ἀναραιρέτῳ
413 2467 560 2561 δεσποτεία
583 2477 622 2550 είς
644 2481 674 2538 τό
696 2479 810 2559 πωλεῖν,
832 2479 989 2558 προικίζειν,
1012 2479 1143 2561 χαρίζειν,
1166 2479 1338 2559 λεγατεύειν,
1441 2495 1444 2502 ·

53 2601 251 2681 ἀπαλλάττειν,
272 2600 320 2662 καί
342 2603 392 2662 ὅσα
416 2599 441 2661 οῖ
464 2601 633 2680 φιλενσεβεῖς
660 2599 708 2660 καὶ
733 2601 801 2660 θεῖοι
828 2603 906 2676 νόμοι
935 2601 1180 2683 παρακελεύονται.
1211 2603 1247 2662 έτι
1274 2607 1339 2680 γοῦν

53 2729 238 2802 συμφωνοῦμεν
260 2721 307 2784 καὶ
329 2726 417 2801 τοῦτο,
441 2723 480 2794 ὡς
502 2723 547 2782 ότε
570 2723 628 2800 ὡψέ
650 2741 717 2782 ποτε
738 2721 777 2799 τῷ
802 2721 889 2802 καιρῷ
913 2723 1109 2801 ἀπανακάμψει
1130 2745 1171 2796 τις
1194 2724 1238 2802 ἀφ’
1261 2723 1340 2798 ήμῶν

51 2846 91 2902 καί
119 2846 198 2923 λέγει
229 2846 295 2924 ύπέρ
330 2847 376 2904 τοῦ
408 2844 526 2904 τοιούτου
556 2841 705 2924 χωραφίον,
733 2844 814 2917 ήμεῖς
844 2844 989 2919 μέλλομεν
1020 2845 1168 2904 άπαπαύειν
1195 2843 1242 2904 καὶ
1269 2843 1341 2904 ἀπό-

52 2967 135 3039 αοβεῖν
162 2969 210 3026 τ’σν
236 2971 365 3044 τοιοῦτον,
395 2965 456 3025 ἐοοῦ
484 2966 522 3040 μὴ
548 2965 712 3042 ἐνεχομένου
739 2966 769 3022 τ“ο
796 2965 918 3024 σύνολον.
947 2965 994 3024 καί
1020 2966 1091 3024 κατά
1117 2969 1194 3026 τοῦτο
1222 2965 1341 3043 ἀσφαλι-

52 3087 157 3166 ζόμεθα,
179 3089 251 3158 ὅστις
270 3087 324 3166 άρα
346 3087 380 3145 τά
406 3088 473 3166 προς
496 3087 649 3166 ἀνατροπὴν
672 3091 720 3160 τῆς
742 3086 879 3164 παρούσης
901 3086 1047 3166 πρατηρίου
1072 3087 1212 3165 ἀσφαλοῦς
1234 3086 1341 3166 ἐγγρά-

52 3229 94 3284 ρου
122 3211 292 3289 πειρώμενος
324 3211 399 3286 τάχα
431 3208 587 3268 ἀποσπάσαι
621 3204 674 3267 άπδ
708 3211 755 3266 σοῦ
789 3213 909 3287 μερικῶς
935 3211 953 3281 ἢ
984 3207 1104 3267 καθόλου
1132 3211 1150 3283 ἢ
1181 3208 1342 3283 καταβολὴν

53 3333 196 3404 τιμήματος
223 3333 242 3406 ᾖ
270 3329 317 3411 βίοι
338 3333 356 3404 ἢ
380 3329 527 3410 ἀνάργυρίᾳ
553 3333 571 3404 ἡ
595 3329 695 3410 ἀπάτη,
718 3330 780 3388 τότε
810 3330 849 3404 μὴ
881 3331 962 3403 μόνον
991 3330 1036 3388 τόν
1060 3331 1174 3409 Χριστδν
1204 3327 1251 3388 καὶ
1280 3330 1342 3388 θεδν

54 3451 126 3524 ἡμῶν
154 3451 253 3528 ἕξομεν
278 3451 408 3530 διάδικον,
438 3448 517 3512 ἀλλὰ
542 3451 590 3511 καί
616 3451 664 3522 τάς
692 3451 760 3531 ἀράς
787 3457 899 3528 σχῶμεν
927 3457 979 3509 τῶν
1009 3449 1068 3536 ,τιη’
1095 3451 1180 3530 άγέων
1208 3452 1344 3531 θεοφόρων

54 3576 181 3653 πατέρων,
208 3573 297 3649 καέή
325 3572 402 3654 μερίς
422 3575 501 3650 ήμῶν
528 3572 642 3650 ταχθείη
671 3572 741 3646 μετὰ
768 3577 813 3632 τοῦ
840 3570 985 3652 ἀχαρίστου
1011 3572 1061 3632 καὶ
1088 3573 1219 3654 προδότου
1242 3572 1344 3646 Ἰούδα,

54 3691 126 3754 ἀλλὰ
151 3695 199 3756 καί
226 3695 294 3756 αθτά
319 3697 353 3756 τά
379 3693 411 3768 ἐξ
438 3697 592 3771 νομίσματα
621 3695 788 3775 καινσύργια,
817 3695 886 3774 ἅπερ
914 3694 1055 3770 ἐλάβομεν
1084 3695 1136 3755 ἀπό
1159 3717 1215 3766 σου,
1245 3695 1288 3755 ἐπὶ
1314 3697 1343 3754 τό

55 3814 162 3878 διπλοῦν
182 3818 399 3898 ἀντιστρέφωμεν
423 3819 483 3892 μετ’
507 3816 636 3896 αἰσχύνης
663 3815 710 3876 καὶ
737 3819 805 3897 πρός
831 3819 861 3876 τδ
892 3813 1044 3902 [δημόσιον]
1071 3818 1101 3876 τό
1128 3816 1213 3897 τρίτον
1236 3817 1344 3876 τούτων.

57 3936 94 3997 ἐπὶ
108 3944 185 4000 τοῦτο
199 3941 255 4020 γάρ
276 3939 324 4000 καὶ
338 3943 369 4000 τό
388 3941 475 4019 παρδν
498 3943 644 4019 πρατήριον
667 3941 747 4013 ήμῶν
770 3940 906 4019 ἔγγραφον
925 3941 993 4018 προς
1012 3940 1083 4014 ύμοῖς
1101 3942 1289 4014 πεποιήκαμεν
1311 3944 1344 4018 τῇ

54 4059 128 4134 ἡμῶν
150 4067 288 4144 προτροπῇ
311 4061 356 4122 διὰ
381 4063 475 4142 χειρός
503 4061 707 4120 Κωνσταντίνου
735 4046 830 4140 ἱερέως
859 4065 905 4120 τοῦ
933 4062 1126 4141 Μυροινιιύτοιι,
1154 4063 1266 4135 νομικοῦ
1299 4057 1346 4118 καί

55 4179 252 4262 δευτερεύοντος
266 4190 316 4259 τῆς
332 4185 486 4262 ἁγιωτάτης
502 4184 700 4261 μητροπόλεως
714 4182 849 4263 Μιλήτου,
866 4187 912 4242 τοῦ
927 4184 1044 4262 κάστρου
1057 4181 1214 4261 Παλατίων,
1231 4177 1346 4241 ἐνώπιον

55 4307 104 4358 τῶν
119 4305 334 4385 ύπογραψάντων
350 4304 492 4386 μαρτύρων
515 4302 594 4379 μηνὶ
616 4301 787 4382 όκτωβρίῳ
811 4301 1018 4375 ίνδικτιῶνος
1034 4301 1060 4360 α’
1077 4303 1171 4374 έτους
1186 4299 1309 4384 ,ςψκα’.
1326 4304 1347 4382 †

156 4427 177 4504 †
199 4426 403 4505 Κησσιανός,
423 4424 532 4505 ἱερεύς
551 4425 566 4482 ό
582 4425 730 4502 Εάγένης
750 4423 805 4485 καί
828 4429 1051 4502 πρωτοπαπάς
1074 4428 1134 4499 τῆς
1157 4424 1348 4502 ἁγιωτάτης

56 4548 294 4625 μητροπόλεως
310 4547 473 4626 Μιλήτου,
489 4543 628 4628 πάρειμι
644 4545 697 4606 ἐπὶ
719 4553 756 4628 τῇ
779 4547 903 4628 φανερᾷ
925 4545 980 4606 καὶ
1002 4545 1132 4627 καθαρᾷ
1154 4547 1283 4625 πράσει,
1306 4545 1349 4617 ὡς

55 4669 88 4724 τό
109 4669 190 4744 ῦφος
211 4668 322 4747 δηλοῖ,
347 4674 518 4750 μαρτυρῶν
541 4669 726 4748 ἀπέγραψα.
750 4669 770 4746 †
