<?xml version="1.0" encoding="UTF-8"?>
<!DOCTYPE html PUBLIC "-//W3C//DTD XHTML 1.0 Transitional//EN"
    "http://www.w3.org/TR/xhtml1/DTD/xhtml1-transitional.dtd">
<html xmlns="http://www.w3.org/1999/xhtml" xml:lang="en" lang="en">
 <head>
  <title>
</title>
<meta http-equiv="Content-Type" content="text/html;charset=utf-8" />
  <meta name='ocr-system' content='tesseract 3.04.00' />
  <meta name='ocr-capabilities' content='ocr_page ocr_carea ocr_par ocr_line ocrx_word'/>
</head>
<body>
  <div class='ocr_page' id='page_1' title='image "./actaetdiplomata02miklgoog_0287.png"; bbox 0 0 3162 5278; ppageno 0'>
   <div class='ocr_carea' id='block_1_1' title="bbox 265 331 330 396">
    <p class='ocr_par' dir='ltr' id='par_1_1' title="bbox 265 331 330 396">
     <span class='ocr_line' id='line_1_1' title="bbox 265 331 330 396; baseline 0 0"><span class='ocrx_word' id='word_1_1' title='bbox 265 331 330 396; x_wconf 76' lang='lat'>272</span> 
     </span>
    </p>
   </div>
   <div class='ocr_carea' id='block_1_2' title="bbox 221 520 1569 3289">
    <p class='ocr_par' dir='ltr' id='par_1_2' title="bbox 221 520 1569 3289">
     <span class='ocr_line' id='line_1_2' title="bbox 263 520 1569 606; baseline -0.002 -21"><span class='ocrx_word' id='word_1_2' title='bbox 263 524 374 606; x_wconf 76' lang='grc' dir='ltr'>φαντίας</span> <span class='ocrx_word' id='word_1_3' title='bbox 403 523 450 585; x_wconf 78' lang='grc' dir='ltr'>καί</span> <span class='ocrx_word' id='word_1_4' title='bbox 478 525 667 602; x_wconf 78' lang='grc' dir='ltr'>καταλαλιάς,</span> <span class='ocrx_word' id='word_1_5' title='bbox 699 525 751 586; x_wconf 77' lang='grc' dir='ltr'>ἀπό</span> <span class='ocrx_word' id='word_1_6' title='bbox 779 525 974 606; x_wconf 88' lang='grc' dir='ltr'>εύτραπελείας</span> <span class='ocrx_word' id='word_1_7' title='bbox 1003 520 1050 586; x_wconf 80' lang='grc' dir='ltr'>καί</span> <span class='ocrx_word' id='word_1_8' title='bbox 1076 527 1202 606; x_wconf 80' lang='grc' dir='ltr'>γέλωτος</span> <span class='ocrx_word' id='word_1_9' title='bbox 1230 523 1277 586; x_wconf 86' lang='grc' dir='ltr'>ιιαί</span> <span class='ocrx_word' id='word_1_10' title='bbox 1303 525 1356 586; x_wconf 85' lang='grc' dir='ltr'>ἀπδ</span> <span class='ocrx_word' id='word_1_11' title='bbox 1381 525 1569 604; x_wconf 71' lang='grc' dir='ltr'>πολυλογίας</span> 
     </span>
     <span class='ocr_line' id='line_1_3' title="bbox 262 642 1556 728; baseline -0.002 -20"><span class='ocrx_word' id='word_1_12' title='bbox 262 646 309 708; x_wconf 75' lang='grc' dir='ltr'>οιαὶ</span> <span class='ocrx_word' id='word_1_13' title='bbox 332 645 510 728; x_wconf 85' lang='grc' dir='ltr'>ἀργσλογίσς,</span> <span class='ocrx_word' id='word_1_14' title='bbox 533 645 579 707; x_wconf 83' lang='grc' dir='ltr'>νιαὶ</span> <span class='ocrx_word' id='word_1_15' title='bbox 609 642 716 722; x_wconf 82' lang='grc' dir='ltr'>ἄσεμνα</span> <span class='ocrx_word' id='word_1_16' title='bbox 745 649 876 726; x_wconf 83' lang='grc' dir='ltr'>σχήματα</span> <span class='ocrx_word' id='word_1_17' title='bbox 905 646 952 708; x_wconf 81' lang='grc' dir='ltr'>τισὶ</span> <span class='ocrx_word' id='word_1_18' title='bbox 982 646 1148 724; x_wconf 78' lang='grc' dir='ltr'>διανεύματα</span> <span class='ocrx_word' id='word_1_19' title='bbox 1177 651 1283 728; x_wconf 85' lang='grc' dir='ltr'>πονηρὰ</span> <span class='ocrx_word' id='word_1_20' title='bbox 1310 646 1359 708; x_wconf 78' lang='grc' dir='ltr'>καί</span> <span class='ocrx_word' id='word_1_21' title='bbox 1388 648 1422 708; x_wconf 81' lang='grc' dir='ltr'>τὰ</span> <span class='ocrx_word' id='word_1_22' title='bbox 1451 649 1556 719; x_wconf 79' lang='grc' dir='ltr'>τούτοις</span> 
     </span>
     <span class='ocr_line' id='line_1_4' title="bbox 262 763 1554 854; baseline 0 -26"><span class='ocrx_word' id='word_1_23' title='bbox 262 770 344 844; x_wconf 83' lang='grc' dir='ltr'>ὅμοιοι</span> <span class='ocrx_word' id='word_1_24' title='bbox 367 763 417 854; x_wconf 86' lang='grc' dir='ltr'>[μὴ</span> <span class='ocrx_word' id='word_1_25' title='bbox 439 764 591 854; x_wconf 87' lang='grc' dir='ltr'>πράττετε],</span> <span class='ocrx_word' id='word_1_26' title='bbox 619 770 687 848; x_wconf 86' lang='grc' dir='ltr'>άπερ</span> <span class='ocrx_word' id='word_1_27' title='bbox 704 772 783 845; x_wconf 89' lang='grc' dir='ltr'>μισεῖ</span> <span class='ocrx_word' id='word_1_28' title='bbox 804 771 819 828; x_wconf 83' lang='grc' dir='ltr'>ό</span> <span class='ocrx_word' id='word_1_29' title='bbox 842 771 904 841; x_wconf 83' lang='grc' dir='ltr'>θεδς</span> <span class='ocrx_word' id='word_1_30' title='bbox 926 768 973 830; x_wconf 88' lang='grc' dir='ltr'>ιιαί</span> <span class='ocrx_word' id='word_1_31' title='bbox 995 770 1120 851; x_wconf 88' lang='grc' dir='ltr'>χαίρεται</span> <span class='ocrx_word' id='word_1_32' title='bbox 1141 773 1156 830; x_wconf 87' lang='grc' dir='ltr'>ό</span> <span class='ocrx_word' id='word_1_33' title='bbox 1180 771 1287 851; x_wconf 82' lang='grc' dir='ltr'>ἐχθρός.</span> <span class='ocrx_word' id='word_1_34' title='bbox 1313 771 1481 851; x_wconf 71' lang='grc' dir='ltr'>«φθείρουσιν</span> <span class='ocrx_word' id='word_1_35' title='bbox 1503 770 1554 844; x_wconf 83' lang='grc' dir='ltr'>ἤθη</span> 
     </span>
     <span class='ocr_line' id='line_1_5' title="bbox 261 889 1555 972; baseline -0.001 -21"><span class='ocrx_word' id='word_1_36' title='bbox 261 890 369 971; x_wconf 84' lang='grc' dir='ltr'>χρηστά</span> <span class='ocrx_word' id='word_1_37' title='bbox 395 889 499 966; x_wconf 75' lang='grc' dir='ltr'>ὁμιλίαι</span> <span class='ocrx_word' id='word_1_38' title='bbox 525 889 645 972; x_wconf 82' lang='grc' dir='ltr'>ιιαναίν,</span> <span class='ocrx_word' id='word_1_39' title='bbox 673 890 750 969; x_wconf 86' lang='grc' dir='ltr'>φησὶν</span> <span class='ocrx_word' id='word_1_40' title='bbox 772 892 787 949; x_wconf 90' lang='grc' dir='ltr'>ό</span> <span class='ocrx_word' id='word_1_41' title='bbox 809 891 882 964; x_wconf 88' lang='grc' dir='ltr'>θεῖος</span> <span class='ocrx_word' id='word_1_42' title='bbox 904 891 1070 970; x_wconf 82' lang='grc' dir='ltr'>ἀπόστολος,</span> <span class='ocrx_word' id='word_1_43' title='bbox 1100 891 1147 951; x_wconf 81' lang='grc' dir='ltr'>καί</span> <span class='ocrx_word' id='word_1_44' title='bbox 1171 892 1251 970; x_wconf 84' lang='grc' dir='ltr'>ἔχετε</span> <span class='ocrx_word' id='word_1_45' title='bbox 1273 892 1372 952; x_wconf 85' lang='grc' dir='ltr'>λοιπδν</span> <span class='ocrx_word' id='word_1_46' title='bbox 1392 892 1555 954; x_wconf 79' lang='grc' dir='ltr'>ταπείνωσιν</span> 
     </span>
     <span class='ocr_line' id='line_1_6' title="bbox 262 1011 1553 1095; baseline -0.002 -23"><span class='ocrx_word' id='word_1_47' title='bbox 262 1013 390 1092; x_wconf 87' lang='grc' dir='ltr'>θάττερος</span> <span class='ocrx_word' id='word_1_48' title='bbox 415 1013 551 1093; x_wconf 86' lang='grc' dir='ltr'>θαττέρου,</span> <span class='ocrx_word' id='word_1_49' title='bbox 581 1013 730 1094; x_wconf 74' lang='grc' dir='ltr'>πραότητα,</span> <span class='ocrx_word' id='word_1_50' title='bbox 758 1015 939 1095; x_wconf 82' lang='grc' dir='ltr'>χρηστότητα,</span> <span class='ocrx_word' id='word_1_51' title='bbox 969 1014 1164 1094; x_wconf 75' lang='grc' dir='ltr'>μακροθυμίαν,</span> <span class='ocrx_word' id='word_1_52' title='bbox 1193 1011 1312 1093; x_wconf 82' lang='grc' dir='ltr'>εἰρήνην,</span> <span class='ocrx_word' id='word_1_53' title='bbox 1339 1013 1553 1094; x_wconf 86' lang='grc' dir='ltr'>φιλοπτωχείσν,</span> 
     </span>
     <span class='ocr_line' id='line_1_7' title="bbox 264 1133 1553 1216; baseline 0.001 -22"><span class='ocrx_word' id='word_1_54' title='bbox 264 1133 465 1213; x_wconf 81' lang='grc' dir='ltr'>εῦσπλαγχνίαν</span> <span class='ocrx_word' id='word_1_55' title='bbox 495 1133 541 1194; x_wconf 79' lang='grc' dir='ltr'>καί</span> <span class='ocrx_word' id='word_1_56' title='bbox 568 1136 582 1194; x_wconf 86' lang='grc' dir='ltr'>θ</span> <span class='ocrx_word' id='word_1_57' title='bbox 605 1136 682 1210; x_wconf 79' lang='grc' dir='ltr'>ὑμεῖς</span> <span class='ocrx_word' id='word_1_58' title='bbox 713 1139 824 1212; x_wconf 85' lang='grc' dir='ltr'>μισεῖτε,</span> <span class='ocrx_word' id='word_1_59' title='bbox 852 1137 936 1216; x_wconf 84' lang='grc' dir='ltr'>ἑτέρῳ</span> <span class='ocrx_word' id='word_1_60' title='bbox 963 1137 1002 1212; x_wconf 80' lang='grc' dir='ltr'>μὴ</span> <span class='ocrx_word' id='word_1_61' title='bbox 1025 1138 1161 1216; x_wconf 82' lang='grc' dir='ltr'>ποιήσετε,</span> <span class='ocrx_word' id='word_1_62' title='bbox 1193 1137 1262 1216; x_wconf 82' lang='grc' dir='ltr'>άπερ</span> <span class='ocrx_word' id='word_1_63' title='bbox 1289 1137 1364 1212; x_wconf 80' lang='grc' dir='ltr'>ζητεῖ</span> <span class='ocrx_word' id='word_1_64' title='bbox 1385 1137 1401 1195; x_wconf 89' lang='grc' dir='ltr'>ό</span> <span class='ocrx_word' id='word_1_65' title='bbox 1423 1137 1489 1209; x_wconf 78' lang='grc' dir='ltr'>θεός</span> <span class='ocrx_word' id='word_1_66' title='bbox 1512 1137 1553 1214; x_wconf 81' lang='grc' dir='ltr'>ἀφ’</span> 
     </span>
     <span class='ocr_line' id='line_1_8' title="bbox 262 1252 1552 1342; baseline 0 -26"><span class='ocrx_word' id='word_1_67' title='bbox 262 1259 340 1332; x_wconf 78' lang='grc' dir='ltr'>ἡμῶν</span> <span class='ocrx_word' id='word_1_68' title='bbox 370 1255 416 1316; x_wconf 79' lang='grc' dir='ltr'>καὶ</span> <span class='ocrx_word' id='word_1_69' title='bbox 443 1257 529 1328; x_wconf 88' lang='grc' dir='ltr'>ούτως</span> <span class='ocrx_word' id='word_1_70' title='bbox 559 1257 619 1316; x_wconf 86' lang='grc' dir='ltr'>ἐστὲ</span> <span class='ocrx_word' id='word_1_71' title='bbox 647 1252 785 1342; x_wconf 81' lang='grc' dir='ltr'>[καθαρ]οί</span> <span class='ocrx_word' id='word_1_72' title='bbox 813 1255 860 1317; x_wconf 74' lang='grc' dir='ltr'>οιαὶ</span> <span class='ocrx_word' id='word_1_73' title='bbox 890 1259 971 1336; x_wconf 85' lang='grc' dir='ltr'>άγιοι,</span> <span class='ocrx_word' id='word_1_74' title='bbox 1002 1259 1095 1330; x_wconf 77' lang='grc' dir='ltr'>καθὼς</span> <span class='ocrx_word' id='word_1_75' title='bbox 1122 1254 1198 1318; x_wconf 76' lang='grc' dir='ltr'>εἶπεν</span> <span class='ocrx_word' id='word_1_76' title='bbox 1228 1259 1394 1339; x_wconf 87' lang='grc' dir='ltr'>όΧριστός·</span> <span class='ocrx_word' id='word_1_77' title='bbox 1426 1260 1552 1336; x_wconf 75' lang='grc' dir='ltr'>«γίνεσθε</span> 
     </span>
     <span class='ocr_line' id='line_1_9' title="bbox 264 1373 1551 1458; baseline 0 -20"><span class='ocrx_word' id='word_1_78' title='bbox 264 1379 345 1458; x_wconf 85' lang='grc' dir='ltr'>άγισι,</span> <span class='ocrx_word' id='word_1_79' title='bbox 369 1381 409 1438; x_wconf 78' lang='grc' dir='ltr'>ότι</span> <span class='ocrx_word' id='word_1_80' title='bbox 431 1378 511 1458; x_wconf 81' lang='grc' dir='ltr'>τιάγίο</span> <span class='ocrx_word' id='word_1_81' title='bbox 533 1378 611 1458; x_wconf 84' lang='grc' dir='ltr'>άγιός</span> <span class='ocrx_word' id='word_1_82' title='bbox 630 1376 722 1454; x_wconf 76' lang='grc' dir='ltr'>εἰμι».</span> <span class='ocrx_word' id='word_1_83' title='bbox 747 1379 847 1454; x_wconf 77' lang='grc' dir='ltr'>ὁμοίως</span> <span class='ocrx_word' id='word_1_84' title='bbox 869 1373 915 1439; x_wconf 80' lang='grc' dir='ltr'>τισί</span> <span class='ocrx_word' id='word_1_85' title='bbox 937 1381 1074 1440; x_wconf 76' lang='grc' dir='ltr'>τὰτέκνα</span> <span class='ocrx_word' id='word_1_86' title='bbox 1096 1380 1171 1456; x_wconf 82' lang='grc' dir='ltr'>ὑμῶν</span> <span class='ocrx_word' id='word_1_87' title='bbox 1195 1381 1344 1442; x_wconf 79' lang='grc' dir='ltr'>νουθετεῖτε</span> <span class='ocrx_word' id='word_1_88' title='bbox 1366 1379 1433 1440; x_wconf 79' lang='grc' dir='ltr'>οῦτά</span> <span class='ocrx_word' id='word_1_89' title='bbox 1455 1381 1551 1449; x_wconf 71' lang='grc' dir='ltr'>καλῶς</span> 
     </span>
     <span class='ocr_line' id='line_1_10' title="bbox 262 1498 1551 1582; baseline -0.001 -22"><span class='ocrx_word' id='word_1_90' title='bbox 262 1499 308 1560; x_wconf 88' lang='grc' dir='ltr'>ιιαί</span> <span class='ocrx_word' id='word_1_91' title='bbox 331 1501 494 1581; x_wconf 85' lang='grc' dir='ltr'>ἑρμηνεύετε</span> <span class='ocrx_word' id='word_1_92' title='bbox 516 1498 563 1560; x_wconf 81' lang='grc' dir='ltr'>καὶ</span> <span class='ocrx_word' id='word_1_93' title='bbox 585 1500 811 1580; x_wconf 83' lang='grc' dir='ltr'>παραγγέλλετε,</span> <span class='ocrx_word' id='word_1_94' title='bbox 838 1501 883 1560; x_wconf 82' lang='grc' dir='ltr'>ἵνα</span> <span class='ocrx_word' id='word_1_95' title='bbox 905 1498 936 1574; x_wconf 80' lang='grc' dir='ltr'>ἐξ</span> <span class='ocrx_word' id='word_1_96' title='bbox 959 1502 1073 1562; x_wconf 82' lang='grc' dir='ltr'>ἁπαλῶν</span> <span class='ocrx_word' id='word_1_97' title='bbox 1096 1501 1201 1581; x_wconf 86' lang='grc' dir='ltr'>όνύχων</span> <span class='ocrx_word' id='word_1_98' title='bbox 1224 1501 1359 1575; x_wconf 85' lang='grc' dir='ltr'>λαβόντες</span> <span class='ocrx_word' id='word_1_99' title='bbox 1381 1503 1430 1574; x_wconf 84' lang='grc' dir='ltr'>τὰς</span> <span class='ocrx_word' id='word_1_100' title='bbox 1453 1499 1551 1582; x_wconf 72' lang='grc' dir='ltr'>ἀρετὰς</span> 
     </span>
     <span class='ocr_line' id='line_1_11' title="bbox 262 1620 1549 1703; baseline -0.004 -20"><span class='ocrx_word' id='word_1_101' title='bbox 262 1620 307 1683; x_wconf 85' lang='grc' dir='ltr'>ιιαί</span> <span class='ocrx_word' id='word_1_102' title='bbox 331 1621 479 1697; x_wconf 87' lang='grc' dir='ltr'>βάλλουσιν</span> <span class='ocrx_word' id='word_1_103' title='bbox 501 1625 547 1683; x_wconf 77' lang='grc' dir='ltr'>τόν</span> <span class='ocrx_word' id='word_1_104' title='bbox 570 1623 652 1702; x_wconf 88' lang='grc' dir='ltr'>φόβον</span> <span class='ocrx_word' id='word_1_105' title='bbox 678 1626 724 1683; x_wconf 91' lang='grc' dir='ltr'>τοῦ</span> <span class='ocrx_word' id='word_1_106' title='bbox 747 1625 809 1684; x_wconf 86' lang='grc' dir='ltr'>θεοῦ</span> <span class='ocrx_word' id='word_1_107' title='bbox 832 1621 872 1695; x_wconf 88' lang='grc' dir='ltr'>είς</span> <span class='ocrx_word' id='word_1_108' title='bbox 893 1623 942 1694; x_wconf 82' lang='grc' dir='ltr'>τὰς</span> <span class='ocrx_word' id='word_1_109' title='bbox 963 1623 1079 1703; x_wconf 79' lang='grc' dir='ltr'>παρδίας</span> <span class='ocrx_word' id='word_1_110' title='bbox 1101 1623 1188 1684; x_wconf 70' lang='grc' dir='ltr'>αὐτῶν</span> <span class='ocrx_word' id='word_1_111' title='bbox 1214 1622 1261 1684; x_wconf 82' lang='grc' dir='ltr'>ιισά</span> <span class='ocrx_word' id='word_1_112' title='bbox 1282 1623 1470 1684; x_wconf 74' lang='grc' dir='ltr'>πολιτεύονται</span> <span class='ocrx_word' id='word_1_113' title='bbox 1494 1625 1549 1698; x_wconf 86' lang='grc' dir='ltr'>βίον</span> 
     </span>
     <span class='ocr_line' id='line_1_12' title="bbox 261 1743 1548 1826; baseline -0.002 -20"><span class='ocrx_word' id='word_1_114' title='bbox 261 1747 380 1825; x_wconf 69' lang='grc' dir='ltr'>καθαρόν</span> <span class='ocrx_word' id='word_1_115' title='bbox 408 1747 585 1826; x_wconf 77' lang='grc' dir='ltr'>ἐργαζόμενοι</span> <span class='ocrx_word' id='word_1_116' title='bbox 614 1745 662 1817; x_wconf 82' lang='grc' dir='ltr'>τάς</span> <span class='ocrx_word' id='word_1_117' title='bbox 693 1745 807 1817; x_wconf 85' lang='grc' dir='ltr'>ἐντολὰς</span> <span class='ocrx_word' id='word_1_118' title='bbox 834 1748 881 1806; x_wconf 91' lang='grc' dir='ltr'>τοῦ</span> <span class='ocrx_word' id='word_1_119' title='bbox 907 1746 969 1805; x_wconf 83' lang='grc' dir='ltr'>θεοῦ</span> <span class='ocrx_word' id='word_1_120' title='bbox 995 1743 1035 1817; x_wconf 87' lang='grc' dir='ltr'>εἰς</span> <span class='ocrx_word' id='word_1_121' title='bbox 1062 1751 1115 1806; x_wconf 90' lang='grc' dir='ltr'>ποῖν</span> <span class='ocrx_word' id='word_1_122' title='bbox 1145 1747 1225 1824; x_wconf 84' lang='grc' dir='ltr'>ἔργον</span> <span class='ocrx_word' id='word_1_123' title='bbox 1252 1745 1355 1824; x_wconf 81' lang='grc' dir='ltr'>ἀγαθον</span> <span class='ocrx_word' id='word_1_124' title='bbox 1383 1745 1548 1824; x_wconf 78' lang='grc' dir='ltr'>ἀπεχόμενοι</span> 
     </span>
     <span class='ocr_line' id='line_1_13' title="bbox 262 1863 1548 1950; baseline -0.005 -20"><span class='ocrx_word' id='word_1_125' title='bbox 262 1869 314 1930; x_wconf 74' lang='grc' dir='ltr'>ἀπὸ</span> <span class='ocrx_word' id='word_1_126' title='bbox 340 1876 430 1929; x_wconf 84' lang='grc' dir='ltr'>πᾶσαν</span> <span class='ocrx_word' id='word_1_127' title='bbox 458 1867 578 1950; x_wconf 75' lang='grc' dir='ltr'>ῥυπαρὰν</span> <span class='ocrx_word' id='word_1_128' title='bbox 603 1863 708 1947; x_wconf 79' lang='grc' dir='ltr'>πρᾶξιν,</span> <span class='ocrx_word' id='word_1_129' title='bbox 736 1870 879 1947; x_wconf 88' lang='grc' dir='ltr'>τηροῦντες</span> <span class='ocrx_word' id='word_1_130' title='bbox 904 1869 934 1926; x_wconf 83' lang='grc' dir='ltr'>τδ</span> <span class='ocrx_word' id='word_1_131' title='bbox 958 1866 1063 1942; x_wconf 83' lang='grc' dir='ltr'>ἱμάτιον</span> <span class='ocrx_word' id='word_1_132' title='bbox 1089 1871 1135 1928; x_wconf 91' lang='grc' dir='ltr'>τοῦ</span> <span class='ocrx_word' id='word_1_133' title='bbox 1158 1867 1352 1946; x_wconf 77' lang='grc' dir='ltr'>βαπτίσματος,</span> <span class='ocrx_word' id='word_1_134' title='bbox 1379 1868 1418 1938; x_wconf 82' lang='grc' dir='ltr'>ὡς</span> <span class='ocrx_word' id='word_1_135' title='bbox 1446 1866 1548 1926; x_wconf 83' lang='grc' dir='ltr'>ἀνωθεν</span> 
     </span>
     <span class='ocr_line' id='line_1_14' title="bbox 221 1987 1547 2071; baseline -0.002 -21"><span class='ocrx_word' id='word_1_136' title='bbox 221 2061 225 2068; x_wconf 36' lang='grc' dir='ltr'>Ι</span> <span class='ocrx_word' id='word_1_137' title='bbox 262 1991 424 2071; x_wconf 88' lang='grc' dir='ltr'>γέγραπται.</span> <span class='ocrx_word' id='word_1_138' title='bbox 452 1987 499 2050; x_wconf 78' lang='grc' dir='ltr'>ναί</span> <span class='ocrx_word' id='word_1_139' title='bbox 521 1993 605 2050; x_wconf 88' lang='grc' dir='ltr'>ταῦτα</span> <span class='ocrx_word' id='word_1_140' title='bbox 628 1989 679 2064; x_wconf 87' lang='grc' dir='ltr'>μὲν</span> <span class='ocrx_word' id='word_1_141' title='bbox 701 1989 795 2061; x_wconf 86' lang='grc' dir='ltr'>οῦτως.</span> <span class='ocrx_word' id='word_1_142' title='bbox 823 1987 885 2068; x_wconf 89' lang='grc' dir='ltr'>περὶ</span> <span class='ocrx_word' id='word_1_143' title='bbox 908 1987 938 2048; x_wconf 86' lang='grc' dir='ltr'>δὲ</span> <span class='ocrx_word' id='word_1_144' title='bbox 960 1993 1007 2050; x_wconf 93' lang='grc' dir='ltr'>τοῦ</span> <span class='ocrx_word' id='word_1_145' title='bbox 1029 1989 1107 2068; x_wconf 85' lang='grc' dir='ltr'>άγίου</span> <span class='ocrx_word' id='word_1_146' title='bbox 1131 1989 1309 2068; x_wconf 88' lang='grc' dir='ltr'>μονοιστηρίου</span> <span class='ocrx_word' id='word_1_147' title='bbox 1330 1989 1379 2061; x_wconf 79' lang='grc' dir='ltr'>τὰς</span> <span class='ocrx_word' id='word_1_148' title='bbox 1401 1989 1547 2062; x_wconf 77' lang='grc' dir='ltr'>ὑποθέσεις,</span> 
     </span>
     <span class='ocr_line' id='line_1_15' title="bbox 262 2109 1547 2194; baseline -0.005 -20"><span class='ocrx_word' id='word_1_149' title='bbox 262 2114 295 2184; x_wconf 79' lang='grc' dir='ltr'>ἃς</span> <span class='ocrx_word' id='word_1_150' title='bbox 320 2112 539 2192; x_wconf 78' lang='grc' dir='ltr'>παρεκινήθησαν</span> <span class='ocrx_word' id='word_1_151' title='bbox 566 2111 629 2170; x_wconf 89' lang='grc' dir='ltr'>θεοῦ</span> <span class='ocrx_word' id='word_1_152' title='bbox 655 2113 855 2192; x_wconf 86' lang='grc' dir='ltr'>συνεργοῦντος,</span> <span class='ocrx_word' id='word_1_153' title='bbox 883 2112 957 2182; x_wconf 77' lang='grc' dir='ltr'>ὅπως</span> <span class='ocrx_word' id='word_1_154' title='bbox 979 2112 1092 2190; x_wconf 83' lang='grc' dir='ltr'>γένηται</span> <span class='ocrx_word' id='word_1_155' title='bbox 1117 2111 1261 2194; x_wconf 89' lang='grc' dir='ltr'>ιισινόβιον,</span> <span class='ocrx_word' id='word_1_156' title='bbox 1288 2109 1335 2171; x_wconf 81' lang='grc' dir='ltr'>οιαὶ</span> <span class='ocrx_word' id='word_1_157' title='bbox 1357 2114 1441 2171; x_wconf 81' lang='grc' dir='ltr'>τοῦτα</span> <span class='ocrx_word' id='word_1_158' title='bbox 1463 2110 1514 2186; x_wconf 87' lang='grc' dir='ltr'>μὲν</span> <span class='ocrx_word' id='word_1_159' title='bbox 1535 2111 1547 2168; x_wconf 86' lang='grc' dir='ltr'>ό</span> 
     </span>
     <span class='ocr_line' id='line_1_16' title="bbox 261 2230 1546 2313; baseline 0 -21"><span class='ocrx_word' id='word_1_160' title='bbox 261 2235 468 2312; x_wconf 75' lang='grc' dir='ltr'>παναγιιίπατος</span> <span class='ocrx_word' id='word_1_161' title='bbox 489 2231 536 2293; x_wconf 77' lang='grc' dir='ltr'>καὶ</span> <span class='ocrx_word' id='word_1_162' title='bbox 558 2230 745 2307; x_wconf 83' lang='grc' dir='ltr'>οίιισυμενσιδς</span> <span class='ocrx_word' id='word_1_163' title='bbox 766 2234 936 2313; x_wconf 72' lang='grc' dir='ltr'>πατριάρχης</span> <span class='ocrx_word' id='word_1_164' title='bbox 951 2232 1275 2311; x_wconf 87' lang='grc' dir='ltr'>Κωνσταντινουπόλεως,</span> <span class='ocrx_word' id='word_1_165' title='bbox 1298 2233 1389 2312; x_wconf 77' lang='grc' dir='ltr'>κύριος</span> <span class='ocrx_word' id='word_1_166' title='bbox 1404 2233 1546 2312; x_wconf 77' lang='grc' dir='ltr'>Ἱερεμίας</span> 
     </span>
     <span class='ocr_line' id='line_1_17' title="bbox 261 2353 1545 2434; baseline -0.002 -17"><span class='ocrx_word' id='word_1_167' title='bbox 261 2354 308 2418; x_wconf 78' lang='grc' dir='ltr'>καί</span> <span class='ocrx_word' id='word_1_168' title='bbox 333 2357 523 2426; x_wconf 86' lang='grc' dir='ltr'>ποθεινότατος</span> <span class='ocrx_word' id='word_1_169' title='bbox 549 2357 628 2430; x_wconf 76' lang='grc' dir='ltr'>ἡμῶν</span> <span class='ocrx_word' id='word_1_170' title='bbox 656 2355 776 2433; x_wconf 78' lang='grc' dir='ltr'>ἀδελφός</span> <span class='ocrx_word' id='word_1_171' title='bbox 803 2353 850 2414; x_wconf 77' lang='grc' dir='ltr'>καὶ</span> <span class='ocrx_word' id='word_1_172' title='bbox 877 2355 1088 2434; x_wconf 83' lang='grc' dir='ltr'>συλλειτουργός</span> <span class='ocrx_word' id='word_1_173' title='bbox 1116 2353 1160 2414; x_wconf 80' lang='grc' dir='ltr'>διὰ</span> <span class='ocrx_word' id='word_1_174' title='bbox 1186 2356 1349 2434; x_wconf 80' lang='grc' dir='ltr'>γράμματος</span> <span class='ocrx_word' id='word_1_175' title='bbox 1376 2353 1545 2434; x_wconf 83' lang='grc' dir='ltr'>ἀποφαίνεται</span> 
     </span>
     <span class='ocr_line' id='line_1_18' title="bbox 263 2474 1545 2556; baseline -0.006 -18"><span class='ocrx_word' id='word_1_176' title='bbox 263 2477 332 2552; x_wconf 79' lang='grc' dir='ltr'>μετὰ</span> <span class='ocrx_word' id='word_1_177' title='bbox 359 2477 457 2537; x_wconf 86' lang='grc' dir='ltr'>ἀλύτου</span> <span class='ocrx_word' id='word_1_178' title='bbox 481 2476 637 2556; x_wconf 88' lang='grc' dir='ltr'>ἀφορισμσῦ,</span> <span class='ocrx_word' id='word_1_179' title='bbox 664 2476 708 2536; x_wconf 86' lang='grc' dir='ltr'>ἵνα</span> <span class='ocrx_word' id='word_1_180' title='bbox 729 2477 842 2554; x_wconf 88' lang='grc' dir='ltr'>γένηται</span> <span class='ocrx_word' id='word_1_181' title='bbox 868 2476 1012 2556; x_wconf 85' lang='grc' dir='ltr'>ιιοινόβισν,</span> <span class='ocrx_word' id='word_1_182' title='bbox 1040 2477 1071 2535; x_wconf 77' lang='grc' dir='ltr'>τό</span> <span class='ocrx_word' id='word_1_183' title='bbox 1098 2476 1161 2535; x_wconf 79' lang='grc' dir='ltr'>αίιτδ</span> <span class='ocrx_word' id='word_1_184' title='bbox 1188 2474 1274 2552; x_wconf 76' lang='grc' dir='ltr'>ιιαὶό,</span> <span class='ocrx_word' id='word_1_185' title='bbox 1302 2479 1446 2556; x_wconf 83' lang='grc' dir='ltr'>μετριότης</span> <span class='ocrx_word' id='word_1_186' title='bbox 1471 2477 1545 2551; x_wconf 77' lang='grc' dir='ltr'>ἡμῶν</span> 
     </span>
     <span class='ocr_line' id='line_1_19' title="bbox 262 2595 1543 2679; baseline -0.002 -20"><span class='ocrx_word' id='word_1_187' title='bbox 262 2597 436 2678; x_wconf 87' lang='grc' dir='ltr'>ἀποφαίνεται</span> <span class='ocrx_word' id='word_1_188' title='bbox 466 2599 496 2658; x_wconf 84' lang='grc' dir='ltr'>ἐν</span> <span class='ocrx_word' id='word_1_189' title='bbox 523 2597 593 2677; x_wconf 82' lang='grc' dir='ltr'>ἁγίῳ</span> <span class='ocrx_word' id='word_1_190' title='bbox 622 2599 752 2675; x_wconf 87' lang='grc' dir='ltr'>πνεύματι</span> <span class='ocrx_word' id='word_1_191' title='bbox 781 2599 909 2676; x_wconf 90' lang='grc' dir='ltr'>γενέσθαι</span> <span class='ocrx_word' id='word_1_192' title='bbox 939 2596 986 2656; x_wconf 76' lang='grc' dir='ltr'>τισὶ</span> <span class='ocrx_word' id='word_1_193' title='bbox 1014 2598 1051 2673; x_wconf 83' lang='grc' dir='ltr'>μὴ</span> <span class='ocrx_word' id='word_1_194' title='bbox 1083 2596 1181 2670; x_wconf 87' lang='grc' dir='ltr'>άλλως</span> <span class='ocrx_word' id='word_1_195' title='bbox 1212 2595 1251 2670; x_wconf 88' lang='grc' dir='ltr'>είς</span> <span class='ocrx_word' id='word_1_196' title='bbox 1282 2597 1366 2679; x_wconf 83' lang='grc' dir='ltr'>βάρος</span> <span class='ocrx_word' id='word_1_197' title='bbox 1393 2599 1543 2678; x_wconf 84' lang='grc' dir='ltr'>σίφορισμσῦ,</span> 
     </span>
     <span class='ocr_line' id='line_1_20' title="bbox 263 2714 1543 2802; baseline -0.003 -22"><span class='ocrx_word' id='word_1_198' title='bbox 263 2719 314 2800; x_wconf 87' lang='grc' dir='ltr'>διό,</span> <span class='ocrx_word' id='word_1_199' title='bbox 335 2723 373 2793; x_wconf 84' lang='grc' dir='ltr'>ὡς</span> <span class='ocrx_word' id='word_1_200' title='bbox 387 2723 527 2802; x_wconf 74' lang='grc' dir='ltr'>γράφομεν</span> <span class='ocrx_word' id='word_1_201' title='bbox 549 2714 596 2780; x_wconf 78' lang='grc' dir='ltr'>καὶ</span> <span class='ocrx_word' id='word_1_202' title='bbox 618 2720 830 2799; x_wconf 89' lang='grc' dir='ltr'>ἀποφαινόμεθα,</span> <span class='ocrx_word' id='word_1_203' title='bbox 855 2719 939 2788; x_wconf 83' lang='grc' dir='ltr'>οῦτως</span> <span class='ocrx_word' id='word_1_204' title='bbox 961 2719 1008 2779; x_wconf 80' lang='grc' dir='ltr'>οιαὶ</span> <span class='ocrx_word' id='word_1_205' title='bbox 1030 2719 1107 2793; x_wconf 86' lang='grc' dir='ltr'>ὑμεῖς</span> <span class='ocrx_word' id='word_1_206' title='bbox 1130 2719 1302 2798; x_wconf 70' lang='grc' dir='ltr'>ἀναγκάσετε</span> <span class='ocrx_word' id='word_1_207' title='bbox 1322 2719 1370 2780; x_wconf 86' lang='grc' dir='ltr'>ιιαί</span> <span class='ocrx_word' id='word_1_208' title='bbox 1384 2719 1543 2800; x_wconf 84' lang='grc' dir='ltr'>συνδράμετε</span> 
     </span>
     <span class='ocr_line' id='line_1_21' title="bbox 261 2835 1542 2924; baseline -0.003 -22"><span class='ocrx_word' id='word_1_209' title='bbox 261 2843 331 2918; x_wconf 82' lang='grc' dir='ltr'>μετὰ</span> <span class='ocrx_word' id='word_1_210' title='bbox 352 2845 504 2924; x_wconf 84' lang='grc' dir='ltr'>πραότητος</span> <span class='ocrx_word' id='word_1_211' title='bbox 526 2841 573 2906; x_wconf 79' lang='grc' dir='ltr'>εστὶ</span> <span class='ocrx_word' id='word_1_212' title='bbox 597 2848 723 2922; x_wconf 81' lang='grc' dir='ltr'>στοργῆς,</span> <span class='ocrx_word' id='word_1_213' title='bbox 752 2843 787 2918; x_wconf 84' lang='grc' dir='ltr'>μὲ</span> <span class='ocrx_word' id='word_1_214' title='bbox 815 2835 869 2902; x_wconf 82' lang='grc' dir='ltr'>οἷον</span> <span class='ocrx_word' id='word_1_215' title='bbox 896 2843 992 2922; x_wconf 81' lang='grc' dir='ltr'>τρόπον</span> <span class='ocrx_word' id='word_1_216' title='bbox 1017 2841 1108 2900; x_wconf 87' lang='grc' dir='ltr'>οίδατε</span> <span class='ocrx_word' id='word_1_217' title='bbox 1137 2842 1216 2913; x_wconf 81' lang='grc' dir='ltr'>ἑνιτδς</span> <span class='ocrx_word' id='word_1_218' title='bbox 1241 2839 1459 2922; x_wconf 79' lang='grc' dir='ltr'>παρατηρήσεως</span> <span class='ocrx_word' id='word_1_219' title='bbox 1478 2861 1542 2910; x_wconf 88' lang='grc' dir='ltr'>τινος</span> 
     </span>
     <span class='ocr_line' id='line_1_22' title="bbox 260 2959 1569 3051; baseline -0.005 -25"><span class='ocrx_word' id='word_1_220' title='bbox 260 2965 306 3026; x_wconf 77' lang='grc' dir='ltr'>καί</span> <span class='ocrx_word' id='word_1_221' title='bbox 321 2966 478 3045; x_wconf 83' lang='grc' dir='ltr'>ἀντιλογίας</span> <span class='ocrx_word' id='word_1_222' title='bbox 494 2959 559 3051; x_wconf 84' lang='grc' dir='ltr'>[ἵνα]</span> <span class='ocrx_word' id='word_1_223' title='bbox 574 2965 684 3044; x_wconf 86' lang='grc' dir='ltr'>γένηται</span> <span class='ocrx_word' id='word_1_224' title='bbox 699 2965 729 3024; x_wconf 77' lang='grc' dir='ltr'>τό</span> <span class='ocrx_word' id='word_1_225' title='bbox 744 2965 886 3040; x_wconf 75' lang='grc' dir='ltr'>κοινόβιον.</span> <span class='ocrx_word' id='word_1_226' title='bbox 912 2965 1004 3025; x_wconf 83' lang='grc' dir='ltr'>ἔπειτα</span> <span class='ocrx_word' id='word_1_227' title='bbox 1025 2964 1076 3040; x_wconf 79' lang='grc' dir='ltr'>μὲν</span> <span class='ocrx_word' id='word_1_228' title='bbox 1098 2963 1223 3044; x_wconf 81' lang='grc' dir='ltr'>ὀφείλετε</span> <span class='ocrx_word' id='word_1_229' title='bbox 1246 2965 1342 3038; x_wconf 77' lang='grc' dir='ltr'>σώζειν</span> <span class='ocrx_word' id='word_1_230' title='bbox 1365 2962 1412 3024; x_wconf 76' lang='grc' dir='ltr'>καί</span> <span class='ocrx_word' id='word_1_231' title='bbox 1433 2964 1542 3042; x_wconf 87' lang='grc' dir='ltr'>πληρεῖν</span> <span class='ocrx_word' id='word_1_232' title='bbox 1568 2991 1569 2998; x_wconf 45' lang='lat'>1</span> 
     </span>
     <span class='ocr_line' id='line_1_23' title="bbox 260 3084 1539 3168; baseline -0.007 -20"><span class='ocrx_word' id='word_1_233' title='bbox 260 3093 348 3148; x_wconf 82' lang='grc' dir='ltr'>πᾶσαν</span> <span class='ocrx_word' id='word_1_234' title='bbox 374 3089 424 3164; x_wconf 83' lang='grc' dir='ltr'>τὴν</span> <span class='ocrx_word' id='word_1_235' title='bbox 450 3090 602 3168; x_wconf 84' lang='grc' dir='ltr'>πρέπουσαν</span> <span class='ocrx_word' id='word_1_236' title='bbox 628 3087 708 3162; x_wconf 82' lang='grc' dir='ltr'>τιμὴν</span> <span class='ocrx_word' id='word_1_237' title='bbox 739 3085 786 3146; x_wconf 81' lang='grc' dir='ltr'>καὶ</span> <span class='ocrx_word' id='word_1_238' title='bbox 813 3084 888 3159; x_wconf 83' lang='grc' dir='ltr'>τάξιν</span> <span class='ocrx_word' id='word_1_239' title='bbox 917 3085 964 3146; x_wconf 79' lang='grc' dir='ltr'>ταὶ</span> <span class='ocrx_word' id='word_1_240' title='bbox 991 3086 1113 3161; x_wconf 83' lang='grc' dir='ltr'>ύπαιισὴν</span> <span class='ocrx_word' id='word_1_241' title='bbox 1141 3084 1180 3156; x_wconf 84' lang='grc' dir='ltr'>εἰς</span> <span class='ocrx_word' id='word_1_242' title='bbox 1207 3087 1236 3146; x_wconf 82' lang='grc' dir='ltr'>τδ</span> <span class='ocrx_word' id='word_1_243' title='bbox 1259 3087 1337 3165; x_wconf 79' lang='grc' dir='ltr'>ἅγιον</span> <span class='ocrx_word' id='word_1_244' title='bbox 1361 3087 1539 3164; x_wconf 72' lang='grc' dir='ltr'>μοναστίγριον,</span> 
     </span>
     <span class='ocr_line' id='line_1_24' title="bbox 262 3199 1569 3289; baseline -0.008 -18"><span class='ocrx_word' id='word_1_245' title='bbox 262 3212 300 3284; x_wconf 81' lang='grc' dir='ltr'>ὡς</span> <span class='ocrx_word' id='word_1_246' title='bbox 331 3211 463 3272; x_wconf 70' lang='grc' dir='ltr'>ἀνέκαθεν</span> <span class='ocrx_word' id='word_1_247' title='bbox 491 3214 538 3270; x_wconf 91' lang='grc' dir='ltr'>τοῦ</span> <span class='ocrx_word' id='word_1_248' title='bbox 567 3208 640 3270; x_wconf 88' lang='grc' dir='ltr'>όσίου</span> <span class='ocrx_word' id='word_1_249' title='bbox 670 3207 870 3289; x_wconf 85' lang='grc' dir='ltr'>Χριστοδοῦλσυ</span> <span class='ocrx_word' id='word_1_250' title='bbox 902 3207 949 3268; x_wconf 73' lang='grc' dir='ltr'>καὶ</span> <span class='ocrx_word' id='word_1_251' title='bbox 983 3209 1165 3288; x_wconf 82' lang='grc' dir='ltr'>ἐπολιτεύετο,</span> <span class='ocrx_word' id='word_1_252' title='bbox 1194 3209 1240 3267; x_wconf 81' lang='grc' dir='ltr'>τόν</span> <span class='ocrx_word' id='word_1_253' title='bbox 1267 3207 1318 3282; x_wconf 87' lang='grc' dir='ltr'>μὲν</span> <span class='ocrx_word' id='word_1_254' title='bbox 1345 3207 1540 3285; x_wconf 70' lang='grc' dir='ltr'>καθηγούμενον</span> <span class='ocrx_word' id='word_1_255' title='bbox 1568 3199 1569 3276; x_wconf 54' lang='grc' dir='ltr'>ξ</span> 
     </span>
    </p>
   </div>
   <div class='ocr_carea' id='block_1_3' title="bbox 260 3327 1537 3410">
    <p class='ocr_par' dir='ltr' id='par_1_3' title="bbox 260 3299 1569 3410">
     <span class='ocr_line' id='line_1_25' title="bbox 260 3327 1537 3410; baseline -0.007 -17"><span class='ocrx_word' id='word_1_256' title='bbox 260 3338 355 3408; x_wconf 79' lang='grc' dir='ltr'>τιμάτε</span> <span class='ocrx_word' id='word_1_257' title='bbox 381 3331 428 3392; x_wconf 78' lang='grc' dir='ltr'>οιαὶ</span> <span class='ocrx_word' id='word_1_258' title='bbox 454 3331 578 3410; x_wconf 85' lang='grc' dir='ltr'>σέβεσθε,</span> <span class='ocrx_word' id='word_1_259' title='bbox 606 3333 645 3402; x_wconf 84' lang='grc' dir='ltr'>ὡς</span> <span class='ocrx_word' id='word_1_260' title='bbox 671 3333 749 3390; x_wconf 80' lang='grc' dir='ltr'>αῦτθν</span> <span class='ocrx_word' id='word_1_261' title='bbox 776 3332 821 3389; x_wconf 72' lang='grc' dir='ltr'>τὀν</span> <span class='ocrx_word' id='word_1_262' title='bbox 849 3329 980 3404; x_wconf 83' lang='grc' dir='ltr'>δεσπότην</span> <span class='ocrx_word' id='word_1_263' title='bbox 1003 3331 1135 3410; x_wconf 84' lang='grc' dir='ltr'>Χριστόν·</span> <span class='ocrx_word' id='word_1_264' title='bbox 1162 3328 1209 3390; x_wconf 87' lang='grc' dir='ltr'>ιιαί</span> <span class='ocrx_word' id='word_1_265' title='bbox 1231 3328 1285 3409; x_wconf 84' lang='grc' dir='ltr'>γάρ</span> <span class='ocrx_word' id='word_1_266' title='bbox 1314 3327 1355 3400; x_wconf 88' lang='grc' dir='ltr'>εἰς</span> <span class='ocrx_word' id='word_1_267' title='bbox 1375 3331 1458 3388; x_wconf 87' lang='grc' dir='ltr'>τόπον</span> <span class='ocrx_word' id='word_1_268' title='bbox 1480 3327 1537 3404; x_wconf 82' lang='grc' dir='ltr'>Χρι-</span> 
     </span>
    </p>
   </div>
   <div class='ocr_carea' id='block_1_4' title="bbox 258 3445 1569 4755">
    <p class='ocr_par' dir='ltr' id='par_1_4' title="bbox 261 3445 1569 4022">
     <span class='ocr_line' id='line_1_26' title="bbox 261 3445 1569 3536; baseline -0.009 -22"><span class='ocrx_word' id='word_1_269' title='bbox 261 3457 323 3514; x_wconf 91' lang='grc' dir='ltr'>στοῦ</span> <span class='ocrx_word' id='word_1_270' title='bbox 346 3453 506 3532; x_wconf 82' lang='grc' dir='ltr'>ἀναφέρεται</span> <span class='ocrx_word' id='word_1_271' title='bbox 528 3453 543 3510; x_wconf 85' lang='grc' dir='ltr'>ό</span> <span class='ocrx_word' id='word_1_272' title='bbox 565 3455 710 3532; x_wconf 88' lang='grc' dir='ltr'>προεστῦς,</span> <span class='ocrx_word' id='word_1_273' title='bbox 733 3450 825 3523; x_wconf 78' lang='grc' dir='ltr'>καθὼς</span> <span class='ocrx_word' id='word_1_274' title='bbox 848 3451 974 3526; x_wconf 86' lang='grc' dir='ltr'>σημαίνει</span> <span class='ocrx_word' id='word_1_275' title='bbox 996 3453 1011 3510; x_wconf 92' lang='grc' dir='ltr'>ό</span> <span class='ocrx_word' id='word_1_276' title='bbox 1033 3453 1124 3531; x_wconf 81' lang='grc' dir='ltr'>τύπος,</span> <span class='ocrx_word' id='word_1_277' title='bbox 1147 3451 1209 3523; x_wconf 81' lang='grc' dir='ltr'>τοῦς</span> <span class='ocrx_word' id='word_1_278' title='bbox 1231 3450 1262 3510; x_wconf 88' lang='grc' dir='ltr'>δὲ</span> <span class='ocrx_word' id='word_1_279' title='bbox 1285 3449 1482 3531; x_wconf 86' lang='grc' dir='ltr'>ίερομονάχσυς</span> <span class='ocrx_word' id='word_1_280' title='bbox 1501 3445 1537 3506; x_wconf 85' lang='grc' dir='ltr'>ιιιί</span> <span class='ocrx_word' id='word_1_281' title='bbox 1568 3503 1569 3536; x_wconf 54' lang='grc'>,</span> 
     </span>
     <span class='ocr_line' id='line_1_27' title="bbox 263 3570 1569 3660; baseline -0.005 -26"><span class='ocrx_word' id='word_1_282' title='bbox 263 3575 395 3655; x_wconf 86' lang='grc' dir='ltr'>γέροντας</span> <span class='ocrx_word' id='word_1_283' title='bbox 427 3575 482 3654; x_wconf 86' lang='grc' dir='ltr'>χρὴ</span> <span class='ocrx_word' id='word_1_284' title='bbox 517 3573 691 3649; x_wconf 74' lang='grc' dir='ltr'>εὐλαβεῖσθαι</span> <span class='ocrx_word' id='word_1_285' title='bbox 724 3573 771 3634; x_wconf 85' lang='grc' dir='ltr'>νιαί</span> <span class='ocrx_word' id='word_1_286' title='bbox 803 3575 911 3652; x_wconf 81' lang='grc' dir='ltr'>ἀγαπᾶν</span> <span class='ocrx_word' id='word_1_287' title='bbox 945 3574 983 3644; x_wconf 86' lang='grc' dir='ltr'>ὡς</span> <span class='ocrx_word' id='word_1_288' title='bbox 1017 3573 1184 3644; x_wconf 80' lang='grc' dir='ltr'>ἀποστόλους</span> <span class='ocrx_word' id='word_1_289' title='bbox 1224 3573 1348 3653; x_wconf 89' lang='grc' dir='ltr'>Χριστοῦ.</span> <span class='ocrx_word' id='word_1_290' title='bbox 1384 3570 1431 3632; x_wconf 78' lang='grc' dir='ltr'>οιαὶ</span> <span class='ocrx_word' id='word_1_291' title='bbox 1465 3571 1536 3638; x_wconf 75' lang='grc' dir='ltr'>οὗτος</span> <span class='ocrx_word' id='word_1_292' title='bbox 1568 3641 1569 3660; x_wconf 35' lang='grc' dir='ltr'>γ</span> 
     </span>
     <span class='ocr_line' id='line_1_28' title="bbox 261 3679 1569 3778; baseline -0.008 -20"><span class='ocrx_word' id='word_1_293' title='bbox 261 3700 392 3778; x_wconf 74' lang='grc' dir='ltr'>προσήκει</span> <span class='ocrx_word' id='word_1_294' title='bbox 414 3694 460 3757; x_wconf 79' lang='grc' dir='ltr'>οιαὶ</span> <span class='ocrx_word' id='word_1_295' title='bbox 482 3696 543 3768; x_wconf 83' lang='grc' dir='ltr'>τούς</span> <span class='ocrx_word' id='word_1_296' title='bbox 570 3697 681 3766; x_wconf 80' lang='grc' dir='ltr'>λοιπούς</span> <span class='ocrx_word' id='word_1_297' title='bbox 703 3697 841 3774; x_wconf 82' lang='grc' dir='ltr'>μσνσχοῦς</span> <span class='ocrx_word' id='word_1_298' title='bbox 863 3696 1009 3769; x_wconf 84' lang='grc' dir='ltr'>ἀπονέμειν</span> <span class='ocrx_word' id='word_1_299' title='bbox 1031 3697 1120 3754; x_wconf 83' lang='grc' dir='ltr'>πᾶσαν</span> <span class='ocrx_word' id='word_1_300' title='bbox 1144 3694 1253 3773; x_wconf 77' lang='grc' dir='ltr'>ἀγάπην</span> <span class='ocrx_word' id='word_1_301' title='bbox 1276 3695 1409 3770; x_wconf 84' lang='grc' dir='ltr'>ἀληθινὴν</span> <span class='ocrx_word' id='word_1_302' title='bbox 1437 3689 1482 3753; x_wconf 84' lang='grc' dir='ltr'>διὰ</span> <span class='ocrx_word' id='word_1_303' title='bbox 1500 3695 1535 3750; x_wconf 87' lang='grc' dir='ltr'>τοῦ</span> <span class='ocrx_word' id='word_1_304' title='bbox 1568 3679 1569 3752; x_wconf 70' lang='grc' dir='ltr'>ί</span> 
     </span>
     <span class='ocr_line' id='line_1_29' title="bbox 264 3809 1569 3900; baseline 0 -22"><span class='ocrx_word' id='word_1_305' title='bbox 264 3822 406 3897; x_wconf 78' lang='grc' dir='ltr'>σχήματος</span> <span class='ocrx_word' id='word_1_306' title='bbox 427 3823 474 3879; x_wconf 91' lang='grc' dir='ltr'>τοῦ</span> <span class='ocrx_word' id='word_1_307' title='bbox 495 3817 586 3898; x_wconf 76' lang='grc' dir='ltr'>ἁγίου,</span> <span class='ocrx_word' id='word_1_308' title='bbox 611 3819 739 3889; x_wconf 83' lang='grc' dir='ltr'>ὡσαύτως</span> <span class='ocrx_word' id='word_1_309' title='bbox 765 3817 813 3878; x_wconf 77' lang='grc' dir='ltr'>οιαὶ</span> <span class='ocrx_word' id='word_1_310' title='bbox 837 3819 916 3890; x_wconf 79' lang='grc' dir='ltr'>οάτδς</span> <span class='ocrx_word' id='word_1_311' title='bbox 942 3819 1009 3900; x_wconf 81' lang='grc' dir='ltr'>πρδς</span> <span class='ocrx_word' id='word_1_312' title='bbox 1036 3818 1106 3894; x_wconf 82' lang='grc' dir='ltr'>ὑμᾶς</span> <span class='ocrx_word' id='word_1_313' title='bbox 1133 3817 1182 3892; x_wconf 84' lang='grc' dir='ltr'>τὴν</span> <span class='ocrx_word' id='word_1_314' title='bbox 1208 3817 1279 3876; x_wconf 79' lang='grc' dir='ltr'>κατὰ</span> <span class='ocrx_word' id='word_1_315' title='bbox 1305 3818 1367 3876; x_wconf 78' lang='grc' dir='ltr'>θεόν</span> <span class='ocrx_word' id='word_1_316' title='bbox 1389 3817 1480 3895; x_wconf 79' lang='grc' dir='ltr'>φιλίαν</span> <span class='ocrx_word' id='word_1_317' title='bbox 1498 3809 1533 3873; x_wconf 73' lang='grc' dir='ltr'>ναί</span> <span class='ocrx_word' id='word_1_318' title='bbox 1568 3811 1569 3878; x_wconf 62' lang='grc' dir='ltr'>ζ</span> 
     </span>
     <span class='ocr_line' id='line_1_30' title="bbox 261 3937 1532 4022; baseline -0.004 -22"><span class='ocrx_word' id='word_1_319' title='bbox 261 3941 375 4021; x_wconf 71' lang='grc' dir='ltr'>στοργλν</span> <span class='ocrx_word' id='word_1_320' title='bbox 404 3941 488 4022; x_wconf 77' lang='grc' dir='ltr'>ἔχειν,</span> <span class='ocrx_word' id='word_1_321' title='bbox 517 3941 555 4012; x_wconf 86' lang='grc' dir='ltr'>ὡς</span> <span class='ocrx_word' id='word_1_322' title='bbox 576 3939 745 4014; x_wconf 76' lang='grc' dir='ltr'>πνευματικά</span> <span class='ocrx_word' id='word_1_323' title='bbox 766 3942 859 4001; x_wconf 78' lang='grc' dir='ltr'>τέκνα.</span> <span class='ocrx_word' id='word_1_324' title='bbox 889 3937 935 3999; x_wconf 77' lang='grc' dir='ltr'>καί</span> <span class='ocrx_word' id='word_1_325' title='bbox 962 3938 1037 4010; x_wconf 82' lang='grc' dir='ltr'>αιίθις</span> <span class='ocrx_word' id='word_1_326' title='bbox 1060 3937 1099 4011; x_wconf 88' lang='grc' dir='ltr'>είς</span> <span class='ocrx_word' id='word_1_327' title='bbox 1121 3943 1197 3998; x_wconf 92' lang='grc' dir='ltr'>τοῦτο</span> <span class='ocrx_word' id='word_1_328' title='bbox 1220 3939 1385 4018; x_wconf 75' lang='grc' dir='ltr'>προσεκτέον</span> <span class='ocrx_word' id='word_1_329' title='bbox 1407 3937 1455 3998; x_wconf 79' lang='grc' dir='ltr'>ναί</span> <span class='ocrx_word' id='word_1_330' title='bbox 1475 3939 1532 4013; x_wconf 85' lang='grc' dir='ltr'>πάσῃ</span> 
     </span>
    </p>

    <p class='ocr_par' dir='ltr' id='par_1_5' title="bbox 258 4059 1569 4755">
     <span class='ocr_line' id='line_1_31' title="bbox 260 4059 1569 4145; baseline -0.005 -23"><span class='ocrx_word' id='word_1_331' title='bbox 260 4063 369 4145; x_wconf 69' lang='grc' dir='ltr'>φυλακῇ</span> <span class='ocrx_word' id='word_1_332' title='bbox 391 4064 531 4143; x_wconf 84' lang='grc' dir='ltr'>τηρητέον,</span> <span class='ocrx_word' id='word_1_333' title='bbox 554 4062 598 4122; x_wconf 88' lang='grc' dir='ltr'>ίνα</span> <span class='ocrx_word' id='word_1_334' title='bbox 625 4064 730 4136; x_wconf 78' lang='grc' dir='ltr'>μήποτε</span> <span class='ocrx_word' id='word_1_335' title='bbox 751 4063 863 4140; x_wconf 85' lang='grc' dir='ltr'>γένηται</span> <span class='ocrx_word' id='word_1_336' title='bbox 889 4062 954 4142; x_wconf 87' lang='grc' dir='ltr'>παρ’</span> <span class='ocrx_word' id='word_1_337' title='bbox 977 4063 1052 4136; x_wconf 78' lang='grc' dir='ltr'>ὑμῶν</span> <span class='ocrx_word' id='word_1_338' title='bbox 1079 4061 1216 4140; x_wconf 83' lang='grc' dir='ltr'>φατρίαῆ</span> <span class='ocrx_word' id='word_1_339' title='bbox 1239 4061 1383 4136; x_wconf 87' lang='grc' dir='ltr'>συνομσσία</span> <span class='ocrx_word' id='word_1_340' title='bbox 1409 4061 1480 4121; x_wconf 72' lang='grc' dir='ltr'>κατὰ</span> <span class='ocrx_word' id='word_1_341' title='bbox 1497 4059 1531 4116; x_wconf 86' lang='grc' dir='ltr'>τοῦ</span> <span class='ocrx_word' id='word_1_342' title='bbox 1568 4075 1569 4084; x_wconf 68' lang='grc'>’</span> 
     </span>
     <span class='ocr_line' id='line_1_32' title="bbox 260 4173 1569 4264; baseline -0.004 -19"><span class='ocrx_word' id='word_1_343' title='bbox 260 4185 413 4264; x_wconf 76' lang='grc' dir='ltr'>ἡγουμένου</span> <span class='ocrx_word' id='word_1_344' title='bbox 434 4187 453 4258; x_wconf 80' lang='grc' dir='ltr'>ἢ</span> <span class='ocrx_word' id='word_1_345' title='bbox 475 4182 516 4256; x_wconf 89' lang='grc' dir='ltr'>εἰς</span> <span class='ocrx_word' id='word_1_346' title='bbox 539 4185 630 4264; x_wconf 90' lang='grc' dir='ltr'>έτερον</span> <span class='ocrx_word' id='word_1_347' title='bbox 656 4185 799 4263; x_wconf 88' lang='grc' dir='ltr'>πρόσωπον</span> <span class='ocrx_word' id='word_1_348' title='bbox 826 4183 903 4245; x_wconf 80' lang='grc' dir='ltr'>ἔνδον</span> <span class='ocrx_word' id='word_1_349' title='bbox 929 4188 975 4242; x_wconf 89' lang='grc' dir='ltr'>τοῦ</span> <span class='ocrx_word' id='word_1_350' title='bbox 1003 4183 1181 4263; x_wconf 86' lang='grc' dir='ltr'>μσναστηρίσυ</span> <span class='ocrx_word' id='word_1_351' title='bbox 1209 4183 1244 4243; x_wconf 87' lang='grc' dir='ltr'>δι’</span> <span class='ocrx_word' id='word_1_352' title='bbox 1267 4181 1352 4243; x_wconf 88' lang='grc' dir='ltr'>αἰτίαν</span> <span class='ocrx_word' id='word_1_353' title='bbox 1374 4185 1443 4262; x_wconf 90' lang='grc' dir='ltr'>τινά,</span> <span class='ocrx_word' id='word_1_354' title='bbox 1471 4177 1530 4240; x_wconf 74' lang='grc' dir='ltr'>ἀλλὰ</span> <span class='ocrx_word' id='word_1_355' title='bbox 1568 4173 1569 4240; x_wconf 72' lang='lat' dir='ltr'>J</span> 
     </span>
     <span class='ocr_line' id='line_1_33' title="bbox 260 4301 1569 4386; baseline -0.004 -20"><span class='ocrx_word' id='word_1_356' title='bbox 260 4309 320 4382; x_wconf 84' lang='grc' dir='ltr'>μετ’</span> <span class='ocrx_word' id='word_1_357' title='bbox 343 4304 485 4382; x_wconf 85' lang='grc' dir='ltr'>εῦμενείας</span> <span class='ocrx_word' id='word_1_358' title='bbox 511 4304 557 4365; x_wconf 87' lang='grc' dir='ltr'>νιαί</span> <span class='ocrx_word' id='word_1_359' title='bbox 583 4308 735 4386; x_wconf 86' lang='grc' dir='ltr'>πραότητος</span> <span class='ocrx_word' id='word_1_360' title='bbox 761 4305 924 4386; x_wconf 88' lang='grc' dir='ltr'>διορθούσθω</span> <span class='ocrx_word' id='word_1_361' title='bbox 954 4306 988 4365; x_wconf 87' lang='grc' dir='ltr'>τὰ</span> <span class='ocrx_word' id='word_1_362' title='bbox 1013 4308 1171 4386; x_wconf 84' lang='grc' dir='ltr'>πράγματα,</span> <span class='ocrx_word' id='word_1_363' title='bbox 1200 4306 1268 4385; x_wconf 83' lang='grc' dir='ltr'>άπερ</span> <span class='ocrx_word' id='word_1_364' title='bbox 1294 4304 1434 4378; x_wconf 78' lang='grc' dir='ltr'>πολλάκις</span> <span class='ocrx_word' id='word_1_365' title='bbox 1453 4321 1530 4382; x_wconf 88' lang='grc' dir='ltr'>παρα·</span> <span class='ocrx_word' id='word_1_366' title='bbox 1568 4301 1569 4378; x_wconf 87' lang='lat' dir='ltr'>j</span> 
     </span>
     <span class='ocr_line' id='line_1_34' title="bbox 260 4418 1569 4516; baseline -0.006 -26"><span class='ocrx_word' id='word_1_367' title='bbox 260 4424 414 4514; x_wconf 82' lang='grc' dir='ltr'>[ιιιν]οῦνται</span> <span class='ocrx_word' id='word_1_368' title='bbox 441 4429 491 4489; x_wconf 78' lang='grc' dir='ltr'>ὑπο</span> <span class='ocrx_word' id='word_1_369' title='bbox 513 4427 608 4508; x_wconf 85' lang='grc' dir='ltr'>φθόνου</span> <span class='ocrx_word' id='word_1_370' title='bbox 630 4431 675 4487; x_wconf 91' lang='grc' dir='ltr'>τοῦ</span> <span class='ocrx_word' id='word_1_371' title='bbox 698 4427 858 4502; x_wconf 83' lang='grc' dir='ltr'>μισσιιάλου.</span> <span class='ocrx_word' id='word_1_372' title='bbox 885 4426 931 4487; x_wconf 84' lang='grc' dir='ltr'>νιαί</span> <span class='ocrx_word' id='word_1_373' title='bbox 954 4428 1038 4500; x_wconf 86' lang='grc' dir='ltr'>οῦτως</span> <span class='ocrx_word' id='word_1_374' title='bbox 1061 4427 1118 4488; x_wconf 82' lang='grc' dir='ltr'>ἔδει</span> <span class='ocrx_word' id='word_1_375' title='bbox 1140 4429 1237 4504; x_wconf 88' lang='grc' dir='ltr'>ποιεῖν,</span> <span class='ocrx_word' id='word_1_376' title='bbox 1258 4426 1303 4485; x_wconf 84' lang='grc' dir='ltr'>ἵνα</span> <span class='ocrx_word' id='word_1_377' title='bbox 1323 4428 1341 4501; x_wconf 80' lang='grc' dir='ltr'><strong>ἠ</strong></span> <span class='ocrx_word' id='word_1_378' title='bbox 1365 4425 1477 4504; x_wconf 75' lang='grc' dir='ltr'>εὐλογία</span> <span class='ocrx_word' id='word_1_379' title='bbox 1495 4418 1529 4482; x_wconf 78' lang='grc' dir='ltr'>τισί</span> <span class='ocrx_word' id='word_1_380' title='bbox 1568 4499 1569 4516; x_wconf 41' lang='grc'>,</span> 
     </span>
     <span class='ocr_line' id='line_1_35' title="bbox 258 4539 1569 4632; baseline -0.007 -20"><span class='ocrx_word' id='word_1_381' title='bbox 258 4553 276 4628; x_wconf 83' lang='grc' dir='ltr'>ἡ</span> <span class='ocrx_word' id='word_1_382' title='bbox 304 4553 372 4630; x_wconf 78' lang='grc' dir='ltr'>εὐχὴ</span> <span class='ocrx_word' id='word_1_383' title='bbox 402 4557 455 4612; x_wconf 84' lang='grc' dir='ltr'>τῶν</span> <span class='ocrx_word' id='word_1_384' title='bbox 483 4552 608 4632; x_wconf 87' lang='grc' dir='ltr'>πατέρων</span> <span class='ocrx_word' id='word_1_385' title='bbox 638 4551 712 4610; x_wconf 79' lang='grc' dir='ltr'>ἔσται</span> <span class='ocrx_word' id='word_1_386' title='bbox 738 4550 926 4632; x_wconf 89' lang='grc' dir='ltr'>περιτείχισμα</span> <span class='ocrx_word' id='word_1_387' title='bbox 952 4551 1027 4626; x_wconf 83' lang='grc' dir='ltr'>ὑμῶν</span> <span class='ocrx_word' id='word_1_388' title='bbox 1058 4547 1097 4622; x_wconf 88' lang='grc' dir='ltr'>εἰς</span> <span class='ocrx_word' id='word_1_389' title='bbox 1127 4547 1260 4630; x_wconf 85' lang='grc' dir='ltr'>σωτηρίαν</span> <span class='ocrx_word' id='word_1_390' title='bbox 1291 4545 1337 4608; x_wconf 88' lang='grc' dir='ltr'>ιιαί</span> <span class='ocrx_word' id='word_1_391' title='bbox 1366 4545 1470 4620; x_wconf 78' lang='grc' dir='ltr'>εύεξίαν</span> <span class='ocrx_word' id='word_1_392' title='bbox 1494 4539 1528 4603; x_wconf 76' lang='grc' dir='ltr'>ντί</span> <span class='ocrx_word' id='word_1_393' title='bbox 1568 4577 1569 4622; x_wconf 79' lang='lat'>3</span> 
     </span>
     <span class='ocr_line' id='line_1_36' title="bbox 260 4645 1569 4755; baseline -0.007 -21"><span class='ocrx_word' id='word_1_394' title='bbox 260 4675 359 4755; x_wconf 74' lang='grc' dir='ltr'>ἄφατον</span> <span class='ocrx_word' id='word_1_395' title='bbox 381 4673 542 4754; x_wconf 84' lang='grc' dir='ltr'>εῦφρσσύνην</span> <span class='ocrx_word' id='word_1_396' title='bbox 563 4673 753 4749; x_wconf 71' lang='grc' dir='ltr'>πνευματικήν.</span> <span class='ocrx_word' id='word_1_397' title='bbox 786 4672 816 4732; x_wconf 82' lang='grc' dir='ltr'>σθ</span> <span class='ocrx_word' id='word_1_398' title='bbox 839 4671 879 4754; x_wconf 86' lang='grc' dir='ltr'>δέ,</span> <span class='ocrx_word' id='word_1_399' title='bbox 902 4674 1045 4748; x_wconf 81' lang='grc' dir='ltr'>τιμιώτατε</span> <span class='ocrx_word' id='word_1_400' title='bbox 1072 4672 1166 4753; x_wconf 77' lang='grc' dir='ltr'>ἄρχων</span> <span class='ocrx_word' id='word_1_401' title='bbox 1188 4675 1247 4752; x_wconf 82' lang='grc' dir='ltr'>ιιῦρι</span> <span class='ocrx_word' id='word_1_402' title='bbox 1269 4671 1474 4748; x_wconf 81' lang='grc' dir='ltr'>Διαιιοιωάννου,</span> <span class='ocrx_word' id='word_1_403' title='bbox 1490 4649 1527 4721; x_wconf 65' lang='grc' dir='ltr'>ὐἱὲ</span> <span class='ocrx_word' id='word_1_404' title='bbox 1568 4645 1569 4694; x_wconf 46' lang='grc' dir='ltr'>Ῐ</span> 
     </span>
    </p>
   </div>
   <div class='ocr_carea' id='block_1_5' title="bbox 0 0 1586 5278">
    <p class='ocr_par' dir='ltr' id='par_1_6' title="bbox 0 0 1586 5278">
     <span class='ocr_line' id='line_1_37' title="bbox 0 0 1586 5278; baseline 0 1"><span class='ocrx_word' id='word_1_405' title='bbox 0 0 1586 5278; x_wconf 95' lang='lat' dir='ltr'> </span> 
     </span>
    </p>
   </div>
  </div>
 </body>
</html>
