3162 5278
1271 332 1333 397 327

46 521 215 598 ἐστερημένος
248 522 349 593 παντὺς
386 520 614 596 έκκλησιαστικοὺ
647 517 693 584 καί
733 524 873 604 ἐνοριακοὺ
911 523 1092 600 είαοδήματος
1128 526 1192 604 παρ’
1225 524 1335 597 οὑδενὺς

45 644 255 721 τυμφοροὺμενος
277 647 294 718 ἡ
318 643 612 724 συλλειτουργοὺμενος
633 649 652 720 ἢ
676 648 714 718 ὡς
737 645 825 728 ίερεὺς
847 649 999 724 τιμώμενος
1022 650 1040 722 ἠ
1063 648 1111 722 τἠν
1133 649 1216 728 χεῖρα
1242 647 1333 706 ἀσπα-

45 767 149 837 ζέμενας
182 765 210 823 ἐν
240 764 319 843 βάρει
350 765 464 846 ὑφγείας
493 765 539 826 καί
570 767 669 828 ιἰλὺτου
700 767 857 848 ἀφορισμοῡ,
887 767 987 840 λαϊκδς
1019 767 1049 828 δέ
1078 769 1263 848 ἀφωρισμένος
1290 767 1333 844 εἴη

45 885 88 944 inb
118 888 184 946 θεοῦ
214 887 305 966 κυρίου
334 891 551 969 παντοκράτορος
584 889 631 950 καί
661 891 852 969 κατηραμένος
882 887 929 950 καί
959 886 1154 972 ἀσυγηιὺρητος
1187 888 1234 950 καὶ
1264 891 1334 963 μετὰ

44 1009 150 1068 θένατον
179 1009 278 1081 αἵλυτος
305 1007 352 1068 καί
377 1011 517 1090 προκοπὴν
545 1013 575 1070 οὑ
602 1011 639 1086 μὴ
669 1011 735 1072 είδοι
758 1015 878 1072 πώποτε.
911 1013 973 1072 ὑθεν
996 1010 1035 1086 είς
1059 1009 1173 1084 ἔνδειξιν
1195 1015 1241 1072 τοὺ
1264 1003 1334 1070 εἶναι

43 1129 81 1186 καὶ
107 1129 242 1206 λέγεσθαι
269 1132 315 1190 τδν
344 1131 526 1211 διαληφθέντα
548 1133 751 1210 Διακοϊωοίννην
779 1135 930 1194 ίίαλλοναῖν
957 1137 1004 1194 καὶ
1030 1134 1092 1206 τοὺς
1119 1133 1199 1193 αὑτοῦ
1226 1133 1333 1212 κληρο-

43 1253 132 1324 νὲμους
163 1251 270 1332 κυρίους
299 1249 347 1312 καὶ
378 1250 552 1325 ἐξαυσιαοτὰς
581 1259 627 1315 τοῦ
658 1255 786 1334 ῥηθέντας
815 1256 887 1314 θείου
916 1259 982 1316 ναοὺ
1011 1259 1057 1316 τοὺ
1087 1255 1334 1334 μεγαλομάρτυρος

44 1371 172 1452 Γεωργίου
202 1373 313 1452 ἐγένετο
343 1373 391 1436 καί
417 1377 448 1436 τὺ
474 1377 559 1456 παρὺν
587 1378 721 1456 ἡμέτερον
746 1377 942 1458 πατριαρχικὺν
972 1375 1110 1437 συνοδικδν
1140 1377 1257 1455 γράμμα
1287 1373 1333 1435 καὶ

43 1495 152 1570 ἐπεδόθη
182 1494 255 1574 αὑτῷ
283 1493 326 1556 ἐπὶ
353 1497 474 1572 διηνεκεῖ
495 1497 631 1581 ἀσφαλείᾳ
658 1498 703 1560 καί
727 1497 884 1574 βεβαιώσει.
917 1496 1033 1582 ,αψκβᾈ
1058 1498 1090 1557 ἐν
1114 1496 1191 1572 μηνὶ
1214 1497 1333 1576 ἀπριλ-

42 1615 105 1694 λίω,
128 1615 341 1691 ένδικτιιῖννος
365 1617 407 1679 ιε’.
431 1619 452 1696 †

138 1773 456 1853 Ὑπογεγραμμένον
477 1777 535 1836 ὑπδ
559 1777 680 1836 ἕνδεκα
703 1777 898 1858 ἀρχιερέων.
928 1777 1181 1854 καθηγούμενος
1206 1775 1331 1854 Γερμα-

41 1899 88 1966 νός
112 1897 248 1971 ίίοίτμου
271 1895 408 1976 βεβαιῶ,
432 1899 446 1956 ὑ
466 1919 500 1958 τε
523 1897 592 1959 ἴσον
616 1899 693 1959 ἐστί.

138 2060 291 2130 Exemplar
317 2062 402 2116 σίιανί.
433 2063 508 2118 Flor.
534 2063 574 2118 ΙΙ.
606 2082 655 2117 κτα
679 2067 728 2132 81,
760 2064 809 2134 ραι·
836 2063 900 2116 haec
930 2061 1023 2115 habet:
1056 2054 1106 2112 ὑπὺ
1140 2053 1185 2112 τδν
1220 2053 1332 2130 ἀριθμὺν

41 2165 124 2216 τοῦτον
148 2155 340 2234 κατετάξαμεν
363 2161 481 2241 τέσσαρα
503 2160 652 2240 ἀντίγραφα
675 2159 818 2240 σιγιλλίων
844 2157 976 2239 περὶτῆς
999 2158 1081 2233 αὑτῆς
1106 2155 1256 2233 ἐκκλησίας
1278 2162 1331 2216 τῶν

41 2263 232 2339 ’.ίπορθιανῶν
268 2269 325 2324 Sub
356 2289 405 2325 nro
434 2273 482 2341 80,
518 2272 595 2326 σκιίιιι
629 2273 766 2341 exemplar
798 2289 851 2325 ασιι
885 2271 959 2324 κασία·
990 2285 1091 2338 smnus,
1126 2267 1191 2322 λαισ
1223 2267 1331 2321 serabis:

41 2366 188 2446 Σωφρονίου
215 2364 243 2442 β’
271 2367 407 2446 σιγίλλιον
438 2369 466 2428 ἐν
494 2371 640 2450 μεμβράνη
668 2369 730 2450 περὶ
757 2375 807 2444 της
835 2366 986 2444 ἐκκλησίας
1015 2371 1061 2427 τοῦ
1091 2364 1169 2443 ἁγίου
1196 2364 1332 2444 Γεωργίου

40 2477 86 2528 τιῑιν
110 2473 294 2551 ’.ίπορθιανῶν
317 2473 347 2532 τδ
370 2481 463 2534 1777.
493 2475 619 2552 ἄρχεται·
647 2473 892 2552 «ὁμολογούμενόν
917 2472 972 2532 ἐστι
994 2471 1068 2552 παρὰ
1090 2475 1156 2530 πᾶσι
1178 2467 1225 2530 καί
1248 2469 1331 2528 οἰναν-

40 2574 166 2656 τίρρηταν,
197 2575 237 2636 δτι
265 2582 319 2636 τῶν
350 2577 421 2638 κατὰ
448 2577 556 2658 καιροὺς
582 2580 739 2656 γενομένων
769 2575 816 2638 καὶ
844 2577 1053 2656 περατουμένων
1080 2575 1244 2654 ὑποθέσεων,
1274 2575 1334 2633 θσαι

41 2681 86 2750 μέν
109 2677 160 2738 εἰσι
187 2681 258 2740 κατὰ
284 2681 371 2760 λέγον
398 2701 428 2740 τε
458 2681 504 2741 καί
531 2684 662 2759 κανόνας,
699 2683 801 2742 ἐκεῖναι
830 2683 938 2753 πάντως
967 2677 1014 2739 καί
1044 2679 1208 2754 ἀδιάβλητοί
1238 2677 1332 2740 εἰσιν».

45 2793 93 2852 Qui
106 2791 182 2845 nobis
203 2792 313 2846 tabulas
332 2794 490 2846 recentiores
505 2793 647 2862 descripsit
664 2794 692 2846 ιἰι
708 2793 846 2846 tabulario
861 2791 987 2860 coenobii,
1008 2791 1101 2844 addit:
1121 2784 1182 2862 ἔχει
1197 2784 1333 2858 μολὺβδι-

40 2909 80 2946 νον
102 2887 238 2968 σφραγῖδα
264 2889 310 2949 καὶ
336 2889 370 2965 ιβ’
395 2890 552 2972 ὑπογραφδις
575 2891 734 2970 ἀρχιερέων.
766 2897 810 2950 De
840 2895 940 2950 ιαθιιίέα
971 2895 1078 2948 insertis
1107 2911 1156 2947 nro
1181 2895 1218 2948 81
1244 2900 1333 2947 autem
1387 2939 1390 2944 .

41 2999 98 3052 haec
126 3000 222 3053 habet:
245 2993 464 3075 Ἀντίγραφον
488 2993 524 3055 α’.
556 2999 639 3072 (quod
672 2999 800 3069 adimam)
833 2991 947 3066 Ἐπειδὴ
980 2991 1163 3070 ἐνεφανίζοντο
1193 2991 1332 3070 κληρονθ-

41 3117 80 3168 μαι
106 3099 206 3172 ταίτης
235 3095 299 3182 (τῆς
323 3097 474 3174 ἐκκλησίας
496 3103 542 3159 τοὺ
566 3099 643 3177 ἁγίου
663 3099 683 3158 Γ
685 3095 815 3181 εωργίου)
842 3095 907 3158 ποτὲ
935 3094 985 3171 μέν
1009 3096 1042 3154 ἐκ
1064 3099 1129 3170 μιᾶς
1153 3092 1331 3174 οἰκογενείας,

41 3205 99 3262 ποτὲ
133 3203 167 3263 δὲ
202 3199 234 3275 ἐξ
268 3205 378 3284 ἐτέρας,
418 3200 570 3275 ἐξεδίδαντο
608 3204 732 3282 σιγιλλια
765 3204 923 3284 παρέχοντα
956 3201 1102 3274 κανονικὴν
1135 3199 1331 3279 κληρονομίαν.

42 3302 306 3388 ’.ίντίγραφονβ’.
331 3309 386 3368 Τοῦ
413 3310 581 3388 πατριάρχου
598 3308 719 3369 Παϊσίου.
748 3307 782 3368 'H
812 3307 876 3382 αὑτὴ
905 3307 1039 3377 ὑπόθεσις.
1067 3304 1121 3380 ἤδη
1150 3303 1333 3373 ἀποθανόντος

41 3417 79 3470 τοὺ
101 3414 303 3472 ’.θιακοϊωοίννου
326 3412 464 3472 ίίαλλονᾶ
490 3415 641 3492 παρέχεται
668 3414 698 3472 τὺ
725 3411 927 3493 κληρονομικὺν
951 3409 1088 3484 δικαίωμα
1115 3407 1153 3487 τῷ
1177 3405 1226 3485 υίῷ
1254 3408 1333 3466 αὑτοῦ

43 3515 164 3599 ίίαντελῇ
189 3515 338 3600 ίίαλλονᾷ.
373 3515 463 3598 'affl'
492 3523 601 3593 (1724)
632 3517 661 3576 ἐν
692 3515 755 3592 μηνί
786 3517 925 3595 αὑγοὺστῳ
952 3513 1002 3576 ίνδ.
1026 3511 1059 3584 ζ’.
1089 3513 1332 3592 ὑπογεγραμμένον

44 3619 82 3678 ἰπὺ
119 3619 262 3680 δεκαεπτὰ
298 3620 458 3700 ἀρχιερέων.
495 3620 717 3700 Ἀντίγραφον
750 3619 792 3699 γ’.
830 3619 886 3679 Τοῦ
918 3621 1085 3699 πατριάρχου
1119 3617 1262 3692 Σαμουὴλ.
1298 3615 1332 3674 Ἦ

44 3723 98 3798 αὑτὴ
125 3723 256 3794 ὑπόθεσις
282 3726 433 3803 παρέχεται
462 3725 493 3783 δὲ
516 3725 545 3783 τδ
569 3723 706 3800 δικαίωμα
728 3723 917 3804 κληρονομίας
940 3721 979 3796 εἰς
1000 3723 1046 3782 τδν
1069 3724 1185 3801 Μάρκον
1207 3720 1332 3795 Ῥάλλην

41 3827 81 3886 καὶ
109 3829 262 3908 ίίυριακήν,
299 3827 429 3906 ἐγγόνους
459 3829 586 3889 ’ίωαίννου
617 3827 764 3888 Ιίαλλονοῖ.
804 3825 896 3910 ,αψξγ
928 3833 1048 3902 (1763),
1085 3826 1113 3885 έν
1147 3823 1211 3901 μηνί
1242 3825 1331 3882 ὀκτω-

44 3929 112 4012 βρίῳ,
137 3931 189 3992 ίνδ.
216 3929 263 4010 ια’,
287 3932 533 4012 ὑπογεγραμμένον
556 3931 605 3994 ὑπδ
627 3932 661 4008 ιβ’
686 3933 847 4014 ἀρχιερέων.
871 3926 1081 4011 Ἀντίγραφον
1104 3927 1139 3990 δ’.
1163 3929 1219 3988 Τοὺ
1252 3929 1332 3987 αὑτοῦ

42 4040 210 4118 πατριάρχου.
246 4037 286 4096 Tb
320 4037 456 4114 σιγιλλιον
486 4041 562 4098 τοῦτο
597 4037 742 4118 ἀποκροὺει
775 4037 824 4110 τδις
856 4037 1012 4112 ἀπαιτήσεις
1047 4035 1145 4114 ἐτέρων
1179 4031 1332 4090 ἀντιποιου-

43 4141 122 4212 μένων
156 4141 206 4214 τὴν
239 4139 427 4220 κληρονομίαν
461 4148 509 4216 τῆς
542 4141 691 4216 ἐκκλησίας
725 4142 823 4216 ταύτης
856 4139 903 4200 καί
936 4137 1111 4218 ἀναγνωρίζει
1141 4137 1186 4195 τὺν
1217 4137 1331 4214 Μοίρκον

43 4243 159 4320 Ῥίλλην
198 4241 245 4302 καί
280 4246 327 4318 την
359 4245 498 4324 Κυριακὴν
538 4241 736 4330 (ἐξαδέλφους)
776 4247 814 4316 ὡς
847 4241 974 4321 γνησίους
1008 4241 1207 4321 κληρονόμους.
1243 4236 1331 4321 ,αψξζ

43 4351 152 4426 ι’1767),
190 4349 219 4408 ἐν
250 4346 315 4424 μηνὶ
348 4348 494 4429 έιπριλλίῳ,
527 4348 577 4409 ίνδ.
607 4349 650 4428 ιε’,
684 4348 928 4428 ὑπογεγραμμένον
959 4349 1008 4406 ὑπδ
1039 4346 1139 4405 ἕνδεκα
1169 4345 1330 4424 ἀρχιερέων.

44 4457 91 4511 Sub
112 4479 161 4515 nro
188 4462 229 4514 86
256 4465 343 4514 meat
374 4460 433 4514 alia
463 4459 558 4514 ίαθιιίιι
588 4461 620 4514 de
650 4459 741 4514 eadem
771 4459 890 4528 ecclesia,
922 4459 954 4513 de
985 4475 1038 4528 ιριυα
1065 4457 1112 4510 Fz.
1143 4455 1209 4509 ὑιοσο
1237 4454 1331 4508 habet-¹

44 4555 156 4636 Γαβριὴλ
180 4553 205 4616 δ’
230 4557 365 4636 σιγιλλιον
394 4557 423 4616 ἐν
451 4557 599 4638 μεμβράνη
624 4555 687 4636 περί
713 4561 762 4632 τῆς
786 4555 937 4632 ἐκκλησίας
963 4559 1009 4616 τοὺ
1032 4553 1110 4632 ἁγίου
1134 4550 1270 4631 Γεωργίου
1293 4551 1331 4628 τῷ

44 4668 127 4724 1783.
151 4657 284 4741 ἄρχεται·
313 4660 423 4722 «δεινόν
443 4681 477 4738 γε
501 4661 539 4730 ὡς
562 4660 675 4735 ἀληθῶς
697 4661 727 4720 τὺ
750 4660 850 4738 ψεῦδος
873 4658 919 4722 καὶ
942 4652 998 4720 οἷον
1021 4664 1097 4720 νικᾶν
1120 4676 1150 4716 τε
1173 4655 1220 4715 καὶ
1241 4675 1330 4714 κατα-
