3162 5278
1301 241 1365 305 279

81 431 190 506 τοταμδς
213 430 360 502 Βατίλειος
388 431 417 490 ἐν
446 435 503 502 τοῖς
534 429 689 508 ἀοκητικοῖς
719 433 798 492 αῦτοῦ
829 431 975 492 διετύπωσε
1004 433 1110 511 λόγοις,
1142 434 1202 506 τους
1232 435 1364 506 θέλοντας

79 551 152 612 τοίνυν
180 555 239 624 τοῖς
268 553 397 624 τοιούτοις
427 552 523 632 λόγοις
557 556 637 628 συζῆν
668 554 694 612 οί
718 551 904 627 Λαμπετιανοὶ
940 553 1110 614 διδάσκουσιν
1141 555 1169 614 ἐν
1200 559 1256 626 τοῖς
1288 554 1364 626 ἰδίοις

78 677 219 750 θελήμασιν
243 674 331 734 αῖπῶν
352 676 522 754 πορεῦεσθαι,
548 673 595 734 καὶ
618 675 697 734 οῦδὲν
721 677 812 756 ἔτεράν
835 676 906 735 ἐστιν
929 678 946 751 ἡ
969 677 1169 754 πεπλανημένη
1198 676 1364 736 διδασκαλία

78 797 162 876 οὔτῶν,
185 796 288 870 ἀλλ’ἢ
311 797 343 855 -co
371 797 519 872 ἀποστῆναι
544 803 594 872 τῆς
616 796 808 877 κοινοβιακῆς,
832 797 943 872 μᾶλλον
966 797 998 856 δέ
1020 803 1069 874 τῆς
1091 805 1276 874 πνευματικῆς
1300 798 1362 858 δια-

77 924 160 995 γωγῆς
192 916 242 978 καὶ
274 920 516 998 συμπεριφέρεσθαι
549 923 606 991 τοῖς
639 918 750 991 οἰκείοις
783 918 928 995 θελήμαοι.
965 920 1032 980 ἀλλ’
1060 919 1087 979 αἱ
1119 920 1170 996 μέν
1199 925 1253 980 τῶν
1283 915 1363 980 θείων

76 1043 188 1120 πατέρων
212 1041 398 1120 διδασκαλίαι,
422 1042 518 1112 οίτινες
544 1041 583 1118 τῷ
607 1043 676 1120 ἁγίῳ
703 1043 939 1121 καταυγασθέντες
965 1044 1098 1118 πνεύματι
1123 1042 1185 1122 περὶ
1212 1045 1260 1118 τῆν
1287 1039 1363 1114 τάξιν

75 1162 116 1236 τῆν
140 1161 305 1242 ἀγγελικῆν,
332 1165 391 1238 ῆτις
420 1163 490 1223 ἐστὶν
517 1165 643 1236 θκοινδς
672 1165 744 1246 βίος,
774 1165 916 1224 ἐθέσπισαν
938 1165 985 1224 καίΙ
1008 1165 1174 1246 βεβαίωσον,
1197 1165 1308 1241 μᾶλλον
1332 1163 1363 1224 δὲ

74 1285 112 1341 τδν
137 1285 226 1364 μέγαν
253 1284 469 1365 οῦρανοφάντορα
496 1286 640 1346 Βασιλειον
666 1291 807 1364 πανταχοῦ
833 1289 1028 1367 περιφέρουσιν,
1059 1289 1097 1360 ὡς
1127 1289 1171 1346 τδν
1199 1291 1364 1366 χαρακτῆρα

74 1409 112 1464 τοῦ
131 1407 304 1481 κοινοβιακοῦ
325 1408 439 1479 κανόνος
463 1407 492 1465 ἐν
514 1409 571 1478 τοῖς
594 1408 752 1482 ἀσκητικοῖς
774 1409 853 1469 αὺτοῦ
875 1407 972 1486 λέγοις
993 1407 1177 1488 παραδιδόντα
1205 1406 1253 1467 καὶ
1274 1411 1363 1467 πᾶσαν

73 1529 213 1602 μοναδικῆν
241 1527 397 1588 πολιτείαν·
428 1529 475 1588 καὶ
497 1529 551 1608 γάρ
573 1529 607 1588 τθι
629 1531 752 1603 κοινάβια
780 1529 803 1588 οἱ
826 1531 943 1609 πατέρες
965 1527 1012 1590 καὶ
1035 1531 1117 1604 αὐτὴν
1140 1531 1188 1605 τὴν
1212 1528 1362 1604 μοναδικὴν

73 1651 203 1709 πολιτείαν
238 1651 290 1728 οδχ
323 1651 421 1724 ἁπλῶς
453 1673 513 1724 πως
546 1651 682 1730 δέχονται,
717 1650 795 1710 ἀλλά
824 1651 896 1712 κατὰ
924 1651 958 1710 τά
990 1650 1122 1726 ἀσκητικά
1155 1655 1201 1711 τοῦ
1235 1649 1362 1729 μεγάλου

72 1771 208 1832 Βασιλείαν
235 1771 283 1832 καὶ
304 1772 376 1831 κατὰ
396 1772 446 1844 τάς
472 1771 636 1853 παραδόσεις
662 1778 715 1833 τῶν
743 1771 848 1833 λοιπῶν
875 1774 1012 1852 θεοφέρων
1038 1775 1172 1852 πατέρων,
1200 1771 1293 1844 καθὼς
1315 1769 1362 1832 καί

71 1895 86 1968 ἡ
110 1892 130 1963 ζ
161 1892 273 1966 οιίνοδος
307 1892 347 1966 εἰς
376 1895 421 1954 τδν
451 1896 554 1954 κανόνα
583 1897 628 1954 τδν
659 1893 686 1954 κ’
716 1894 777 1976 περὶ
809 1895 912 1954 διπλῶν
944 1895 1141 1972 μοναστηρίων,
1176 1885 1362 1979 ἀνδρῶνκαὶ

70 2021 207 2094 γυναικῶν,
232 2016 323 2098 λέγει,
353 2017 393 2076 δτι
420 2017 603 2096 κρατείτωσαν
630 2017 701 2076 κατὰ
727 2018 772 2077 τδν
799 2019 902 2076 κανόνα
928 2019 975 2076 τοῦ
998 2017 1123 2096 μεγάλου
1148 2015 1292 2074 Βασιλείαν
1314 2012 1362 2074 καί

71 2137 133 2194 κατὰ
159 2139 208 2212 τὴν
237 2139 369 2216 διαταγῆν
397 2139 487 2218 αὺτοῦ,
518 2137 646 2214 δηλονότι
676 2144 725 2214 τῆς
751 2143 845 2213 κοινῆς
873 2137 991 2216 διαίτης,
1019 2137 1088 2197 οὓτω
1117 2136 1360 2198 διατυττοῦσθωοαν.

71 2257 106 2315 δίο
135 2256 181 2316 καί
202 2261 222 2336 ἡ
246 2261 390 2338 μετριότης
411 2261 491 2336 ἡμῶν
517 2259 589 2319 κατὰ
614 2261 663 2333 τῆν
689 2258 838 2339 παράδοσιν
860 2259 959 2335 ταῦτην
985 2264 1039 2318 τῶν
1067 2257 1147 2319 θείων
1173 2256 1220 2318 καὶ
1241 2278 1361 2338 πεφωτι-

71 2381 169 2452 σμένων
191 2382 328 2462 πατέρων,
350 2380 496 2441 Βασιλείου
521 2379 589 2459 φημὶ
614 2379 737 2441 καὶτῶν
760 2383 875 2461 λοιπῶν,
903 2378 950 2440 καί
977 2380 1048 2440 κατὰ
1074 2381 1109 2440 τὰ
1135 2383 1286 2460 γράμματα
1315 2383 1362 2440 τοῦ

70 2504 270 2578 ταναγιωτάτου
297 2500 345 2562 καί
367 2500 554 2576 οίκουμενικοῦ
575 2505 744 2583 πατριάρχου
767 2503 1091 2580 Κωνσταντινουπθλεως,
1114 2506 1195 2581 κυροῦ
1219 2501 1361 2580 Ἱερεμίου,

70 2625 121 2696 ἅμα
147 2623 178 2682 δὲ
202 2621 250 2683 καὶ
272 2627 319 2684 τοῦ
341 2626 550 2704 μακαριωτάτου
572 2625 650 2684 πάπα
676 2622 723 2682 καί
745 2627 911 2704 πατριάρχου
934 2621 1161 2705 Ἀλεξανδρείας,
1185 2629 1266 2705 κυροῦ
1290 2625 1360 2684 Σιλ-

70 2744 186 2824 βέοτρου,
217 2750 272 2804 τῶν
300 2745 498 2804 ποθεινοτάτων
528 2747 608 2820 ἡμῶν
638 2745 764 2823 ἀδελφῶν
799 2744 845 2804 καί
875 2745 1105 2826 ουλλειτουργῶν,
1141 2745 1358 2822 διαλαμβάνουσι

69 2863 130 2937 μετὰ
160 2867 259 2926 ἀλίιτου
290 2867 407 2947 δεσμοῦ,
437 2867 512 2938 ὅπως
540 2868 727 2946 κατορθώσετε
761 2865 807 2925 καὶ
839 2866 1006 2942 βεβαιώσετε
1034 2868 1065 2925 τδ
1095 2867 1242 2941 κοινάβιον·
1274 2867 1358 2940 οὕτως

67 2985 233 3065 ἀποφαίνεται
261 2986 289 3045 ἐν
317 2987 387 3066 ἀγίῳ
413 2988 554 3062 πνεύματι.
589 2987 635 3047 καὶ
663 2987 686 3046 εί
715 2986 765 3062 μέν
792 2985 909 3067 ἀπάρχει
931 3007 971 3056 τις
994 2983 1114 3066 ἀδελφὸς
1136 2986 1358 3066 ἱερομῦναχοςῆ

68 3111 181 3184 μοναχδς
210 3107 258 3168 καί
288 3111 318 3168 σθ
347 3110 535 3188 παραδέχεται
563 3111 594 3168 τ“ο
623 3108 757 3182 κοινάβιον
786 3113 833 3169 τοῦ
865 3111 955 3184 μεῖναι
986 3108 1014 3166 ἐν
1043 3107 1082 3187 τῷ
1113 3109 1283 3188 μοναστηρίῳ
1310 3105 1358 3168 καί

68 3229 186 3300 βαίλεται
211 3229 335 3303 ἐξελθεῖν
357 3237 407 3306 τῆς
430 3235 530 3306 μονῆς,
556 3229 652 3306 μηδείς
677 3229 846 3306 ἐμποδίσειεν
869 3231 958 3310 αῦτέν,
987 3229 1063 3290 ἀλλὰ
1086 3229 1197 3304 λαβέτω
1220 3228 1267 3290 καὶ
1290 3232 1356 3309 ὅπερ

68 3351 187 3424 κέκτηται
217 3351 286 3411 ίδιον
316 3350 363 3411 καί
393 3353 485 3432 πόρρω
516 3349 661 3411 ἀπελθέτω
689 3351 742 3412 ἀπδ
768 3358 818 3426 τῆς
845 3357 930 3428 μονῆς
960 3350 1006 3411 καὶ
1034 3353 1103 3412 ἔστω
1131 3353 1355 3433 συγχωρημένος,

69 3470 88 3528 τί
113 3473 141 3532 δὲ
169 3471 263 3532 λοιποί
290 3472 405 3552 ἀδελφοὶ
432 3473 457 3532 οἱ
484 3473 649 3550 βουλόμενοι
675 3477 885 3554 προσκαρτερεῖν
912 3473 951 3551 τῷ
982 3473 1153 3554 μοναοτηρίῳ
1183 3474 1355 3552 γενέσθωσαν

67 3595 224 3669 κοινοβιᾱται
251 3593 297 3654 καί
326 3596 481 3669 μενέτωσαν
508 3596 646 3654 ἀνόθευτοι
672 3599 718 3654 τοῦ
745 3595 852 3677 λοιποῦ,
879 3594 972 3666 καθὼς
995 3596 1114 3667 δοῦπος
1137 3596 1301 3660 διακελεῦει,
1332 3594 1356 3654 εί

69 3713 94 3771 δέ
112 3736 148 3787 τις
177 3713 209 3788 ἐξ
232 3717 307 3791 ὑμῶν
330 3722 383 3776 τῶν
406 3716 531 3795 ἀδελφῶν
560 3715 754 3796 ἀποστρέφεται
781 3720 827 3776 τοῦ
848 3716 967 3777 τοιοῦτον
989 3717 1078 3776 καλοῦ
1102 3718 1183 3797 ἔργου
1206 3714 1253 3776 καί
1275 3717 1355 3776 θέλει

69 3834 206 3916 ἐμποδίσει,
229 3839 300 3896 ὥστε
326 3841 373 3897 τοῦ
403 3839 441 3913 μὴ
470 3839 597 3916 γενέσθαι
626 3840 657 3897 τδ
684 3838 830 3920 κοινόβιον,
860 3837 885 3897 εί
916 3839 966 3914 μὲν
993 3837 1175 3916 ίερομὸναχος
1202 3837 1256 3918 εἴη,
1285 3837 1354 3896 ἔστω

68 3955 140 4033 θργδς
167 3956 217 4017 καὶ
242 3959 444 4038 καθαιρημένος
471 3962 561 4036 πάσης
582 3957 770 4041 ἱεροπραξίας,
798 3957 821 4019 εἰ
846 3958 876 4019 δὲ
905 3960 1041 4038 μοναχάς,
1070 3959 1257 4038 ἀφωρισμένος
1285 3959 1353 4018 έστω

67 4076 106 4136 καί
131 4086 180 4154 τῆς
209 4079 361 4154 ἐκκλησίας
384 4082 497 4160 Χριστοῦ
524 4085 569 4140 τοῦ
600 4081 663 4141 θεοῦ
689 4083 769 4156 ἡμῶν
801 4077 957 4156 ἐξωσθῆτω.
993 4079 1034 4138 διδ
1061 4077 1108 4139 καί
1135 4081 1165 4138 τ“ο
1192 4080 1278 4158 παρδν
1305 4085 1354 4155 τῆς

67 4199 135 4270 ἡμῶν
162 4202 338 4280 μετριοιητος
370 4201 524 4261 ἐπιδέδοται
550 4204 668 4282 γράμμα
696 4199 734 4273 εἰς
762 4201 912 4280 ἀσφάλειαν
939 4202 1046 4260 πάντων
1073 4208 1127 4260 τῶν
1158 4200 1278 4275 εῦτεβῶν
1305 4199 1353 4260 καὶ
1395 4193 1399 4202 ’

68 4319 203 4392 βεβαίωσιν
236 4327 283 4381 τοῦ
314 4325 412 4398 μηκέτι
441 4323 590 4399 τολμήσειε
617 4343 657 4395 τις
683 4328 737 4383 τῶν
764 4319 901 4408 ἀίπάντων
931 4317 1054 4407 πῶίποτε
1084 4321 1131 4382 καὶ
1160 4322 1298 4400 ἀντιλέγει
1327 4343 1352 4382 τι

67 4439 239 4520 τοπαράπαν
266 4443 337 4502 κατὰ
363 4447 409 4502 τοῦ
436 4445 580 4524 κοινοβίου,
608 4437 639 4504 οῦ
671 4442 850 4520 ἐθεσπίσαμεν
884 4437 931 4504 καί
965 4442 1172 4518 ἐβεβαιώσαμεν
1203 4445 1274 4502 κατὰ
1302 4445 1351 4518 τῆν

67 4561 205 4640 παράδοσιν
231 4569 286 4622 τῶν
314 4563 399 4641 ἀγίων
426 4567 560 4646 πατέρων.
593 4563 640 4625 καὶ
666 4569 750 4625 ταῦτα
777 4565 827 4641 μὲν
855 4567 948 4638 οῦτως.
979 4565 1045 4624 ἀλλ’
1069 4565 1155 4646 ὑμεῖς,
1183 4561 1206 4624 ὦ
1229 4564 1351 4643 φίλτατοι
