3162 5278
1268 365 1333 430 335

48 581 115 636 μενον
136 563 206 643 προς
230 564 319 640 αὐτόν,
341 561 490 642 ἱερωμένον
513 561 559 622 καί
582 563 689 623 λαίκέν.
713 560 759 620 καί
781 561 922 642 παρέχητε
946 558 1018 640 αῦτῷ
1041 557 1183 640 εἰρηνικῶς
1209 559 1256 620 καὶ
1284 561 1331 620 εῦ-

47 688 184 762 γυωμονως
206 685 296 744 πάντα
317 683 352 743 τὰ
373 685 474 760 ουνίγθη
499 682 711 758 ἐκκλησιαστικὸν
734 681 902 758 είσοδηματα
928 679 975 741 καί
999 681 1180 760 δικαιώματα,
1203 685 1332 742 κανονικά

49 828 102 881 φημι
123 808 288 885 συνοικέοια,
311 807 486 887 πανηγῦρεις,
509 806 632 884 ζητείας,
657 804 817 880 έμβατοίκια
840 802 886 864 καί
911 802 937 864 εί
948 825 972 863 τι
997 803 1070 864 ἄλλο
1093 803 1131 884 τῷ
1153 807 1227 885 τόπῳ
1251 805 1333 881 σίνη-

48 929 85 999 θες
106 926 168 988 κατ’
193 927 272 988 οῦδὲν
299 925 489 1007 ἀντιλέγοντες
511 931 529 1002 ἢ
555 924 766 1007 ἀναφερόμενοι.
797 927 827 998 ῦς
856 925 880 985 θ’
902 928 934 984 ἂν
963 922 993 998 ἐξ
1019 925 1095 1001 ὑμῶν
1118 931 1187 1008 φανῇ
1214 925 1334 1000 ἐναντίος

48 1047 85 1108 καὶ
105 1049 220 1126 ἀπειθὴς
241 1048 289 1110 καὶ
311 1053 451 1131 παρήκοος
472 1048 519 1110 καί
542 1051 572 1110 οίι
594 1049 701 1133 θελήσρ,
722 1047 867 1130 πληρῶσαι
889 1049 919 1108 τ“ο
944 1047 1081 1128 ἀνάλογον
1105 1049 1184 1108 αὐτοῦ
1206 1053 1225 1122 η
1248 1052 1334 1110 σκάν-

49 1169 120 1230 δαλον
144 1193 168 1232 τι
190 1169 238 1232 καί
260 1173 359 1248 ζημίαν
381 1170 535 1254 προξενήοη
558 1170 596 1250 τιῖι
621 1169 732 1252 ἐξάρχῳ
754 1171 848 1252 τοῦτῳ,
872 1169 1021 1250 ίερωμένος
1044 1169 1095 1244 μὲν
1118 1173 1156 1230 ὢν
1179 1171 1193 1228 ὁ
1215 1175 1334 1245 τοιοῦτος

49 1292 120 1372 ίφγθς
146 1295 219 1375 μένρ
244 1296 335 1370 πάσης
357 1291 532 1374 ίεροπραξίας
558 1291 605 1353 καί
633 1293 813 1372 ἐστερημένος
839 1293 940 1364 παντὸς
969 1291 1195 1368 ἐκκλησιαστικοῦ
1222 1291 1333 1371 είσοθή-

48 1435 136 1494 ματος,
163 1413 264 1488 λαῦιθς
287 1415 319 1475 δὲ
342 1415 529 1496 ἀφωρισμένος
556 1415 598 1492 εἴη
622 1414 675 1474 ἀπο
699 1415 762 1476 θεοῦ
788 1411 834 1474 καὶ
857 1415 1049 1494 κατηραμένος
1070 1411 1117 1474 καὶ
1140 1414 1336 1494 ἀσυγχώρητος

48 1534 86 1594 καί
111 1537 211 1611 ἄλυπος
239 1537 310 1612 μετὰ
336 1537 453 1598 θάνατον
480 1536 527 1598 καί
555 1533 610 1610 ἔξω
636 1543 686 1613 τῆς
710 1539 754 1598 τοῦ
778 1537 892 1617 Χριστοῦ
915 1535 1080 1616 ἐκκλησίας,
1110 1533 1141 1608 ἐξ
1163 1536 1334 1618 ἀποφάσεως.

48 1657 114 1732 ῦρεῖς
136 1659 167 1719 δὲ
191 1659 216 1720 οί
238 1662 339 1732 πάντες
360 1661 501 1742 ποιήσατε,
532 1663 570 1730 ὼς
592 1661 742 1740 γράφομεν,
770 1658 814 1718 ίνα
835 1656 882 1718 καὶ
905 1659 923 1734 ἡ
945 1661 992 1718 τοῦ
1014 1658 1077 1718 θεοῦ
1098 1659 1180 1737 χάρις
1207 1658 1249 1735 είη
1273 1661 1334 1736 μεθ’

48 1779 121 1854 Ιἠοῦν.
143 1780 261 1863 ,αψκζλ
285 1783 306 1860 †

142 1903 163 1980 †
186 1903 237 1962 Ἐν
261 1901 339 1979 μηνὶ
361 1902 540 1983 νοεμβρίιρ,
564 1901 771 1972 ίνθικτιιῖινος
793 1900 836 1976 ς’.
859 1903 880 1980 †

144 2029 248 2086 Δτοίιεί.
274 2031 350 2086 Flor.
369 2031 410 2086 II.
434 2047 484 2085 ιινο
503 2031 551 2085 68.

206 2350 391 2416 CXLVIII.
417 2349 643 2434 7245-1736,
667 2373 777 2416 mense
801 2350 986 2438 septembri,
1009 2349 1075 2416 ind.
1099 2351 1173 2416 XV.

259 2499 402 2554 Εοονοίιία
427 2499 520 2552 Patmi
540 2500 636 2552 iterum
660 2500 814 2553 conceditur
836 2499 933 2554 abbati
953 2501 1117 2556 monasterii.

145 2685 372 2764 ηΝεθφυτος,
408 2683 495 2764 ἐλέῳ
528 2685 603 2743 θεοῦ
639 2683 902 2762 άρχιεπίοκοπσς
933 2684 1337 2765 Κωνσταντινουπθλεως,

53 2804 131 2876 λ’ἑας
154 2807 298 2886 Ῥώμης,
321 2803 376 2865 καί
400 2803 636 2880 οἰκουμενικθς
657 2807 875 2884 πατριάρχης.
900 2805 921 2884 †

144 3000 163 3078 †
187 2998 373 3073 Ἐντιμῦτατοι
393 2995 522 3077 κληρικοὶ
540 3002 590 3070 της
605 2996 742 3075 ἡμετέρας
756 2999 955 3075 πατριαρχικῆς
977 2991 1108 3073 ἑξαρχίας
1127 2998 1209 3070 νήσου
1226 2995 1338 3074 Ποίτμου

50 3117 91 3176 καί
117 3121 309 3196 είνλαβέοτατοι
335 3119 419 3200 ίερεῑς
445 3117 491 3178 καὶ
513 3121 643 3198 χρήσιμοι
665 3119 793 3198 γέροντες
815 3117 862 3176 καὶ
884 3121 1054 3197 προεστῶτες
1076 3114 1122 3176 καὶ
1145 3119 1337 3200 καραβοκῦριοι

51 3240 91 3299 καί
119 3241 208 3302 λοιποὶ
238 3241 428 3320 εὐλογημένοι
451 3239 598 3320 χριστιανοί
628 3246 678 3316 τῆς
706 3242 787 3316 σίντης
814 3242 905 3318 νήσου,
935 3240 1018 3298 τέκνα
1046 3237 1074 3298 έν
1101 3239 1184 3320 κυρίῳ
1211 3241 1339 3319 ἀγαπητὰ

52 3371 94 3437 ,ης
115 3365 190 3440 ἡμῶν
218 3367 407 3446 μετριότητος,
434 3366 515 3444 χάρις
543 3362 584 3440 εἴη
612 3363 672 3440 ῦμῑν
699 3361 746 3422 καί
775 3362 867 3442 εἰρήνη
895 3361 942 3422 καί
965 3361 1046 3434 ἕλεος
1068 3361 1142 3447 παρὰ
1164 3363 1227 3423 θεοῦ
1249 3365 1339 3446 κυρίου

52 3490 259 3570 παντοκράτορος
288 3485 334 3546 καὶ
364 3487 429 3566 παρ’
456 3486 536 3560 ἡμῶν
566 3486 646 3562 εῦχή,
677 3483 793 3564 εὐλογία
822 3481 869 3543 καί
900 3485 1082 3564 συγχώρησις.
1117 3487 1237 3564 γνωστον
1270 3487 1339 3548 ἔστω

54 3613 125 3667 ,τάσιν
145 3609 216 3687 ὑμῖν,
245 3609 283 3680 ὡς
310 3610 325 3667 θ
348 3605 497 3679 καθολικθς
518 3608 597 3682 ἡμῶν
630 3603 761 3686 ἔξαρχος,
790 3609 839 3685 κῦρ
865 3607 1034 3687 Αίιγουστης,
1062 3605 1168 3667 δέδωκε
1196 3608 1242 3668 καί
1266 3607 1341 3682 αὖθις

55 3727 87 3806 τῷ
108 3730 242 3810 θειοτάτῳ
265 3731 464 3810 καθηγουμὲνῳ
487 3733 536 3804 τῆς
558 3729 696 3808 ἡμετέρας
720 3735 929 3808 πατριαρςικῆς,
952 3735 1204 3812 οταυροπηγιακῆς,
1230 3730 1340 3802 βασιλι-

55 3859 100 3925 κῆς
120 3873 147 3912 τε
172 3851 220 3913 καί
249 3852 401 3928 σεβασμίας
427 3856 514 3926 μονῆς
536 3854 582 3909 τοῦ
606 3849 693 3930 οίγίου,
722 3845 831 3921 ἐνδόξου
853 3847 900 3908 καί
922 3851 1097 3929 πανευφημου
1121 3849 1272 3912 ἀποστόλου
1295 3853 1341 3913 καί

58 3973 240 4052 εὐαγγελιστοῦ
268 3973 396 4033 Ἰωάννου
429 3977 474 4033 τοῦ
502 3971 658 4052 Θεολέγου,
694 3973 722 4030 ἐν
756 3971 949 4052 ίερομονάχοις
981 3976 1030 4053 κῦρ
1061 3969 1258 4055 Θεοφυλοίκτῳ,
1292 3977 1341 4052 τὴν

59 4095 198 4158 ἐπιστασίαν
228 4093 276 4156 καὶ
303 4093 433 4171 διοίκησιν
461 4102 510 4172 τῆς
539 4091 670 4174 ἐξαρχίας
697 4095 776 4155 αῦτοῦ
803 4095 901 4171 ταῦτης
929 4091 972 4153 ἐπὶ
1000 4092 1038 4172 τῷ
1066 4094 1176 4154 θιοικείν
1204 4095 1251 4155 καί
1279 4098 1341 4158 ἐπι-

56 4218 206 4280 σκέπτεσθαι
234 4217 315 4292 οῦτὴν
344 4218 523 4296 έπιτροτικῶς
552 4215 599 4274 καί
626 4217 793 4296 καρποῦσθαι
822 4213 870 4274 καί
896 4215 1051 4292 λαμβάνειν
1080 4218 1184 4277 ἅπαντα
1211 4217 1244 4277 τὰ
1271 4221 1341 4294 ἀνί,-

57 4358 131 4397 κονττ
152 4339 222 4419 σῦτῳ
247 4337 381 4419 ἐξαρχικοί
397 4359 427 4399 τε
449 4337 495 4399 καὶ
519 4337 734 4414 ἐκκλησιαστικὸν
758 4335 924 4412 είοοθήματα
947 4336 995 4396 καί
1019 4337 1190 4415 δικαιώματα
1214 4341 1272 4400 σῶα
1295 4341 1341 4402 καί

59 4458 198 4536 ἂνελλειπη
227 4460 298 4520 κατὰ
324 4465 413 4521 πᾶσαν
439 4461 489 4535 πἠν
517 4459 701 4536 ἐλευσομένην
730 4458 848 4535 δεκάτην
870 4458 997 4534 πέμπτην
1020 4455 1183 4540 ίνδικτιῶνα,
1206 4459 1266 4535 ἤτοι
1290 4463 1342 4522 ἀπο

57 4587 102 4654 τῆς
126 4579 231 4660 πρώτης
260 4587 306 4642 τοῦ
334 4582 514 4660 οεπτεμβρίου
545 4583 631 4657 μηνθς
661 4583 742 4661 μέχρι
772 4587 822 4656 τῆς
849 4581 1035 4657 ἐλευσομένης
1063 4581 1147 4641 πάλιν
1178 4581 1273 4658 αὐτῆς,
1303 4582 1342 4656 είς
1420 4573 1423 4578 ’

58 4704 149 4780 χρόνον
181 4703 308 4780 δηλονότι
342 4707 390 4764 ἕνα
421 4701 588 4782 ὁλόκληρον,
624 4703 713 4779 ἔχοντι
748 4701 841 4762 ἄδειαν
874 4702 937 4782 παρ’
968 4703 1047 4777 ἡμῶν
1083 4703 1207 4780 εῦλογείν
1234 4725 1263 4764 τε
1295 4703 1343 4766 καί
