3162 5278
1279 379 1342 443 347

150 575 248 654 †’Ev
271 573 349 650 μηνί
372 573 492 652 ίουνίῳ,
516 571 723 644 ίνθικτιώνος
742 573 779 634 α’.
803 575 824 652 †

63 697 128 769 †¹0
149 695 405 772 Θεσσαλονίκης
428 695 620 768 Θεοδόσιος
648 697 669 774 †
721 695 800 772 †'0
824 695 1011 774 Φερσάλων
1035 694 1239 770 Νικόδημος.
1264 696 1285 772 ή-

62 818 127 892 †'0
149 818 269 892 Βιζῦης
293 817 480 896 Γεράοιμος.
504 819 525 895 †
721 817 806 895 †‘O
834 815 1066 892 Νικομηύείας
1096 816 1298 896 Νικηφόρος.
1322 818 1344 897 †

61 939 128 1014 †‘0
149 937 320 1018 Λαρίσσης
344 937 522 1010 Μελέτιος.
544 939 566 1016 †
828 922 835 936 ’

152 1066 295 1138 Αιτλσίμμ.
321 1067 428 1122 ποιοῦν.
452 1085 512 1122 oum
534 1067 610 1122 θυίία
628 1068 766 1137 plumbea.
791 1067 868 1123 Flor.
887 1069 928 1122 II.
953 1085 1002 1122 ιινο
1022 1069 1068 1136 75,
1093 1067 1141 1138 qui
1162 1067 1227 1120 hacc
1249 1067 1343 1121 λαθσίι

61 1163 188 1239 Σιγίκλισν
225 1162 287 1246 περὶ
329 1170 377 1240 τῆς
418 1162 569 1240 ἐκκλησίας
613 1170 659 1225 τοῦ
697 1163 775 1244 άγίου
809 1165 829 1224 Γ
830 1165 946 1244 εωργίου
982 1171 1035 1224 τών
1073 1165 1265 1244 Ἄπορθιανών.
1311 1165 1345 1224 τὰ

61 1266 210 1344 Ὰπορθιανὰ
236 1267 363 1328 καλεῖται
389 1269 407 1342 ή
431 1269 538 1348 βόρειος
564 1275 613 1344 τῆς
639 1269 749 1338 πόλεως
773 1267 885 1343 Πάτμου
912 1269 1027 1348 πλευρά.
1057 1293 1105 1330 κιο
1125 1277 1178 1330 76:
1201 1266 1344 1345 Σιγίλλιον

61 1369 197 1432 θεσθοοίου
217 1371 243 1448 β’
265 1371 293 1431 ἐν
317 1371 463 1452 μεμβράνῃ
485 1371 546 1452 περί
571 1379 618 1448 τῆς
641 1373 722 1448 αὐτῆς
746 1373 896 1448 ἐκκλησίας
918 1373 957 1451 τῷ
975 1381 1067 1434 1769.
1091 1373 1218 1452 ἄρχεται·
1238 1370 1345 1431 «καλὸν

60 1475 103 1548 μὲν
127 1479 157 1534 ἂν
183 1471 218 1550 ήν
245 1476 352 1550 ἐντοῖς
378 1476 512 1558 μάλιστα,
544 1475 568 1536 εί
593 1480 693 1548 πάντες
719 1477 855 1557 ἅνθρωποι
885 1477 984 1538 δίκαιοι
1014 1477 1089 1548 έντες
1120 1475 1164 1536 ἀεί
1193 1477 1227 1536 τὰ
1253 1475 1345 1536 δίκαια

61 1577 173 1657 ἐφρόνουν
196 1577 243 1640 καί
268 1581 430 1660 ἔπραττον».
454 1589 601 1642 Librarius
624 1595 712 1643 κονίαν
734 1589 870 1644 declarat:
893 1581 1028 1659 οιγίλλιον
1044 1581 1176 1661 ἀναφέρον
1201 1577 1274 1650 αὖθις
1307 1581 1345 1640 τὰ

60 1683 128 1742 αὐτὰ
151 1683 213 1762 περί
239 1689 289 1759 τῆς
316 1683 467 1759 ἐκκλησίας
493 1689 539 1746 τοῦ
567 1686 645 1765 άγίου
672 1686 692 1744 Γ
693 1686 819 1766 εωργίου,
852 1683 899 1745 καί
929 1687 1022 1746 τοῦτον
1052 1687 1135 1746 ἕνεκα
1163 1683 1343 1764 παρελείφθη.

60 1793 140 1863 Confi.
157 1813 207 1849 nro
224 1793 358 1850 CXLIV.

295 2203 412 2269 CLIII.
438 2201 664 2288 7277-1769,
687 2226 798 2269 τίνουσιν
821 2205 944 2289 martio,
967 2204 1032 2270 ind.
1056 2204 1098 2270 Π.

56 2351 213 2408 patriarcha
237 2351 348 2406 Samuel
368 2351 392 2406 1.
421 2351 493 2405 ίυθιί
515 2352 619 2422 inquiri
645 2353 673 2404 ιἰι
699 2357 800 2406 statum
826 2352 931 2408 scholae
954 2353 1108 2408 litterarum
1128 2369 1291 2422 φναεοατυινι
1319 2359 1344 2406 et

517 2455 688 2512 bibliothecae
711 2458 875 2512 monasterii.

150 2675 368 2754 ήΣαμουήλ,
407 2675 493 2750 ἐλέῳ
530 2675 605 2734 θεοῦ
644 2675 906 2755 θρχιεπίσκσπος
940 2677 1343 2754 Κωνστοιντινουπθλεως,

55 2795 135 2868 Νέας
158 2797 304 2876 Ῥώμης,
328 2795 383 2856 καί
406 2794 639 2872 οίκουμενικύς
660 2800 878 2877 πατριάρχης.
902 2800 923 2878 †

150 3006 170 3084 †
196 3001 348 3064 Ὀσιιύτατε
374 3005 565 3083 καθηγοῦμενε
592 3007 639 3064 τοῦ
665 3004 736 3064 κατὰ
761 3005 810 3079 σῆν
838 3009 918 3079 νῆσον
943 3005 1055 3079 Ιίάτμον
1083 3003 1155 3083 ίεροῦ
1181 3001 1229 3062 καὶ
1256 3005 1343 3078 οεβα*

55 3125 134 3204 σμίου,
162 3129 398 3205 σταυροπηγιακοῦ
420 3127 500 3200 ήμών
527 3125 706 3205 μοναστηρίου
732 3129 778 3186 τοῦ
804 3127 958 3201 τιμωμένου
985 3125 1028 3184 ἐπ’
1052 3125 1164 3200 ὀνόματι
1186 3129 1232 3184 τοῦ
1254 3119 1343 3206 άγίου,

56 3245 158 3320 ἐνδόξου
182 3247 335 3306 ἀποστόλου
357 3245 405 3306 καί
427 3245 623 3326 εὐαγγελιστοῦ
647 3246 773 3307 Ἰωάννου
795 3251 841 3308 τοῦ
864 3247 1008 3324 Θεολέγου
1035 3245 1082 3306 καὶ
1104 3243 1195 3306 λοιποὶ
1219 3246 1247 3304 έν
1271 3245 1343 3324 αὐτῷ

55 3370 258 3444 σοιασκσῦμενσι
285 3369 425 3428 έσιώτατσι
451 3370 581 3448 πατέρες,
608 3371 736 3447 χρήσιμοι
759 3374 928 3447 προεστῶτες
955 3365 1002 3428 καὶ
1023 3368 1153 3448 γέροντες
1178 3365 1226 3428 καί
1251 3367 1343 3428 λοιποὶ

55 3493 231 3569 εὐλογημένοι
258 3489 405 3570 χριστιανοὶ
432 3496 482 3565 τῆς
510 3491 592 3565 αὐτῆς
619 3493 701 3565 νήσου
726 3491 847 3568 ίίάτμου,
873 3493 956 3550 τέκνα
985 3491 1013 3550 ἐν
1039 3491 1122 3571 κυρίῳ
1145 3489 1272 3570 ἀγαπητά
1294 3497 1344 3567 τῆς

54 3613 125 3686 ήμῶν
152 3615 342 3694 μετριότητος,
368 3613 451 3692 χάρις
479 3611 520 3687 εἴη
548 3613 609 3686 ὐμῖν
639 3611 686 3672 καί
713 3610 805 3692 εἰρήνη
833 3613 907 3693 παρὰ
933 3615 1005 3674 θεοῦ.
1036 3614 1157 3690 γνωστύν
1180 3613 1241 3688 ῦμίν
1264 3613 1344 3693 ἐστω,

55 3735 88 3792 ἐτι
113 3735 306 3814 προνοούμενοι
333 3741 382 3811 τῆς
404 3739 498 3810 κοινῆς
524 3737 571 3793 τοῦ
598 3735 695 3812 γένους
724 3733 861 3813 ώφελείοις
889 3734 981 3809 κοινὴν
1009 3733 1185 3810 ἀνελάβομεν
1208 3733 1344 3812 φροντίδα,

55 3856 83 3914 να
104 3859 277 3932 συστήσωμεν
293 3857 348 3915 θλα
370 3855 402 3914 τὰ
426 3857 612 3935 φροντιστήρια
633 3854 680 3915 καί
703 3855 822 3932 σχολεῖοι
843 3859 889 3914 τοῦ
911 3856 974 3915 καθ’
989 3856 1064 3930 ἡμᾶς
1086 3855 1247 3934 άγιωτάτου,
1272 3855 1343 3914 άπα-

55 3978 183 4056 οτολικοῦ,
214 3981 409 4057 πατριαρχικσῦ
438 3975 485 4037 καί
512 3975 699 4052 οἰκουμενικοῦ
725 3979 818 4038 τοῦτου
845 3979 939 4057 θρόνου
972 3977 1017 4037 διὰ
1043 3977 1077 4036 νὰ
1105 3977 1213 4056 γίνηται
1239 3979 1344 4058 καρπύς

56 4097 217 4175 ένμαθήσει
244 4103 385 4178 προκοπῆς
412 4097 459 4158 καὶ
488 4098 644 4170 ἐπιδόσεως.
679 4097 858 4180 ἐναρξάμενοι
882 4097 913 4158 δέ
937 4099 970 4159 ἐκ
995 4105 1049 4158 τών
1072 4098 1187 4174 πλησίον
1209 4100 1344 4173 κειμένων

56 4217 234 4296 ἐποιήσαμεν
256 4225 362 4300 πρώτον
384 4221 415 4280 σύ
439 4221 553 4280 ἐνταῦθα
577 4221 604 4279 ἐν
621 4221 905 4280 Κωνστοοιτινουπέλει
928 4225 1074 4301 πρώτιστον
1097 4221 1292 4300 φροντιστήριον
1309 4218 1345 4295 μέ

56 4341 129 4413 ἐλους
151 4343 213 4414 τούς
237 4335 402 4420 ἀναγκαίους
424 4341 471 4401 καὶ
495 4341 621 4414 δυνατοὺς
643 4345 756 4422 τρόπους
779 4341 824 4400 διὰ
846 4347 939 4415 κοινῆς
954 4341 1104 4420 προθυμίας
1126 4340 1173 4400 καί
1193 4341 1345 4420 συνδρομῆς

54 4469 102 4520 τών
128 4485 157 4522 τε
187 4463 341 4543 ίερωτάτων
372 4465 557 4544 συναθελφών,
592 4465 678 4542 ἁγίων
713 4464 878 4544 ἀρχιερέων·
895 4461 942 4522 καί
973 4465 1171 4540 εὐγενεστάτων
1205 4463 1344 4542 ἀρχόντων

55 4585 118 4656 μετὰ
139 4585 241 4656 παντὸς
263 4589 308 4644 τοῦ
331 4585 446 4645 ἐνταῦθα
467 4585 652 4664 χριστωνῦμου
674 4585 875 4665 πληρώματος,
899 4584 1095 4657 ένατενίζοντες
1118 4584 1148 4644 δὲ
1175 4583 1221 4644 καί
1251 4583 1289 4656 εἰς
1310 4583 1345 4644 τὰ

55 4703 103 4778 ἔξω
130 4705 244 4781 κείμενα
272 4709 457 4787 φροντιστήρια
483 4703 530 4766 καὶ
554 4707 751 4788 ἀνερευνώντες
778 4703 839 4788 περί
867 4707 981 4768 ἑκάστου
1013 4707 1183 4784 ἐζητήσαμεν
1209 4707 1261 4789 πρύ
1291 4711 1346 4767 τιῦν
