3184 5288
1254 345 1316 410 169

44 543 124 622 ιέτων,
140 541 204 602 είτι
222 539 269 602 οιαὶ
286 541 440 626 βούλονται,
457 541 495 618 μὴ
512 539 587 622 παρὰ
601 561 675 615 τινος
691 541 907 618 ἐμποδιζόμενοι.
925 539 948 602 εί
965 539 1064 613 δ’ἴσως
1087 541 1141 624 ἐχῃ
1163 541 1257 619 λέγειν
1279 538 1320 612 τίς

40 683 59 721 τι
71 660 125 744 περί
139 663 249 742 τούτων,
266 662 297 723 οῦ
311 664 434 743 μετέχει,
450 663 489 736 ὡς
504 663 659 742 ὀφείιοντες
673 663 756 740 ἡμεῖς
772 661 846 723 αθιοὶ
862 662 1009 724 ἀτοποὰειν
1031 666 1142 724 τοῦτον·
1166 660 1190 723 εί
1207 663 1238 723 δέ
1252 681 1319 724 ποτε

41 784 101 845 ἁιοὶ
128 788 210 861 ἡμεῖς
241 786 394 862 μετάμελσι
425 786 564 866 γενόμεθα
597 788 644 846 τοῦ
674 786 806 866 παρόντος
835 787 952 864 ψυχικοῦ
987 785 1124 866 ἐγγράφου
1153 787 1246 866 ἡμῶν,
1275 785 1320 846 ίνα

40 909 135 986 ἐχωμεν
169 907 238 988 ἁρὰν
256 901 318 968 ’καὶ
351 908 487 988 ἀνάθεμα,
516 905 563 968 ναί
593 909 611 982 ἡ
642 905 721 989 μερὶς
750 909 830 984 ἡμῶν
863 906 934 982 μετὰ
962 911 1008 968 τοῦ
1037 905 1135 969 Ἰούδα.
1167 905 1211 967 ἐπὶ
1242 911 1319 968 τοῦτο

38 1031 138 1108 γέγονεν
164 1031 196 1090 το
224 1031 311 1111 παρθν
332 1031 412 1106 ἡμῶν
443 1029 579 1111 ἔγγραφον
608 1029 655 1092 καί
687 1029 768 1108 ἐδέθη
798 1028 837 1111 τῷ
868 1032 947 1112 μέρει
972 1036 1022 1108 τῆς
1053 1031 1134 1110 ἁγίας
1163 1036 1251 1108 μονῆς
1281 1027 1321 1104 είς

39 1151 186 1230 ἐεφὰλειαν.
212 1150 293 1228 μηνὶ
315 1152 526 1234 σεπτεμβρίῳ
550 1151 760 1225 ίνδιιιτιῶνος
782 1149 820 1232 γ’,
844 1153 940 1226 ἔτους
962 1149 1084 1236 ,ςψυιγζ
1107 1155 1129 1234 †

126 1279 288 1353 Εαανιρίατ.
312 1281 398 1338 chart.
422 1281 500 1338 Βίαν.
525 1297 575 1336 τινα
599 1283 736 1338 93-94.

246 1569 334 1635 LVI.
359 1569 585 1655 6723-1214,
608 1591 719 1636 mense
742 1570 927 1658 septembri,
949 1569 1015 1635 ind.
1038 1569 1097 1636 III.

38 1719 158 1792 (ἴωνφέαι
180 1719 338 1775 Zacharias
365 1727 389 1774 εί
410 1719 468 1790 filii
495 1721 551 1776 εέυι
577 1723 738 1776 monasterio
767 1719 796 1774 S.
821 1721 934 1775 Mariae
957 1718 1076 1774 Νίωοεοε
1103 1721 1205 1774 donant
1227 1737 1319 1792 αφνοε.

129 1871 228 1950 Σίγνον
261 1871 412 1967 ΙΓεωργίου
515 1873 611 1950 Σίγνον
663 1875 783 1943 Λέοντος
806 1877 851 1934 τοῦ
949 1871 1047 1949 Σίγνον
1100 1871 1228 1930 Πεπανοῦ

146 1997 210 2055 Ζα-
261 1972 390 2075 ίχαρίυι.
535 1993 591 2055 υἱοῦ
710 1997 800 2056 αὺτοῦ.
934 1999 980 2056 τοῦ
1006 1994 1062 2055 υίοῦ
1120 1995 1209 2055 αὐτοῦ.

125 2190 147 2266 †
182 2187 231 2246 Ἐν
265 2185 376 2261 θνθματι
412 2189 458 2248 τοῦ
495 2188 597 2266 πατρὸς
633 2183 680 2246 καί
714 2191 760 2246 τοῦ
793 2185 849 2246 υἱοῦ
885 2184 932 2246 καὶ
965 2190 1012 2247 τοῦ
1047 2184 1125 2266 ἁγίου
1157 2186 1321 2262 πνεύματος.

36 2309 160 2389 Γεώργιος
184 2311 200 2370 ὁ
223 2307 368 2388 Ζαχαρίας
395 2309 453 2384 ἁμα
479 2311 536 2380 τοῖς
562 2307 637 2369 παισί
660 2329 721 2388 μου,
745 2307 770 2369 οί
791 2308 854 2382 τοὺς
875 2307 978 2384 τιμίους
999 2306 1047 2368 καὶ
1069 2308 1216 2381 ζωοοιοιοίυς
1238 2328 1322 2368 σταυ-

36 2431 87 2510 ροὺς
112 2429 304 2512 οίιιειοχείρως
332 2431 434 2491 ἄνωθεν
460 2433 638 2511 ποιήσαντες,
664 2432 713 2507 τὴν
740 2435 879 2512 παροῦσαν
906 2431 1042 2511 ἔγγραφον
1068 2423 1116 2490 καί
1139 2430 1322 2511 ἐνυπέγραφον

36 2549 145 2634 καθαρὰν
177 2553 285 2634 θωρεθν
312 2554 443 2630 τιθέμεθα
472 2551 519 2613 καὶ
548 2556 677 2628 ποιοῦμεν
705 2551 847 2633 ἑκουσίως,
876 2549 987 2632 ἀφόβως
1012 2551 1060 2613 καὶ
1088 2551 1235 2627 ἁβιοίστως.
1264 2545 1324 2612 ἐπεὶ

35 2678 149 2756 χωρὰφυυι
176 2677 282 2754 ἔχομεν
306 2673 338 2734 ἐνι
359 2679 476 2753 γονιιιιῦν
498 2677 578 2750 ἡμῶν
600 2675 789 2756 κληροδοσιιῦν
812 2672 851 2748 είς
872 2675 922 2752 τὴν
944 2674 1102 2735 τοποθεσίαν
1124 2679 1171 2736 τοῦ
1193 2675 1323 2756 Ἀσιοσοῦ,

36 2789 71 2856 οἷα
94 2796 141 2858 καὶ
165 2799 219 2858 ὅσα
246 2794 317 2857 εἰσίν
337 2796 372 2857 τὰ
392 2799 458 2878 παρ’
479 2799 560 2873 ἡμῶν
586 2800 772 2878 κατεχόμενα,
801 2795 958 2872 ἐπιθίδομεν
984 2801 1069 2858 ταῦτα
1096 2795 1135 2869 εἰς
1161 2797 1209 2872 τὴν
1237 2797 1321 2872 μονίγν

34 2925 74 2993 τῆς
94 2919 248 3001 ῦπεραγίας
273 2921 401 2980 θεοτὰνιου
423 2925 473 2996 τῆς
496 2921 693 3000 Χιονισμένης,
716 2926 766 2997 τῖγς
789 2919 870 2996 οὔσης
893 2920 922 2980 ἐν
944 2921 1000 2994 τοῖς
1023 2921 1117 3001 μέρεσι
1143 2925 1196 2980 τῶν
1220 2918 1322 2978 Παλα-

34 3039 97 3124 τίων,
119 3043 238 3122 ψυχικὸν
260 3044 339 3117 ἡμῶν
365 3041 413 3104 καί
435 3048 488 3102 τῶν
510 3045 617 3122 γονέων
638 3045 727 3127 ἡμῶν,
752 3045 791 3116 ὡς
810 3046 842 3102 ἐν
867 3043 950 3121 ἔχωσι
972 3045 1056 3101 ταῦτα
1078 3040 1103 3102 οἱ
1124 3041 1324 3122 προσμένοντες

34 3163 113 3225 ἐιεῑοε
136 3163 258 3243 μσναχοὶ
281 3163 320 3236 είς
342 3164 489 3246 ὑπηρεσίαν
513 3167 609 3246 σαυτιῦν,
641 3164 688 3226 καί
719 3165 746 3226 εἴ
764 3187 789 3225 τι
819 3164 963 3240 βοθλονται
991 3163 1032 3236 είς
1062 3163 1128 3224 αθτὰ
1157 3165 1253 3243 ποιεῖν,
1285 3165 1324 3235 ὡς

33 3287 107 3366 νὰριαι
137 3287 270 3348 δεσπόται
296 3285 342 3347 καί
371 3288 505 3368 αὐθένται,
533 3289 571 3364 μὴ
599 3291 673 3368 παροί
695 3285 766 3358 τινος
790 3287 1009 3364 ἐμποδιζόμενοι,
1032 3285 1100 3345 ἀλλ’
1125 3285 1193 3344 ἔστω
1216 3287 1234 3362 ἡ
1258 3283 1324 3363 ἁγία

34 3411 93 3484 μονὴ
115 3408 165 3470 καὶ
188 3409 216 3470 οἱ
236 3409 436 3488 προσμένοντες
459 3407 549 3468 ἐκεῖσε
572 3407 689 3487 μοναχοί
711 3409 795 3490 ιιίνριοι
817 3405 872 3470 καί
887 3409 1011 3468 αῦθένται
1034 3405 1074 3479 είς
1097 3406 1176 3466 αῦτοί·
1193 3403 1217 3466 εἰ
1238 3406 1268 3466 δέ
1283 3427 1323 3479 τις

33 3529 103 3606 λέγει
121 3552 147 3590 τι
171 3529 234 3609 περὶ
256 3531 366 3610 τούτων,
389 3531 470 3604 ἡμεῖς
493 3531 637 3607 μέλλομεν
661 3531 808 3592 ἁποπαὺειν
830 3535 931 3592 τοῦτον.
956 3527 979 3590 εί
1000 3528 1031 3590 δέ
1053 3549 1119 3588 ποτε
1138 3529 1220 3605 ἡμεῖς
1249 3525 1324 3588 αθτοὶ

35 3651 76 3726 ὲψέ
96 3673 164 3713 ποτε
188 3651 344 3728 μεταμέλοι
366 3655 488 3730 γένημεν
515 3658 561 3714 τοῦ
587 3655 720 3734 παρέντος
742 3655 821 3728 ἡμῶν
849 3653 994 3732 ἐγγράφου,
1018 3653 1084 3732 ὅπερ
1106 3651 1221 3728 ψυχικὸν
1243 3650 1322 3724 ἡμῶν

34 3773 72 3832 νεὶ
93 3781 146 3835 τῶν
169 3775 276 3854 γονέων
299 3775 379 3850 ἡμῶν
408 3774 583 3849 ἐποιήσαμεν,
611 3775 655 3834 ἵνα
679 3775 789 3852 ἔχωμεν
813 3773 880 3855 ἀρὰν
907 3773 954 3834 καὶ
977 3773 1110 3848 ἀνάθεμα,
1135 3770 1182 3832 καὶ
1204 3773 1221 3846 ί,
1245 3769 1324 3851 μερὶς

34 3896 103 3966 ἡμῶν
132 3897 206 3972 μετὰ
231 3900 278 3956 τοῦ
301 3895 400 3956 Ἰούδα.
429 3893 473 3956 ἐπὶ
499 3899 575 3956 τοῦτο
605 3895 729 3974 ἐγεγένει
755 3901 819 3978 παρ’
843 3897 922 3972 ἡμῶν
944 3897 974 3956 τ“ο
1000 3896 1087 3974 παρθν
1115 3894 1250 3974 ἔγγραφον
1276 3891 1323 3953 καὶ

36 4017 107 4096 ἑέέθν,
130 4019 170 4098 τῷ
195 4021 273 4100 μέρει
299 4025 350 4096 τῆς
377 4017 459 4098 ἁγίας
482 4025 576 4094 μονῆς.
602 4017 679 4094 μηνί
702 4019 914 4100 σεπτεμβρίῳ
938 4017 1145 4088 ίνθικτιῶνος
1166 4013 1204 4096 γ’,
1230 4015 1322 4086 ἐτους

36 4137 192 4220 νείκε’-θ

129 4271 291 4342 Εαεινιμίαν,
317 4271 403 4326 chart.
429 4271 505 4325 Ινθον.
530 4289 580 4324 ατο
605 4271 739 4326 93-94.
