3228 5294
1317 377 1359 440 69

74 573 188 652 ἀδελρών
211 575 343 653 δμηριρις
369 579 555 652 προοεκτικώς
582 574 628 630 καί
651 571 835 652 ἀπαραβάτως
857 577 911 629 τών
935 571 1140 645 ἐντεταλμένων
1166 575 1273 630 πάντων
1297 571 1357 630 ἐπι-

74 696 229 769 μελήσεται·
256 692 361 766 «ἐξελε
383 697 452 774 γάρ,
475 692 551 773 φησί,
574 693 672 768 λοιμον
697 693 729 752 ἐκ
751 691 888 772 συνεδρίου
915 691 961 752 καί
985 688 1205 764 συνεξελεύοεται
1227 695 1357 765 νεῖκος».

74 819 140 874 τοῦτο
170 813 268 894 τοίνυν,
299 816 329 874 τδ
357 813 418 893 περί
445 821 498 874 τῶν
525 819 666 890 κοομικών
695 813 804 890 δηλαδὴ
832 811 992 892 κεφάλαιον,
1020 813 1187 892 προεισόδιον
1214 819 1267 872 τών
1295 813 1357 874 δια-

73 938 210 1012 ταγμάτων
238 938 317 1012 ἡμῶν
345 939 525 1012 ποιησάμενοι
555 934 602 996 καί
631 937 791 1011 ὑποθέμενοι
821 938 877 1007 τοῖς
907 935 1043 1014 φιλτάτοις
1072 935 1137 1009 ἡμῖν
1167 935 1282 1008 τεκνίοις
1310 927 1359 994 καί

76 1057 194 1136 ἀδελφοῖς
217 1078 270 1132 μου
293 1058 435 1134 φυλάττειν
458 1055 505 1116 καί
528 1056 678 1136 διασώζειν,
703 1058 742 1129 ώς
764 1061 882 1134 ψυχικῆς
905 1053 1052 1137 ἀταραξίας
1071 1054 1118 1116 καί
1140 1057 1281 1116 ἀκινδύνου
1304 1056 1358 1131 βιο

73 1184 116 1252 τῆς
137 1179 267 1254 ἐσόμενον
289 1177 431 1258 πρόξενον,
454 1181 518 1260 φέρε
541 1177 587 1238 καὶ
610 1179 644 1238 τὰ
666 1178 750 1240 λοιπὰ
772 1183 822 1253 τῆς
846 1179 979 1257 διαταγῆς
1000 1177 1062 1260 περὶ
1083 1185 1137 1238 τών
1161 1178 1190 1238 ἐν
1212 1185 1245 1260 τῇ
1269 1199 1357 1254 μονα-

70 1305 127 1380 χυιῇ
148 1301 223 1374 ὑμῶν
246 1303 410 1360 καταστάσει
434 1299 645 1377 διαληψώμεθα.

164 1418 205 1480 ιε’.
231 1421 326 1480 Ἀλλά
342 1421 422 1502 δεῦρο
439 1420 589 1480 ουντείνατέ
605 1441 652 1497 μοι
667 1421 714 1496 τὴν
730 1421 827 1501 ἀκοήν,
847 1423 996 1496 τιμιώτατα
1010 1419 1056 1480 καί
1073 1421 1249 1480 αοθεινότατα
1263 1423 1356 1500 τέκνα,

69 1540 110 1599 καί
133 1547 184 1600 τών
206 1541 369 1618 λεγομένων
392 1549 509 1614 συνετῶς
538 1537 662 1602 ἐπαίετε·
693 1539 811 1621 ἄρξομαι
837 1541 891 1620 γὰρ
919 1541 952 1600 ἐκ
977 1545 1024 1601 τού
1051 1543 1276 1622 ουνεκτικωτέρου
1302 1549 1355 1602 τῶν

70 1664 201 1743 ἡμετέρων
224 1661 270 1722 καί
292 1663 560 1744 περιληπτικωτέρου
582 1663 680 1723 καλού.
704 1666 781 1722 τούτο
805 1662 836 1722 δέ
860 1661 932 1722 τῖάν
952 1662 994 1739 είη
1018 1664 1110 1743 ἕτερον
1132 1667 1151 1738 ἡ
1174 1664 1265 1722 όκαθ’
1281 1665 1357 1738 ἡμᾶς

69 1786 215 1856 νοινωνικδς
242 1783 289 1843 καί
317 1783 468 1864 ἀδιαίρετος
500 1784 558 1858 βίος
587 1783 634 1843 καί
663 1785 682 1862 ἡ
711 1785 879 1860 πνευματικὴ
910 1787 1006 1854 ἔνωοις
1036 1777 1083 1844 καί
1113 1785 1275 1866 συμβίωσις,
1309 1785 1356 1846 «τί

69 1905 149 1964 τούτου
167 1905 358 1986 λαμπρότερον
373 1908 392 1981 ἢ
407 1905 576 1986 ὑψηλότερον
591 1909 609 1980 ἠ
625 1907 801 1986 χαριέστερον
821 1906 896 1986 παρὰ
913 1905 1062 1986 ἀνθρώποις
1077 1905 1263 1986 πολίτευμαγν
1283 1907 1354 1966 κατὰ

68 2027 107 2084 τόν
129 2028 214 2104 μέγαν
231 2025 302 2107 ἐρεῖν
324 2027 487 2087 Βασιλειον·
510 2028 541 2086 τδ
556 2029 685 2108 παράπαν
706 2027 793 2106 οὑδέν,
818 2024 840 2085 εἰ
857 2027 899 2086 δεῖ
918 2047 952 2104 γε
973 2027 1069 2098 άπλώς
1085 2021 1260 2106 ἀνθρώπινον,
1277 2028 1355 2088 ἀλλά

68 2149 102 2221 μ“η
118 2147 274 2226 ἀγγελικόν,
292 2145 403 2220 εἰκότως
422 2147 493 2208 τουτὶ
508 2149 539 2207 τδ
555 2147 749 2228 ἀπαράμιλλον
762 2149 905 2223 δνομάζειν
917 2149 1099 2228 κατόρθωμα·
1117 2147 1178 2208 ἐπεί
1192 2169 1233 2208 τοι
1248 2147 1353 2224 κοίτην

67 2274 115 2327 τῶν
129 2266 258 2348 ἀγγέλων
273 2270 346 2344 ζωὴν
362 2271 401 2341 ώς
416 2270 529 2345 ἀληθῶς
550 2269 723 2343 ἐζηλώκασιν
739 2269 764 2329 οῖ
779 2269 810 2329 τδ
826 2270 982 2337 κοινωνικόν
999 2269 1034 2328 δι’
1051 2267 1192 2350 ἀκριβείας
1211 2275 1354 2349 τηροῦντες

68 2387 182 2462 ἀληθινοὶ
204 2389 330 2468 ἀσκηταί,
353 2391 401 2464 τὴν
425 2390 551 2470 ἐνάρετον
574 2389 660 2449 αύτών
683 2389 826 2450 κοινωνίαν
846 2388 893 2450 καί
912 2389 1053 2450 πολιτείαν
1074 2389 1218 2471 ἀκραιφνὲς
1243 2389 1355 2468 μίμημα

67 2515 110 2585 τῆς
125 2511 277 2590 ἀγγελικῆς
291 2513 485 2582 καταστάσεως
499 2518 689 2591 παριστώντες.
710 2537 724 2566 ‹
734 2509 862 2570 κοινωνία
877 2531 911 2590 γε
927 2513 981 2588 μὴν
1003 2506 1062 2586 βίου
1081 2512 1241 2587 τελειοτάτη
1266 2511 1357 2587 ἐκείνη

66 2633 283 2711 κατονομάζεται,
305 2633 333 2690 ἐν
346 2627 373 2712 ᾖ
389 2635 514 2707 κτήσεως
534 2633 585 2708 μὲν
606 2630 706 2708 ἰδιότης
724 2628 874 2712 ἑξώριοται,
891 2633 1005 2710 γνώμης
1031 2631 1062 2692 δὲ
1084 2632 1239 2706 ἐναντίωσις
1254 2633 1357 2708 ἀπελή-

67 2753 150 2836 λαται,
166 2753 243 2813 κοινά
257 2753 289 2812 δὲ
303 2753 338 2812 τδι
353 2755 504 2833 ούμπαντα,
522 2748 615 2832 ψυχαί,
628 2757 746 2836 γνῶμαι,
764 2757 888 2832 σώματα,
904 2751 951 2813 καί
967 2755 1039 2824 όσοις
1053 2753 1087 2813 τά
1103 2757 1219 2829 σώματα
1233 2757 1359 2836 τρέψεται

66 2873 108 2932 καί
122 2877 308 2955 θεραπεύεται,
328 2873 407 2935 κοινὰ
421 2874 455 2933 τά
471 2874 658 2952 ἀγωνίσματα,
676 2875 765 2934 κοινδν
781 2875 812 2934 τό
826 2881 876 2949 τῆς
892 2873 1008 2946 ἐλπίδος
1025 2873 1194 2956 ἐμπόρευμα,
1210 2873 1295 2936 κοινοί
1310 2874 1358 2935 καί

66 2995 88 3052 οἰ
106 2999 236 3076 στέφανοι,
258 2999 328 3056 ώστε
345 2995 411 3071 μίαν
432 2996 460 3056 ἐν
481 2994 590 3054 πλείοσι
613 2997 720 3072 σώμασι
743 2995 832 3073 ψυχὴν
855 2997 1015 3074 θεωρεῖσθαι
1036 2994 1083 3054 καί
1105 2996 1221 3055 πλεῖστα
1244 2999 1358 3073 σώματα

66 3123 129 3189 μιᾶς.
148 3121 239 3196 ψυχῆς
266 3117 371 3199 ὄργανα
399 3118 587 3177 δείκνυσθαι».
616 3117 714 3192 ταύτην
741 3117 825 3176 τοίνυν
853 3117 901 3192 τὴν
931 3113 1091 3193 ἀξιύμνητον
1119 3117 1260 3196 διαγωγὴν
1287 3119 1357 3177 κατὰ

64 3237 108 3310 τάς
132 3239 282 3316 άοκητικάς
304 3239 488 3309 ὑποτμπώσεις
516 3243 562 3299 τού
590 3237 716 3318 μεγάλου
738 3237 884 3298 Βαοιλείου
910 3235 957 3298 καί
980 3239 1056 3315 ὑμεῖς
1079 3237 1127 3298 καί
1153 3237 1179 3298 οἱ
1202 3239 1263 3314 μεθ’
1286 3239 1357 3316 ὑμᾶς

66 3359 170 3420 ἐνταῦθα
193 3363 358 3436 βιωσόμενοι
381 3361 588 3436 μετελεύσεσθε.

160 3481 209 3558 ις’.
235 3479 273 3542 Ἥ
288 3504 322 3561 γε
344 3481 399 3557 μὴν
418 3484 480 3542 καθ’
496 3484 571 3560 ἡμᾶς
592 3483 658 3558 αύτη
679 3486 725 3542 τού
742 3483 947 3561 Εὑαγγελιστού
966 3479 1013 3541 καί
1029 3480 1175 3560 Θεολόγου
1196 3482 1265 3558 μονὴ
1287 3483 1358 3558 μετά

62 3611 110 3660 τῶν
129 3605 194 3686 αὑτῇ
213 3599 271 3663 νυνί
290 3625 321 3663 τε
341 3604 516 3682 ὑπαρχόντων
540 3603 586 3663 καί
607 3604 746 3683 ἐσύστερον
766 3599 941 3684 ὑπαρξόντων
965 3602 1012 3663 καί
1031 3605 1357 3684 προοεπικτηθηοομένων

64 3723 187 3804 ἐλευθέρα
203 3727 305 3786 ἐσεῖται
328 3725 375 3784 καὶ
398 3723 579 3803 αὑτεξούοιος,
601 3723 648 3784 καί
672 3727 742 3800 μήτε
765 3724 917 3799 βασιλικοῖς
940 3729 957 3800 ἡ
983 3726 1218 3801 ἐκκλησιαστικοῖς
1241 3725 1356 3798 δικαίοις

62 3843 281 3928 ὑποβαλλομένη,
303 3849 373 3922 μήτε
393 3853 552 3928 πραοωπικῇ
570 3846 746 3929 οίᾳδηποτούν
762 3851 780 3922 ἢ
794 3843 941 3928 ἀρχοντικῇ
953 3845 1025 3926 χειρὶ
1041 3845 1086 3906 καί
1100 3846 1250 3929 διακατοχῇ
1266 3848 1356 3927 τρόπῳ

62 3965 105 4023 τινί
130 3969 311 4028 ύποπίπτουοα
332 3967 397 4048 άχρι
420 3965 467 4027 καί
491 3967 576 4045 ψιλῆς
604 3967 742 4048 ἐφορείας,
768 3967 835 4027 ἀλλ’
861 3968 1056 4038 αὑτοδέσποτος
1079 3968 1108 4040 ἐς
1129 3969 1176 4026 τδν
1199 3966 1286 4027 αἰῶνα
1310 3971 1355 4028 τὀν

64 4087 161 4148 ἀταντα
176 4090 352 4163 διαμένουσα.
370 4089 419 4148 οὑκ
431 4087 537 4161 ἐξέσται
550 4087 595 4149 ούν
608 4088 696 4150 οὑδενί
706 4094 759 4150 τῶν
772 4091 897 4150 ἀπάντων
913 4093 931 4164 ἢ
948 4091 997 4164 τὴν
1013 4091 1140 4170 ῥηθεῖσαν
1156 4089 1287 4164 ἔνθεσμον
1299 4110 1355 4150 κοι-

63 4207 183 4284 νοβιακὴν
199 4211 273 4285 ζωὴν
290 4210 319 4268 ἐν
336 4207 374 4288 τῷ
389 4210 451 4268 καθ’
467 4211 542 4283 ἡμᾶς
560 4209 751 4290 ρροντιοτηρίῳ
766 4211 913 4269 καταλύειν
928 4208 975 4269 καί
991 4210 1162 4289 ἀνατρέπειν,
1178 4211 1196 4284 ἢ
1212 4211 1274 4268 καθ’
1286 4211 1353 4284 ἠντι-

63 4333 134 4388 ναοῖν
150 4329 235 4391 αἰτίαν
249 4335 267 4405 ἢ
283 4331 371 4410 λόγον
386 4332 435 4406 τὴν
452 4331 537 4406 μονὴν
553 4332 634 4406 αὑτὴν
645 4333 663 4407 ἤ
676 4353 700 4392 τι
711 4337 764 4390 τών
779 4331 965 4406 ὑποκειμένων
977 4331 1044 4412 αὑτῇ
1059 4332 1201 4410 πειρᾶσθαι
1216 4332 1354 4392 καταδου-

63 4447 121 4507 λούν
132 4452 177 4511 καὶ
187 4454 236 4528 τἠν
249 4451 408 4531 ἐλευθερίαν
420 4453 517 4528 ταύτης
532 4455 764 4534 παραχαράττειν,
779 4450 878 4533 ἐάνπερ
891 4453 930 4530 μὴ
942 4452 980 4532 τῷ
992 4453 1084 4512 Δαθάν
1095 4449 1142 4511 καί
1155 4453 1285 4532 Ἀβειρδυν
1293 4477 1355 4534 συγ-

64 4577 296 4655 κατακριθή-σεσθαι
306 4575 521 4656 μέλλοι,·δποῖος
530 4579 563 4635 ἀν
571 4574 618 4636 καί
627 4576 669 4652 εἰη
680 4576 768 4656 δπρδς
775 4577 902 4652 τοιαύτην
911 4577 986 4649 δλως
998 4574 1154 4658 ἐγχείρησιν
1163 4575 1353 4653 ἐλευσόμενος.

65 4699 139 4752 ταῦτα
150 4697 197 4770 μὲν
214 4697 259 4758 ούν
275 4699 303 4769 ἐς
316 4701 449 4758 τοσοῦτον.
463 4696 524 4778 περί
541 4697 572 4758 δὲ
587 4703 641 4757 τῶν
654 4698 758 4758 λοιπῶν
776 4699 968 4776 διαταγμάτων
987 4698 1081 4758 αύτίκα
1098 4700 1176 4773 μάλα
1193 4697 1352 4771 λελέξεται.
