3184 5288
1271 347 1330 412 147

53 539 73 598 τί
91 541 180 610 πάντες
203 539 330 618 όφεῠιετε
353 540 428 618 ἔχειν
451 547 540 600 πᾶσαν
564 539 724 600 ταπείνωσιν
746 539 794 599 καί
815 542 895 614 τιμὴν
917 542 984 618 προς
1006 542 1052 599 τὀν
1075 541 1191 620 ρηθέντα
1213 539 1332 619 ἀδελφόν

52 659 88 717 καί
108 659 256 736 οἰκονόμον,
281 663 404 739 μονοχδν
427 665 501 741 κῦριν
524 661 628 739 Σάβαν,
651 661 719 740 πρός
743 659 843 718 δὲκαὶ
866 659 905 732 είς
927 663 973 721 τδν
996 664 1118 740 μοναχὸν
1133 664 1206 741 κῦριν
1222 662 1331 742 Ἰωσήφ.

50 782 73 838 ἀ
92 779 126 858 δέ,
149 778 171 840 ὦ
192 782 299 860 μονοχὲ
321 786 382 862 κῦρι
405 783 493 862 Σάβα,
517 782 637 861 ὀφείλεις
660 783 771 860 ἀγαπᾶν
795 784 916 854 ἅπαντας
939 783 977 856 ῶς
1001 783 1088 858 μέλος
1110 781 1156 844 καί
1180 785 1263 864 μέρος
1285 783 1331 843 σὀν

49 902 212 982 ἀπάρχοντας.
236 903 345 983 κεφαλὴ
368 903 550 984 γάρπάντων
573 902 652 978 ἡμῶν
675 905 690 964 ό
713 904 828 981 Χριστος
855 902 902 962 καί
929 904 991 974 θεός
1014 905 1103 983 ἡμῶν,
1132 904 1207 978 μέλη
1231 905 1263 964 δέ
1284 903 1331 964 καί

46 1025 102 1102 μέρη
128 1023 175 1084 καί
203 1023 308 1096 εἰκόνες
336 1026 416 1086 αὺτοῦ
438 1026 522 1101 ἐσμέν
545 1028 636 1106 ἡμεῖς,
660 1024 707 1085 καὶ
729 1022 829 1098 πάντες
851 1027 881 1085 ἓν
905 1026 993 1100 μέλος
1015 1025 1062 1086 καί
1086 1027 1168 1106 μέρος
1191 1027 1330 1100 καθεστή-

46 1167 132 1220 καμεν·
160 1148 199 1224 μὴ
228 1144 274 1208 οὖν
301 1149 331 1206 τό
358 1149 404 1208 τόν
431 1149 516 1226 μέρος
542 1146 589 1206 καί
616 1147 714 1224 μέλος,
742 1144 765 1206 εί
793 1144 841 1206 καί
868 1148 987 1222 σεοηπδς
1008 1147 1077 1228 τίχῃ
1105 1141 1175 1208 εῖναι
1205 1151 1331 1222 νοήσειας

45 1267 83 1327 καί
105 1267 237 1340 δυσωδίας
264 1271 486 1348 μεμεστωμένον,
515 1271 665 1346 μισήσειας,
694 1269 805 1344 μᾶλλον
832 1267 883 1343 μέν
911 1266 957 1328 οῦν
989 1268 1083 1348 ἀγάπα
1112 1265 1158 1328 καί
1184 1267 1330 1347 καταφίλει

45 1388 82 1448 ναί
106 1390 278 1470 ἔμπλαοτρον
307 1389 418 1450 ἐπιτίθει
446 1388 493 1449 καί
524 1391 722 1466 καταδέσμοις.
751 1390 776 1449 τί
802 1389 834 1450 δέ
866 1388 930 1450 εἰσιν
961 1388 985 1450 οἱ
1016 1389 1198 1470 κατάδεσμοις
1227 1389 1330 1472 εἰρήνη,

45 1513 133 1590 ίμίπη,
162 1509 347 1592 μακροθυμία,
375 1511 518 1592 ἐπιείκεια,
545 1512 670 1591 προκοττίΙ
697 1518 751 1572 τῶν
777 1515 947 1592 κρειττόνων.
975 1516 1019 1571 νῦν
1046 1511 1091 1570 οὖν
1118 1513 1215 1591 φάνηθι
1235 1514 1330 1587 μέλος

42 1633 81 1691 καί
105 1635 187 1712 μέρος
213 1635 323 1712 γνήσιον
353 1639 399 1694 τοῦ
428 1639 518 1694 κοινοῦ
549 1635 650 1712 πατρός
679 1633 725 1692 καί
752 1641 892 1714 φωστῆρες
918 1635 1007 1712 ἡμῶν,
1035 1633 1170 1715 παραίνει,
1200 1635 1329 1714 νουθέτει,

43 1756 188 1834 ἑπίπληττε,
212 1756 386 1835 ἁρμοζόντως
413 1756 459 1828 οῦς
486 1756 600 1834 ἁρμόζει
622 1757 720 1834 κρῖναι,
744 1751 886 1834 ἀνάκριναι
909 1754 1020 1826 δικαίως
1043 1753 1090 1814 καί
1113 1756 1152 1826 ῶς
1174 1753 1229 1834 θεῷ
1252 1755 1329 1834 φίλον

42 1878 184 1957 κιτμινοῦς,
217 1878 355 1955 μοναχσῦς
381 1875 428 1938 καί
458 1874 579 1954 μιγάδας
609 1877 680 1952 μετὰ
708 1881 755 1936 τοῦ
785 1873 928 1956 είρημένου
958 1879 1082 1954 μονοιχοῦ
1110 1881 1191 1956 κυροῦ
1215 1877 1328 1955 Ἰωσήφ·

42 1998 79 2056 ἐπὶ
102 2000 185 2078 τοὺτῳ
207 1998 261 2076 γὰρ
288 1996 335 2058 καί
362 1999 392 2058 τδ
415 1999 501 2078 παρὀν
530 1997 654 2073 ένταλμα
680 1997 727 2058 καὶ
749 2000 768 2075 ἡ
789 1996 947 2078 παραίνεσις
974 1998 1040 2074 αῦτη
1066 1997 1262 2077 ἐπιγέγραπται
1285 1996 1328 2057 οί-
1360 2033 1364 2040 ·

41 2121 118 2191 νείαις
140 2141 190 2194 μου
213 2119 308 2199 χερσίν
334 2119 381 2180 καί
411 2119 603 2194 βεβοῦλλωται
633 2117 680 2178 καί
708 2119 863 2180 ἑπιδέδοται
889 2119 961 2199 ὑμῖν,
988 2119 1033 2178 ἵνα
1060 2119 1130 2193 μετά
1156 2119 1239 2198 φόβου
1266 2119 1328 2180 θεοῦ

40 2239 78 2296 ναί
103 2241 217 2312 πῖστεως
244 2241 277 2301 τδι
304 2243 393 2300 πάντα
420 2241 516 2312 καλῶς
545 2239 715 2326 οίκονομῆτε.
740 2239 893 2300 καὶταῦτα
924 2241 974 2316 μέν
1002 2241 1100 2312 οῦτως·
1131 2238 1193 2318 περί
1221 2240 1253 2300 δὲ
1279 2247 1328 2316 τῆς

41 2361 126 2438 χρείας
151 2362 198 2422 καί
226 2363 331 2438 διαίτης
357 2365 437 2438 ἡμῶν
460 2364 490 2422 οῦ
512 2365 567 2442 χρὴ
595 2361 658 2439 ἐμοί
685 2362 794 2442 περιττά
817 2362 971 2441 σοφίζεσθαι
993 2360 1039 2420 καί
1063 2361 1167 2440 λέγειν,
1190 2363 1253 2442 παρ’
1277 2361 1328 2420 δέ

41 2483 190 2558 ἀείμνηστος
217 2484 307 2562 πατὴρ
329 2485 408 2559 ἡμῶν
437 2484 619 2560 ἑνομοθέτησέ
645 2505 675 2544 τε
703 2483 750 2544 καί
776 2485 930 2543 τειῦπωκεν
958 2483 991 2542 ἐκ
1018 2489 1071 2542 τῶν
1099 2483 1179 2544 θείων
1206 2485 1329 2542 κανόνων

40 2612 83 2661 τῶν
104 2605 188 2682 ἁγίων
210 2605 335 2684 πατέρων
358 2607 438 2680 ἡμῶν
465 2611 549 2666 ταῦτα
573 2602 770 2681 ἐκλεξάμενος.
794 2603 863 2664 ἀλλ’
886 2599 932 2664 οὖν
956 2604 1062 2676 ἐκεῖνος
1085 2603 1136 2678 μὲν
1158 2607 1197 2676 ῶς
1219 2605 1329 2681 ἀδάμας

41 2725 79 2782 καί
105 2730 150 2786 τοῦ
179 2727 244 2786 θεοῦ
273 2727 349 2798 όλως
376 2727 505 2806 ὑπάρχων
542 2723 613 2786 κατὰ
640 2725 780 2805 ἀκρίβειαν
807 2731 861 2785 τῶν
893 2725 978 2804 ἁγίων
1007 2727 1132 2807 πατέρων
1162 2725 1253 2786 εἵπετο
1283 2725 1329 2786 καί

40 2846 192 2920 ἐνομοθέτει.
225 2847 283 2926 ἐγὼ
306 2847 447 2928 δὲλέγω,
475 2847 528 2928 ἵνα,
559 2849 624 2909 όταν
655 2848 739 2925 ἔχητε
770 2842 851 2926 οἶνον,
879 2847 973 2923 πίνητε
1002 2849 1138 2924 πέμπτην,
1165 2847 1255 2928 τρίτην
1283 2845 1330 2908 καί

40 2969 290 3050 ταββοτοκυρίακον,
307 2969 435 3040 ῶσαίτως
455 2967 502 3029 καί
523 2970 615 3029 έλαιον
631 2969 679 3043 τὴν
701 2969 928 3048 δευτεροτετράδα
948 2966 995 3028 καί
1010 2971 1194 3048 παρασκευήν,
1219 2969 1264 3028 ίνα
1278 2992 1328 3048 φυ-

39 3090 145 3167 λάττητε
165 3089 213 3152 καί
231 3092 266 3152 τὰ
287 3092 334 3150 δῦο
349 3089 396 3152 καί
412 3089 473 3172 περὶ
495 3097 549 3150 τῶν
571 3087 687 3169 λοιπῶν,
711 3091 749 3162 ὡς
772 3087 948 3170 παρελάβετε
971 3089 1023 3150 ἀπδ
1046 3094 1092 3150 τοῦ
1114 3091 1216 3169 πατρός
1238 3092 1328 3166 ἡμῶν,

40 3213 98 3272 ιῦτω
123 3215 236 3276 ποιεῖτε.
264 3213 337 3284 τοῦςι
353 3216 519 3292 στρατιώτας
545 3209 592 3272 καί
618 3212 680 3283 τοίνς
703 3213 815 3282 λοιποὺς
837 3211 958 3290 χωρίτας
980 3212 1043 3270 καθ’
1067 3211 1183 3286 ἑκάστην
1207 3211 1259 3270 ἀπό
1282 3215 1329 3270 τοῦ

40 3329 108 3404 μείου
137 3337 226 3412 μηνός
256 3336 295 3412 μὴ
326 3335 429 3416 ἀφίετε,
457 3331 525 3394 ἀλλ’
557 3333 730 3413 ἐρχέσθωσαν
760 3331 807 3392 καί
838 3333 995 3408 μενέτωσαν
1026 3333 1055 3392 ἐν
1085 3331 1123 3408 τῷ
1155 3331 1328 3415 μοναστηρίῳ

40 3457 95 3533 πρὶς
115 3455 238 3536 φῦλαξιν.
268 3457 330 3529 τοῦς
356 3461 544 3538 προμαχῶνας
571 3456 692 3526 ἅπαντας
715 3455 847 3532 γεμίσατε
869 3454 964 3534 λίθων,
988 3451 1035 3513 καί
1056 3453 1207 3534 προσέχετε
1229 3456 1329 3527 πάντες

41 3576 63 3634 ἐν
76 3578 208 3662 ἀκριβείᾳ,
228 3579 254 3638 οἱ
269 3581 369 3651 πάντες
392 3579 420 3638 ἑν
441 3584 506 3638 πᾶσι
521 3578 618 3650 καλῶς
642 3574 817 3656 ἀγωνίζεσθε,
841 3577 885 3637 ἵνα
907 3575 954 3637 καὶ
977 3577 1038 3637 θεόν
1061 3575 1109 3638 καί
1129 3579 1204 3652 ἡμᾶς
1227 3577 1328 3658 εῦφρα-

42 3705 103 3772 νῆτε.
126 3700 173 3761 καί
196 3705 281 3761 ταῦτα
304 3700 355 3776 μέν
379 3699 423 3760 ἐπί
444 3705 579 3762 τοσοῦτον.

130 3823 217 3902 Χάριν
242 3821 274 3881 δὲ
296 3825 415 3900 ψυχικῆς
438 3820 574 3902 ὠφελείας
596 3817 750 3900 ’φθέγξομαι
772 3820 867 3899 μικρόν
890 3839 914 3879 τι
937 3821 1004 3898 προς
1026 3819 1107 3898 ὑμᾶς,
1131 3817 1154 3878 εί
1175 3819 1222 3880 καί
1236 3817 1275 3898 τῷ
1291 3820 1329 3898 νῷ

43 3941 218 4020 έονοτισμένος
242 3934 265 4024 ᾧ
289 3943 303 4000 ό
324 3942 419 4015 άθλιος
434 3942 491 4020 ἐγὼ
506 3942 552 4002 καί
568 3941 691 4017 βέβηλος
713 3939 760 4000 καί
782 3943 839 4012 τοῖς
862 3942 967 4016 νοητοῖς
990 3940 1141 4019 ὀφθαλμοῖς
1165 3945 1328 4016 μυωπάζων,

42 4063 114 4138 ότίις
135 4065 257 4143 ἡλιακὰς
285 4065 397 4136 ἀκτῖνας
425 4066 463 4140 μὴ
492 4065 642 4142 δυνάμενος
669 4065 719 4124 ὑπό
745 4063 799 4122 τῶν
827 4060 1063 4140 ἀλληπαλλήλων
1084 4065 1179 4123 παθῶν
1201 4065 1328 4144 καθαρῶς

42 4183 105 4268 ἰδεῖν,
127 4187 218 4263 οἴμοι·
243 4186 311 4246 ἀλλ’
334 4185 380 4246 οὖν
404 4186 537 4248 ἀκούσατέ
560 4207 612 4262 μου
634 4187 739 4267 μικρόν,
767 4187 870 4255 πάντας
897 4185 968 4259 ὑμᾶς
995 4185 1150 4264 παρακαλῶ
1178 4184 1328 4260 δουλικῶς,

41 4310 94 4380 ἀπό
108 4331 141 4388 γε
157 4308 345 4388 ἀληθέστερον
365 4308 449 4368 εἰπεῖν
472 4315 620 4390 πατρικῶς,
643 4307 735 4368 τεκνία
757 4328 820 4384 μου,
843 4305 954 4381 μᾶλλον
978 4304 1009 4364 δέ
1032 4309 1149 4387 πατέρες
1170 4305 1217 4366 καί
1239 4305 1329 4366 ἀδελ-

42 4431 75 4504 φοί
95 4453 154 4512 μου,
179 4429 202 4490 εί
227 4430 258 4490 δέ
281 4427 328 4489 καί
351 4431 433 4488 τέκνα
455 4429 635 4510 προσείποιμι,
660 4430 710 4506 οὺχ
733 4429 925 4508 άμοιρτησομαι
951 4430 997 4485 τοῦ
1019 4424 1134 4504 εἰκότος,
1158 4427 1226 4506 ἐπεί,
1250 4427 1327 4501 ῶςὴ

42 4555 79 4608 τοῦ
101 4553 234 4634 παναγίου
260 4553 415 4626 πνεύματος
445 4555 525 4632 χάρις
551 4553 688 4627 ηάδόκησε
717 4549 765 4609 καί
792 4541 832 4622 οἷς
859 4549 984 4630 κρίμασιν
1011 4542 1080 4624 οἶδε,
1107 4550 1137 4608 τδ
1163 4550 1328 4627 παντέφορον

43 4671 108 4748 ἕρμα
129 4681 175 4736 τοῦ
201 4677 392 4746 παντάνακτος
422 4675 485 4732 θεοῦ
511 4678 590 4750 ἡμῶν
618 4673 658 4744 είς
684 4677 762 4732 τοῦτό
790 4695 826 4750 με
852 4672 1024 4752 προυβάλετο
1052 4671 1099 4731 καὶ
1125 4673 1328 4752 προβέβληκεν,

1071 4791 1121 4841 10*
