3186 5286
1284 317 1348 382 403

64 516 228 576 monasterii
251 521 282 576 et
304 517 368 576 eius
390 517 596 592 religiosorum
617 517 831 576 sustentatione
853 523 884 574 et
906 516 1127 576 manutentione
1146 515 1267 594 sliquod
1282 518 1348 574 sub-

63 621 165 678 sidium
181 622 218 679 de
239 621 323 680 bouis
343 621 398 680 sibi
416 642 433 680 e
452 623 516 680 Deo
535 621 648 680 collatis
664 621 750 680 iuxta
765 619 994 699 uniuscuiusque
1010 621 1198 680 devotionem
1213 625 1349 698 prompte

62 745 89 781 no
111 725 240 784 libenter
262 726 394 785 Gedeoui
418 731 450 784 et
471 726 569 784 Blasio
591 725 742 802 predictis·
755 726 804 785 vel
833 744 934 784 eorum
960 725 1048 784 elteri
1076 731 1225 802 presentes
1251 745 1349 802 perso-

63 830 164 888 naliter
179 830 347 888 ostendenti
367 849 489 904 erogare
503 829 610 890 velint.
635 829 720 894 Quod
744 849 810 888 cum
832 829 968 900 fecerint,
992 835 1136 888 statutum
1157 831 1296 909 habeant,
1319 849 1350 888 se

62 934 206 1010 copiosum
228 954 246 992 s
268 935 468 1011 Redemptore
495 941 595 992 nostro
625 933 831 992 retributionis
859 934 1003 1010 premium
1029 935 1161 1012 feliciter
1181 935 1349 1010 adepturos,

61 1039 242 1114 presentibus
264 1039 301 1096 ad
324 1039 488 1096 triennium
510 1040 666 1097 dumtaxat
685 1039 832 1099 valituris.
856 1039 983 1097 Datum
1006 1041 1112 1097 Rome
1135 1041 1225 1116 apud
1248 1039 1349 1098 Saue-

62 1151 130 1202 tum
152 1144 308 1214 Petrum,
339 1162 427 1200 anuo
452 1143 715 1202 incarnationis
744 1143 925 1201 dominice
956 1143 1148 1202 millesimo
1178 1143 1349 1221 quingen·

61 1248 183 1306 tesiuso
214 1247 479 1324 septuagesimo
509 1247 630 1318 tertio,
662 1247 799 1305 decimo
830 1248 873 1306 kl.
901 1247 1088 1319 februarii,
1112 1248 1351 1324 pontificatus

62 1353 170 1410 nostri
194 1371 283 1410 suno
306 1352 470 1410 secundo.

159 1458 202 1516 II.
221 1458 315 1516 Date
991 1491 1077 1576 Coe,
1094 1491 1306 1552 Gloriarius.

158 1610 265 1661 Archet.
294 1609 403 1660 membr.
431 1624 492 1658 cum
519 1608 595 1660 bulls
621 1609 748 1675 plumbea
774 1625 866 1676 papae.
897 1608 979 1660 Bulls
1006 1609 1126 1660 exhibita
1157 1610 1209 1660 fuit
1232 1611 1351 1674 Melitae,

60 1703 88 1746 ut
114 1704 225 1764 sppurst
250 1711 284 1748 ex
311 1701 402 1748 annot
430 1695 574 1762 adpositas*
591 1696 643 1746 Die
670 1699 750 1748 tertis
777 1697 875 1748 mensis
901 1696 1029 1746 februarii
1059 1697 1125 1746 1720
1152 1703 1351 1762 praesentatum

60 1785 109 1835 init
130 1791 158 1836 et
182 1789 223 1834 est
241 1798 366 1850 praecem
390 1783 476 1834 Breve
499 1798 546 1848 per
568 1797 622 1833 rev.
643 1789 776 1850 papatem,
802 1783 911 1834 fratrem
935 1783 988 1834 don
1010 1785 1137 1848 Paysium
1160 1783 1269 1850 SIgslls,
1293 1801 1351 1852 pro·

60 1879 207 1922 curatorem
235 1869 388 1937 generalem
416 1869 578 1920 venerabilis
607 1875 757 1922 conventus
784 1869 810 1920 S.
834 1871 942 1920 Ioannis
963 1869 1156 1936 Evangelistse
1183 1870 1216 1920 de
1244 1872 1352 1922 Patmos

62 1965 88 2008 et
100 1965 245 2024 receptum,
265 1957 370 2022 fuitque
388 1958 416 2006 in
435 1957 502 2006 actis
520 1957 646 2008 civilibus
663 1957 847 2008 sanctissimae
865 1957 1047 2023 inquisitionis
1060 1957 1208 2007 Melitensis
1230 1960 1352 2023 registra-

60 2053 114 2094 tum
138 2051 165 2096 et
190 2047 241 2110 ipsi
263 2045 446 2110 praesentanti
474 2045 625 2094 restitutum
653 2047 729 2094 iuxta
748 2045 912 2095 decretatum
935 2043 1150 2094 reverendissimi
1173 2043 1274 2094 domiui
1295 2059 1352 2111 pro·

58 2133 223 2198 inquisitoris
241 2137 268 2181 et
286 2131 313 2198 pi
335 2133 363 2180 in
381 2146 413 2180 co
433 2169 438 2180 .
458 2168 464 2180 .
483 2166 490 2180 .
511 2167 517 2181 .
862 2165 904 2216 [ta
922 2174 971 2217 ost,

539 2251 685 2302 loschim
704 2251 815 2314 Pristi,
834 2253 1018 2304 sanctissimae
1037 2255 1219 2320 inquisitionis
1237 2251 1351 2303 Melitae

160 2377 255 2440 Bayet,
274 2391 322 2425 nro
340 2375 382 2424 31.
401 2391 426 2440 p.
447 2375 505 2436 143,
527 2375 670 2425 seo-166,
819 2339 1003 2390 cancellarius.

280 2643 372 2710 XVI.
397 2643 622 2729 tots-1575,
645 2643 697 2708 to.
720 2646 840 2709 mensis
862 2646 937 2708 maii
961 2642 1036 2731 [ind.
1062 2643 1131 2730 111].

60 2785 131 2851 Papa
149 2785 295 2852 Gregorius
313 2784 387 2834 XIII.
407 2783 505 2835 Christi
523 2783 655 2846 fidelibus,
679 2785 726 2849 qui
748 2786 869 2849 proximo
894 2784 1024 2834 decennio
1049 2787 1238 2835 monasterium
1263 2787 1354 2835 visita·

99 2873 190 2922 verint
207 2877 256 2922 sut
274 2872 460 2938 eleemosynas
478 2887 525 2937 pro
544 2887 576 2922 eo
595 2873 774 2938 erogaverint,
793 2869 918 2921 concedit
936 2871 1133 2936 indulgentiam
1151 2873 1309 2938 plenarium.

161 3015 322 3090 Gregorius
338 3017 418 3092 Papo
433 3017 526 3074 XIII.
544 3016 690 3074 universis
706 3014 816 3072 Christi
838 3015 974 3073 fidelibus
994 3021 1163 3090 praesentes
1178 3017 1293 3073 litteras
1311 3017 1355 3074 in·

58 3121 203 3198 specturie
223 3121 348 3178 salutem
364 3125 394 3178 et
409 3120 600 3197 apostolicam
619 3119 867 3178 benedictionem.
891 3122 938 3177 Ad
959 3121 1124 3194 sugendum
1138 3119 1272 3178 fidelium
1287 3121 1356 3178 reli·

57 3227 177 3301 gionem
197 3231 228 3284 et
243 3225 407 3284 animarum
423 3227 549 3284 salutem
565 3225 777 3302 procurandam
792 3225 842 3302 pin
858 3225 1002 3284 charitate
1021 3224 1139 3297 intenti,
1157 3230 1188 3282 ct
1206 3229 1240 3283 ut
1255 3245 1354 3284 mous-

58 3331 183 3389 sterium
200 3329 301 3388 Sancti
318 3329 435 3388 Iosuuis
451 3331 659 3404 Evangelistne
676 3329 789 3388 ordinis
805 3330 905 3387 Sancti
921 3329 1025 3388 Basilii
1045 3329 1135 3388 situm
1156 3329 1186 3386 iu
1207 3329 1303 3387 insula
1318 3331 1355 3388 de
1411 3393 1415 3404 ,

59 3437 188 3505 Patmos,
205 3434 236 3491 iu
253 3453 311 3512 qus
327 3434 422 3492 dictus
438 3433 563 3490 Ioannes
575 3435 766 3508 Evangelisls
781 3434 972 3510 apocalipsim
988 3434 1114 3512 scripsit,
1132 3439 1162 3492 et
1177 3435 1213 3492 ab
1229 3433 1355 3491 infideli·

58 3543 111 3597 bus
128 3539 215 3598 valde
232 3543 262 3596 et
278 3537 478 3598 diversimode
499 3537 695 3612 defatigatum
712 3538 849 3614 illiusque
865 3537 989 3596 ecclesie
1005 3537 1036 3594 in
1052 3537 1152 3596 debite
1164 3539 1356 3615 veneratione

59 3645 226 3702 habeantur
242 3649 273 3700 et
288 3662 306 3698 a
318 3641 427 3700 Christi
445 3642 581 3700 fidelibus
593 3642 730 3717 congruis
745 3643 951 3720 frequentetur
967 3642 1127 3700 honoribus
1144 3643 1258 3720 ipsique
1271 3643 1356 3700 Chri-

58 3749 96 3806 sti
113 3748 218 3806 fideles
233 3767 267 3804 eo
283 3747 424 3805 libentius
441 3747 609 3807 devotionis
624 3767 711 3805 censs
725 3747 762 3804 od
778 3747 888 3805 dictam
904 3747 1058 3806 ecclesiam
1074 3768 1105 3806 se
1120 3748 1281 3817 conferant,
1299 3767 1356 3825 quo

58 3853 171 3911 exinde
194 3853 270 3910 douo
293 3852 409 3910 celestis
431 3851 544 3927 gratioe
566 3831 687 3910 uberius
710 3851 904 3926 cognoverint
924 3871 954 3910 se
975 3871 1037 3909 esse
1053 3851 1187 3924 refertos,
1212 3853 1247 3910 de
1263 3852 1356 3908 omni-

58 3955 191 4034 potentis
222 3956 279 4014 Dei
310 3956 514 4014 misericordie
544 3975 578 4014 cc
607 3957 761 4014 beatorum
788 3955 870 4014 Petri
898 3961 929 4014 et
952 3956 1037 4014 Pauli
1066 3957 1263 4032 apostolorum
1294 3957 1357 4013 eius
1458 3979 1460 3988 ·

58 4061 238 4120 anctoritate
262 4059 364 4118 confisi
391 4059 526 4118 omnibus
549 4071 580 4119 et
610 4061 732 4136 singnrlis
756 4059 867 4118 Christi
891 4059 1027 4118 fidelibus
1059 4079 1128 4120 vere
1154 4059 1357 4136 penitentibus

58 4174 90 4226 et
116 4165 266 4236 confessis,
295 4165 348 4241 qui
372 4164 482 4224 dictam
505 4165 660 4224 ecclesiam
683 4167 809 4222 durante
832 4165 975 4223 decennio
998 4164 1134 4241 proximo
1157 4165 1263 4224 devote
1286 4164 1357 4223 visi·

57 4270 195 4332 teveriut
227 4275 257 4328 et
284 4269 395 4330 ibidem
418 4271 480 4347 pias
503 4272 540 4328 ad
563 4272 660 4328 Deum
684 4289 786 4346 preces
801 4269 963 4327 effuderint
985 4290 1037 4328 eeu
1059 4289 1111 4346 pro
1135 4269 1358 4328 necessitatibus

57 4383 90 4436 et
116 4376 184 4434 eliis
207 4375 344 4434 oneribus
365 4375 536 4434 monasterii
552 4375 744 4434 eleemosinas
760 4373 948 4450 erogaverint
963 4381 1015 4432 out
1030 4374 1174 4444 miserint,
1196 4374 1358 4450 plenarium

58 4481 196 4540 omnium
211 4485 397 4556 peccatorum
417 4499 535 4539 suorum
558 4479 777 4554 indulgentiam
799 4483 829 4536 et
851 4477 1054 4538 remissionem
1078 4478 1237 4554 apostolice
1259 4483 1357 4537 eneto-

57 4589 154 4644 ritate
185 4589 288 4642 tenore
310 4585 495 4661 presentium
518 4583 749 4644 misericorditer
772 4584 802 4640 in
826 4583 954 4641 Domino
977 4583 1164 4642 concedimus
1194 4589 1225 4640 et
1254 4582 1358 4656 elargi-

59 4711 139 4760 mur,
164 4689 366 4764 preesentibus
385 4691 421 4747 ad
439 4689 551 4748 dietum
571 4687 746 4746 decennium
770 4693 886 4744 tentum
907 4687 1064 4746 duraturis.
1088 4688 1216 4745 Datum
1231 4687 1359 4745 Romae

1153 4786 1204 4836 26*
