3186 5286
362 1270 538 1386 INDEX
573 1267 1044 1387 CHRONOLOGICUS.

56 1749 237 1810 6581-1073,
265 1765 356 1799 mense
369 1750 623 1801 februarioind.x1.
637 1750 781 1816 Imperator
793 1749 902 1800 Miaira‘e'l
917 1749 1074 1802 VILDucas
1084 1747 1261 1812 Parapinaoes
1340 1721 1346 1733 ο

261 1843 408 1895 Andronico
415 1845 502 1896 Dacos
512 1845 590 1896 donat
598 1846 712 1912 praedia
723 1849 751 1896 in
763 1849 862 1912 repom
872 1845 1039 1910 Alopeoarnm
1050 1859 1132 1910 prope
1144 1843 1259 1892 Miletum

264 1943 315 1989 sita
347 1976 1255 1994 ...........................

54 2035 235 2096 6581-1073,
263 2051 354 2086 mense
373 2038 477 2100 monio,
496 2038 549 2086 ind.
563 2038 608 2088 XI.
627 2037 722 2098 Adam,
739 2041 855 2087 notorias
869 2036 1057 2101 patriarchalis
1074 2042 1097 2086 et
1114 2035 1261 2085 domesticas

261 2131 395 2181 tribirnalis
412 2149 548 2181 sacrarum
560 2132 662 2182 aedium
678 2132 797 2192 Orientis,
815 2139 838 2181 et
846 2134 981 2196 patricius,
1000 2147 1105 2196 maanus
1118 2145 1261 2180 ooaonomns

263 2227 388 2277 Matzuoes
405 2231 433 2278 in
450 2228 591 2294 catatopnm
608 2229 723 2292 reserant
734 2235 757 2278 et
768 2227 874 2278 tradunt
886 2227 1032 2277 Andronioo
1045 2227 1134 2276 Dnoae
1148 2225 1261 2290 praedia

261 2327 284 2373 ei
301 2323 397 2373 donata
414 2327 447 2374 ab
464 2327 615 2388 imperatore
633 2324 757 2374 Mirtraits
775 2322 832 2375 VII.
852 2323 928 2374 Daca
943 2323 1106 2388 Paropinacs
1123 2325 1151 2372 in
1163 2324 1261 2388 regions

263 2417 432 2484 Atopsearnm
450 2422 500 2468 sita
520 2456 1256 2470 ......................

52 2511 257 2582 [east-1079]‚
277 2529 368 2564 mense
387 2515 490 2577 martio,
512 2514 565 2564 ind.
584 2514 617 2564 11.
643 2515 750 2566 Sanctus
774 2514 958 2576 Okristodntns‚
976 2513 1121 2578 infirmitate
1139 2521 1161 2562 et
1178 2516 1261 2564 inom-

263 2611 375 2658 sionibus
403 2610 546 2660 Turoamm
574 2617 672 2659 coactns
695 2611 812 2661 incedas
834 2626 847 2660 a
867 2613 1018 2660 monasterio
1041 2608 1111 2674 Stylo
1132 2612 1160 2658 in
1182 2615 1263 2659 niorto

263 2705 350 2766 Latro,
369 2709 496 2756 committit
513 2705 707 2756 moderationem
725 2709 834 2758 coertotrii
852 2706 980 2756 mammis
999 2705 1082 2758 Sabas
1099 2713 1122 2756 et
1140 2705 1226 2756 Locos
1255 2743 1261 2756 .

51 2801 117 2850 Sine
137 2815 209 2849 anno
228 2805 256 2849 et
274 2816 374 2851 menso.
395 2801 503 2852 Sanctia
520 2800 696 2852 Otrristodntns
714 2803 805 2852 litteris
823 2801 859 2851 ad
873 2801 1054 2866 patriarcham
1071 2801 1139 2850 datis
1151 2799 1263 2865 dsfmdit

261 2912 287 2945 se
305 2904 326 2945 et
345 2895 591 2946 administrationem
608 2899 756 2947 monasterii
774 2895 839 2961 Styli
855 2899 884 2945 in
901 2903 982 2946 monte
1001 2895 1081 2945 Latro
1113 2935 1118 2946 .
1147 2933 1153 2946 .
1182 2935 1188 2945 .
1217 2933 1223 2946 .
1255 2933 1262 2946 .

51 2993 237 3057 6587-1079,
266 3005 358 3042 mense
370 2999 494 3058 augusto,
513 2993 566 3043 ind.
580 2993 614 3042 11.
634 2993 778 3058 imperator
791 2991 950 3056 Nicephorns
961 2991 1101 3042 Botoniata
1112 2995 1262 3041 monasterio

264 3085 290 3137 S.
301 3086 406 3136 Ioannis
417 3085 554 3137 Prodromi
563 3089 592 3136 in
602 3086 720 3150 Strobelo,
729 3087 828 3137 saridim
836 3105 853 3136 a
862 3102 948 3136 sorore
960 3085 1120 3138 Constantini
1133 3085 1262 3147 Caietam,

263 3181 373 3232 cmwedit
391 3183 528 3234 libertatem
546 3190 569 3232 et
587 3187 767 3248 exemptionem
785 3184 817 3232 ab
834 3183 949 3232 omnibns
967 3181 1066 3232 tributis
1081 3219 1261 3233 ......

48 3279 236 3340 6588-1079,
264 3293 355 3328 mense
369 3279 479 3340 octobri,
492 3278 546 3329 ind.
556 3279 605 3329 111.
620 3279 690 3330 Idem
702 3283 840 3344 imperator
852 3280 960 3330 arsenio
970 3277 1078 3329 Seenari
1089 3277 1167 3329 donat
1175 3279 1261 3328 sarde·

262 3375 309 3422 eim
321 3389 435 3423 nummos
448 3389 538 3424 aureos
549 3378 683 3439 eximitatis
699 3376 775 3426 celtas
793 3379 825 3426 ab
843 3390 869 3425 eo
887 3373 1001 3425 conditas
1019 3377 1048 3424 in
1065 3380 1147 3424 marita
1166 3373 1263 3425 Dicaeo

262 3469 395 3518 ininsula
415 3467 465 3519 an
482 3470 515 3518 ab
532 3473 646 3520 ontnfflns
664 3473 764 3521 tribostis
771 3508 1262 3521 ...............

47 3564 237 3626 enee-108⁶,
265 3578 357 3614 mense
375 3565 479 3627 martio,
498 3565 552 3614 ind.
566 3565 640 3615 VIII.
660 3565 802 3630 Imperator
814 3565 919 3616 alatus
932 3565 954 3617 1.
977 3565 1116 3617 Commenta
1134 3567 1263 3631 confirmat

262 3658 422 3710 deviationem
434 3663 595 3724 imperatoris
608 3661 748 3725 Nicephori
764 3661 926 3720 Bataniatae,
939 3663 983 3726 qni
996 3661 1088 3712 Sancto
1103 3661 1264 3712 Okristodaio

265 3754 335 3805 dedit
346 3755 398 3804 diro
409 3757 463 3806 tora
480 3760 507 3806 in
526 3757 611 3806 irunta
627 3757 684 3818 Ooo,
702 3757 860 3822 annectitque
877 3761 1028 3807 manasterio
1040 3757 1149 3809 Sanctae
1162 3757 1264 3808 Mariae

267 3849 460 3901 Oastrianomm
490 3854 523 3901 ab
555 3869 582 3902 oo
612 3851 712 3902 condito
743 3853 881 3903 libertatern
913 3861 935 3903 at
966 3854 1097 3917 confirmat
1119 3854 1264 3904 donatianae

265 3946 346 3997 eidem
363 3950 516 3998 monasterio
526 3949 616 4013 saotar
632 3987 1263 4001 ...................
1316 3953 1350 4000 23

44 4043 238 4104 osea-108⁷,
265 4057 355 4092 mense
380 4045 459 4106 maio,
487 4043 541 4094 ind.
564 4045 597 4094 X.
627 4045 696 4095 Idem
717 4045 857 4110 imperator
877 4045 957 4096 donat
983 4045 1075 4096 sorno
1104 4044 1265 4096 Oaristodnlo

264 4145 340 4188 totam
361 4141 472 4190 institam
496 4141 583 4204 Lipso‚
603 4141 718 4204 praedia
740 4141 791 4190 dno
812 4149 835 4190 et
855 4140 991 4190 dimidiam
1012 4144 1089 4191 castri
1107 4141 1220 4191 Pantetii
1237 4145 1265 4191 in

265 4236 350 4286 insuta
369 4235 435 4287 Lero
452 4239 586 4299 monitans
603 4235 699 4285 donata
717 4253 734 4284 a
752 4238 852 4286 tributis
876 4275 1263 4288 ............
1317 4241 1350 4287 26

45 4327 259 4400 [6595-1087‚]
280 4345 371 4380 menso
389 4333 472 4393 iunio,
490 4331 544 4382 ind.
558 4332 590 4380 X.
611 4330 681 4380 Idem
693 4333 832 4395 imperator
844 4334 910 4382 intret
928 4335 957 4382 in
974 4337 1031 4382 acta
1046 4333 1150 4396 pabtim
1167 4333 1265 4398 referri

265 4425 411 4476 donationes
422 4427 512 4490 factas
530 4425 622 4477 Sancto
644 4427 804 4479 Caristodato
842 4465 1264 4482 .............
1317 4433 1350 4480 29

44 4519 261 4592 [6596-1087,]
282 4537 373 4572 mense
391 4523 475 4585 iunio,
493 4521 548 4572 ind.
561 4523 593 4572 X.
614 4523 772 4574 Patriaratra
789 4523 911 4574 Niooians
929 4522 979 4574 III.
1003 4522 1190 4574 Grammaticus
1204 4541 1264 4590 per·

264 4619 338 4668 mittit
362 4615 453 4668 Smer>
479 4616 648 4679 aaronita,
675 4625 703 4668 at
725 4619 824 4668 amadot
846 4635 859 4667 e
881 4621 1000 4682 mornatio,
1024 4623 1148 4670 rersnntiet
1173 4637 1265 4670 mames

265 4714 363 4762 abbatis
379 4716 527 4762 monasterii
545 4712 610 4776 Styti
626 4716 654 4762 in
672 4720 753 4764 monte
770 4714 851 4765 Latro
868 4721 975 4780 aqatqne
992 4717 1071 4766 vitam
1088 4716 1229 4766 solitariam
1257 4753 1263 4765 .
1317 4719 1351 4766 30
