3228 5294
1321 353 1361 416 67

64 542 186 622 αἰωνίαν,
209 545 240 604 τό
262 565 297 622 γε
321 543 360 614 εἰς
382 546 428 604 τὀν
450 544 617 626 ἀνθρώπινον
641 545 699 618 βίον
720 539 799 624 ήκον,
824 545 953 620 ἐθέμεθα.
988 541 1085 604 αύτίκα
1112 549 1178 624 γοῦν
1204 549 1250 604 τοῦ
1277 547 1363 620 θεμε-

64 665 141 724 λιεῦν
167 663 313 746 ἠρξάμεθα
341 663 388 726 καὶ
413 669 462 725 τοῦ
487 665 595 744 κτίζειν,
623 663 704 746 ἀπρὶξ
736 665 866 742 ἐχόμενοι
892 669 939 725 τοῦ
965 670 1076 746 σκοποῦ,
1103 664 1150 726 καὶ
1176 665 1364 748 περιτειχίζειν

63 787 188 865 ἑρυμνιῖις
209 784 257 846 καὶ
283 788 367 863 όπόοη
396 786 509 863 δύναμις
535 789 650 866 ἀνυψοῦν
677 788 722 847 τόν
749 791 796 846 τοῦ
822 787 946 868 ρρουρίου
976 785 1056 847 τοῦδε
1078 787 1228 868 περίβολον
1253 787 1364 867 ἐπειγό-

65 930 153 984 μενοι.
176 911 239 968 τότε
262 909 297 984 δὴ
319 909 381 968 τότε
403 907 451 969 καί
473 911 503 969 τό
525 914 575 985 τῆς
599 909 669 986 ἐμῆς
691 910 827 989 προτέρας
850 908 1012 984 βουλήσεως
1035 908 1166 991 περὶτοῦ
1189 909 1297 987 μηδένα
1311 916 1364 970 τῶν

64 1031 205 1090 ἑλκόντων
228 1031 274 1090 τόν
296 1033 343 1092 τοῦ
365 1033 456 1108 γάμου
479 1031 560 1110 ζυγόν
582 1031 632 1106 τὴν
658 1035 740 1107 νῆσον
763 1029 847 1090 οἰκεῖν
879 1029 923 1090 διὰ
945 1031 994 1106 τὴν
1016 1037 1070 1092 τῶν
1091 1037 1228 1110 γυναικῶν
1249 1030 1365 1092 καὶτῶν

63 1153 169 1212 παίδων
194 1154 325 1232 πρόφασιν
353 1150 484 1212 ἀδύνατον
511 1153 655 1212 κατενόουν
682 1150 729 1212 καὶ
756 1155 802 1212 τοῦ
831 1153 1028 1234 αύτοκράτορσς
1055 1152 1219 1231 ἐμεμνήμην
1247 1151 1295 1214 καί
1316 1155 1366 1229 τὴν

67 1273 214 1350 βασιλικὴν
244 1272 283 1353 τῷ
314 1273 369 1334 όντι
396 1275 480 1352 φρένα
509 1271 556 1334 καί
583 1274 632 1348 τήν
657 1273 862 1353 προγνωστικὴν
891 1271 953 1353 περὶ
979 1274 1072 1334 τούτου
1098 1277 1243 1356 πρόρρησιν
1265 1273 1313 1334 καὶ
1335 1275 1365 1334 τδ

65 1401 117 1454 τῶν
149 1401 313 1474 στοχασμῶν
350 1395 518 1456 ἀδιάπτωτον
547 1391 716 1475 ἐξεθείαζον,
743 1393 790 1455 καὶ
816 1393 850 1454 τὰ
876 1394 1071 1476 παροιμιωδῶς
1096 1397 1154 1468 τοῖς
1179 1395 1309 1467 παλαιοῖς
1336 1395 1365 1455 ἐν

65 1519 123 1588 ταῖς
149 1515 372 1596 ύστεροβουλίαις
398 1517 541 1596 λεγόμενα
567 1517 617 1576 ούκ
643 1515 795 1589 ἀπεικότως
820 1518 955 1595 ἣρμοττον
979 1515 1103 1598 ἐμαυτῷ·
1141 1515 1259 1597 «ῥεχθὲν
1282 1517 1314 1576 δέ
1334 1537 1366 1576 τε

66 1641 159 1712 νήπιος
183 1639 303 1720 ἔγνων»,
327 1637 374 1700 καῖ
400 1636 538 1718 «πληγείς
560 1637 656 1710 άλιεύς
677 1641 738 1698 νοῦν
762 1637 860 1698 οἴσειν.

171 1758 217 1839 ιγ’.
239 1761 332 1843 Ταύτῃ
358 1781 399 1820 τοι
426 1757 473 1820 καὶ
500 1759 545 1820 διὰ
572 1761 602 1819 τό
630 1759 669 1836 μὴ
697 1757 827 1840 εὑρίσκειν
855 1757 958 1838 ἀζυγας
980 1758 1104 1840 λαϊκούς,
1134 1759 1197 1832 τοίις
1217 1757 1266 1822 καί
1287 1781 1364 1836 τηνι-

66 1885 150 1940 καῦτα
175 1882 204 1940 έν
228 1883 287 1954 ταῖς
311 1880 481 1957 οἰκοδομίαις
504 1879 552 1940 καὶ
572 1879 706 1958 διηνεκῶς
727 1881 755 1940 ἐν
775 1883 835 1952 ταῖς
855 1885 904 1958 τῆς
924 1885 1011 1957 μονῆς
1032 1880 1206 1961 ἐργαστικαῖς
1227 1880 1366 1954 δουλείαις

66 2001 207 2082 ὑπουργεῖν
235 2001 405 2082 ἐρειλοντας,
435 2001 599 2084 ἐξεχύρησα
625 2002 697 2063 κατὰ
722 2007 812 2063 πᾶσαν
838 2003 963 2081 ἀνάγκην
991 2002 1039 2064 καί
1059 2022 1134 2076 τινας
1160 2002 1209 2063 ύπδ
1236 2003 1365 2084 γυναίοις,

67 2125 104 2196 ὡς
133 2127 230 2206 δρᾶτε,
258 2125 307 2201 τήν
336 2127 378 2206 ὑφ’
398 2126 473 2202 ήμᾶς
500 2125 598 2200 ταύτην
620 2131 702 2201 νῆσον
723 2125 772 2201 τήν
800 2125 913 2201 Πάτμον
947 2121 1047 2204 οἰκεῖν,
1079 2124 1154 2200 πλὴν
1181 2127 1231 2186 σῦκ
1252 2125 1365 2204 ἀνόσως,

68 2247 129 2306 οῦδὲ
157 2247 267 2327 φύρδην,
296 2247 352 2308 ουδ’
375 2249 428 2323 όπη
457 2247 611 2327 βούλονται,
639 2246 707 2307 ἀλλ’
728 2246 757 2306 ἐν
786 2243 912 2318 ἰδιάζοντι
940 2246 1018 2326 μέρει
1039 2251 1089 2323 τῆς
1111 2249 1193 2322 νήσου
1216 2245 1262 2308 καί
1285 2267 1365 2306 συνε-

68 2371 237 2449 πταγμένως,
258 2370 349 2447 ὥσπερ
370 2371 423 2450 ἀρα
442 2368 489 2428 καί
508 2369 645 2448 φαίνονται
664 2367 820 2444 ποιούμενοι
841 2368 890 2442 τήν
905 2367 1071 2444 κατοίκησιν.
1100 2365 1123 2427 εἰ
1144 2364 1259 2444 μὲνοῦν
1280 2368 1365 2449 ἐγγέ-

69 2489 146 2564 νηταί
168 2511 224 2570 μοι,
246 2491 309 2550 καθ’
325 2491 356 2548 δν
380 2491 438 2568 έχω
461 2491 571 2572 σκοπόν,
599 2491 651 2570 πρό
678 2489 811 2566 τελευτῆς
838 2489 965 2550 ἀνελθεῖν
991 2487 1039 2549 καί
1067 2487 1107 2562 εἰς
1134 2489 1246 2565 ὁμιλίαν
1275 2490 1366 2550 ἐλθεῖν

69 2610 109 2690 τῷ
131 2611 316 2691 εύοεβεστάτῳ
342 2610 390 2672 καί
412 2612 482 2692 άγίῳ
506 2631 558 2688 μου
581 2611 701 2692 βασιλεῖ,
728 2613 873 2691 γενήσεται
899 2613 1008 2682 πάντως
1037 2607 1068 2684 ἐξ
1090 2609 1224 2686 αἰτήσεως
1247 2631 1298 2688 μου
1322 2611 1367 2672 διόι

70 2733 213 2810 βασιλικῆς
240 2731 397 2810 οἰκονομίας
424 2735 443 2808 ή
469 2735 562 2794 τούτου
591 2731 745 2814 διόρθωσις·
769 2733 887 2794 πέποιθα
913 2734 977 2812 γάρ,
1001 2733 1040 2803 ὡς
1067 2733 1097 2793 ού
1128 2735 1280 2814 παρόψεται
1303 2732 1366 2794 ούδέ

69 2855 119 2930 τήν
138 2857 261 2930 τοιαύτην
285 2875 337 2929 μου
360 2854 463 2930 αἴτησιν
485 2857 503 2929 ή
528 2855 752 2935 διακριτικωτάτη
775 2857 821 2914 τοῦ
846 2852 985 2926 βασιλέως
1010 2855 1094 2932 ψυχή,
1123 2853 1191 2914 ἀλλ’
1208 2854 1368 2935 ἐπαναδρά-

71 2977 158 3048 μεῖται
177 2979 245 3056 πρός
264 2976 313 3054 τήν
333 2975 436 3036 οἰκείαν
456 2975 552 3056 κρίσιν,
578 2973 625 3034 καὶ
644 2977 659 3034 δ
681 2976 720 3050 μὴ
740 2976 802 3034 τότε
822 2974 867 3034 διὰ
886 2974 935 3049 τἠν
956 2975 1026 3050 ἐμὴν
1049 2975 1224 3054 ἐσραλμένην
1248 2977 1369 3036 ἔνστασιν

73 3094 256 3179 ἐξεργάσατο,
285 3097 426 3172 εύδοκήοει
454 3098 484 3156 τδ
512 3098 612 3177 κράτος
638 3095 720 3156 αύτοῦ
744 3096 902 3177 πρεπόντως
926 3097 984 3176 ἀρτι
1006 3097 1206 3176 περατωθῆναι.
1230 3095 1254 3156 εἰ
1278 3096 1309 3156 δέ
1331 3117 1368 3174 με

71 3219 169 3294 φθάσαν
195 3221 381 3300 προαρπάσειε
408 3220 438 3278 τό
464 3219 571 3298 χρεών,
599 3216 736 3292 βούλομαι
765 3213 813 3278 καὶ
843 3216 1034 3298 διατάττομαι,
1064 3219 1113 3292 τὴν
1143 3223 1197 3276 τῶν
1226 3223 1366 3294 κοσμικκῖιν

73 3339 144 3412 ἐντός
165 3347 214 3419 τῆς
236 3343 318 3416 νήσου
342 3339 412 3416 μετὰ
433 3345 487 3400 τῶν
510 3337 645 3418 γυναικῶν
671 3337 719 3398 καί
745 3338 848 3398 τέκνων
877 3339 964 3398 αύτῶν
992 3337 1094 3416 οἴκησιν
1118 3339 1157 3414 μὴ
1181 3338 1280 3412 ἀλλως
1301 3338 1367 3400 ποτέ

71 3463 302 3542 παραχωρηθῆναι
321 3462 459 3542 γενέσθαι,
485 3461 585 3535 ἀλλ’ἢ
607 3461 645 3532 ὡς
665 3463 710 3519 νῦν
730 3458 773 3518 ἐπ’
797 3458 874 3540 ἐμοῦ,
894 3461 986 3541 πόρρω
1008 3481 1044 3537 πη
1064 3467 1114 3538 τής
1134 3467 1220 3537 μονῆς
1240 3460 1269 3519 ἐν
1285 3463 1367 3521 εύπε-

74 3587 206 3664 ριγριῖπτῳ
232 3587 280 3644 τοῦ
306 3583 398 3658 νησίσυ
426 3578 504 3664 ἀκρῳ
530 3581 578 3642 καί
606 3577 676 3642 εἰναι
703 3579 750 3641 καί
778 3581 927 3663 διαμένειν,
953 3583 1021 3662 πρδς
1048 3585 1078 3642 τό
1105 3583 1212 3662 βόρειον
1239 3581 1368 3657 δηλονότι

75 3705 161 3785 μέρος,
184 3707 238 3766 ἀπό
261 3709 307 3764 τοῦ
330 3703 498 3786 ἀκρωτηρίου
520 3707 567 3764 τοῦ
588 3703 743 3784 λεγομένου
770 3697 855 3763 Βαίου
883 3705 937 3776 ἕως
959 3709 1005 3763 τοῦ
1028 3705 1189 3786 ἑτέρουτοῦ
1212 3704 1368 3782 λεγομένου

74 3825 89 3881 ό
114 3827 185 3904 ἅγιος
215 3827 361 3898 Νικόλαος
387 3827 402 3884 ό
431 3824 470 3898 εἰς
500 3827 531 3885 τδ
560 3823 685 3902 Εὔδηλον
720 3823 768 3885 καὶ
796 3825 875 3906 ἄχρις
904 3827 985 3901 αὐτῆς
1009 3821 1079 3910 [τῆς]
1116 3824 1198 3904 ἁγίας
1224 3825 1366 3908 Μαρίνης,

74 3949 217 4030 περαιτέρω
242 3947 273 4008 δὲ
295 3948 344 4023 τὴν
368 3947 438 4023 μετά
461 3945 588 4026 συζυγίας
610 3947 768 4024 κατοίκησιν
791 3947 831 4024 μὴ
853 3946 1021 4028 προβαίνειν,
1047 3950 1117 4022 μήτε
1139 3948 1194 4023 μἠν
1216 3947 1251 4007 τὰ
1273 3946 1370 4023 διαλη-

76 4067 164 4144 ρθέντα
186 4072 247 4152 δρια
269 4067 490 4151 παρεξέρχεσθαι
511 4071 599 4130 ποιεῖν
620 4065 670 4141 τὰς
693 4070 779 4130 αἰτῶν
802 4070 935 4148 γυναῖκας
954 4071 972 4143 ή
988 4068 1023 4128 τὰ
1043 4068 1138 4128 παιδία
1160 4067 1207 4129 καί
1233 4069 1369 4129 ἐνδοτάτω

76 4193 120 4247 τοῦ
140 4191 230 4267 νησίον
256 4193 370 4272 χωρεῖν,
397 4193 485 4273 πάντ-ρ
513 4189 560 4250 καὶ
586 4195 663 4252 τοῦτο
691 4190 855 4270 ἀπαγορεύω
882 4189 929 4249 καὶ
959 4189 1059 4265 δεσμόν
1087 4188 1209 4268 ἐντίθημι
1230 4187 1277 4250 καὶ
1300 4190 1368 4270 ἀράν

79 4307 117 4386 ἐρ’
131 4306 303 4394 ᾧ-τηρεῖσθαι
318 4315 368 4388 τὴν
383 4313 498 4387 ἐντολήν
514 4333 566 4389 μου
585 4313 694 4393 ταύτην,
719 4315 817 4392 μέχρις
840 4315 872 4370 ἀν
895 4312 910 4370 ό
931 4310 1025 4389 παρὼν
1049 4308 1115 4370 αἰὼν
1139 4309 1262 4392 διαρκοίη
1285 4311 1367 4371 ἀδια-

77 4429 195 4507 λύόητόν
216 4456 245 4496 τε
269 4434 316 4494 καὶ
339 4434 571 4514 ἀπαράθραυστον.
597 4434 623 4492 οἵ
634 4453 669 4512 γε
685 4433 740 4508 μὴν
764 4432 860 4513 ἀνδρες
882 4431 906 4493 οί
929 4429 1022 4492 λαῖκοί
1044 4429 1299 4512 προσεδρευέτωσαν
1321 4431 1368 4493 καὶ

79 4549 332 4634 διακαρτερείτωααν
355 4554 395 4627 εἰς
421 4552 470 4628 τὰς
496 4561 546 4634 τῆς
574 4561 661 4631 μονῆς
689 4553 817 4626 δουλείας
846 4555 874 4614 ἐν
902 4551 975 4631 αύτῷ
1001 4573 1031 4612 τε
1057 4551 1096 4631 τῷ
1124 4555 1294 4634 μοναστηρίῳ
1321 4553 1369 4614 καὶ

79 4671 206 4756 ἀλλαχοῦ,
230 4678 295 4737 ἔνθα
322 4680 353 4736 οῖν
382 4677 457 4756 παρὰ
483 4681 529 4736 τοῦ
560 4675 751 4754 καθηγομένου
780 4679 799 4750 ἡ
826 4679 872 4736 τοῦ
902 4673 1048 4750 οἰκονόμου
1076 4678 1294 4756 προστάσσοιντο,
1326 4675 1367 4752 ἐρ’

1127 4796 1160 4845 b*
