3162 5278
256 317 321 383 352

256 516 388 590 μένοντος
401 517 447 576 τοῦ
463 511 606 595 εἰρημένου
621 513 806 593 κωδικέλλου,
829 511 877 574 εἴτ’
894 508 939 572 οίιν
956 510 1099 590 διαθήκης,
1123 512 1194 572 κατὰ
1209 513 1271 585 τοίις
1290 511 1450 585 ἐκτεθέντος
1465 513 1543 583 θείους

254 634 301 696 καὶ
323 634 412 716 ίεροδς
433 637 552 708 κανόνας
573 633 620 695 καί
642 634 798 704 πολιτικοὺς
821 633 936 709 θεσμοὺς
958 633 1006 694 καί
1027 633 1099 694 κατὰ
1120 636 1209 694 πάντα
1229 634 1319 695 ἀλλον
1335 635 1421 714 λόγον
1438 633 1542 712 δικαίου,

256 759 270 816 ό
294 756 454 837 διαληφθεὶς
477 756 658 836 διδάσκαλος,
681 761 730 838 κῦρ
753 756 913 837 Βασίλειος,
942 755 1020 817 οίιδὲν
1044 753 1099 828 ἕξει
1123 754 1227 817 δίκαιον
1250 756 1385 834 διαδοχῆς
1408 755 1470 816 οὒτε
1490 756 1543 834 περὶ

255 879 303 954 τὴν
335 877 534 955 διδασκαλικὴν
568 877 732 960 προστασίαν
764 883 810 940 τοῦ
846 877 924 938 αὺτοῦ
958 877 1165 960 φροντιστηρίον,
1199 876 1260 938 οὔτε
1294 876 1356 957 περὶ
1389 879 1423 937 τά
1457 877 1543 953 βιβλία

255 997 302 1059 καὶ
328 1003 456 1076 κτήματα
482 999 530 1061 καί
551 995 585 1060 τάι
608 1001 660 1061 άπδ
685 1000 876 1076 ἐλεημοσυνῶν
900 999 1001 1080 ἀσπρα,
1029 1001 1098 1080 άπερ
1123 1001 1201 1080 ζήλῳ
1224 1000 1359 1080 φιλοθέων
1389 999 1490 1079 ἀνδρῶν
1517 1000 1542 1056 έ-

255 1124 374 1196 κτήσατο
396 1123 414 1197 η
438 1123 504 1198 αιἰτὴ
528 1122 634 1202 σχολή,
657 1121 704 1183 καὶ
728 1125 830 1202 ὅσαπερ
853 1125 886 1182 ἀν
908 1125 1119 1204 προσκτησηται,
1147 1123 1344 1198 ἀνατεθειμένα
1366 1124 1434 1200 πρός
1460 1121 1542 1194 κοινῆν

254 1248 301 1304 τοῦ
326 1245 423 1322 γένους
450 1244 586 1323 ὠφέλειαν
613 1243 661 1304 καί
689 1244 853 1325 ἀναφαίρετα
883 1247 975 1320 μένειν
1008 1245 1116 1320 ἔχοντα.
1149 1243 1185 1319 β’.
1215 1244 1357 1320 ἑπομένως
1385 1239 1431 1303 οὖν
1458 1241 1540 1320 ἐκρίθτΙ

256 1363 371 1445 εὔλογον
398 1363 444 1424 καί
473 1366 611 1445 ἀπεφάνθη
643 1372 720 1448 κοινῇ
747 1359 859 1448 γνώμῃ,
887 1367 960 1436 δπως
986 1369 1034 1426 τοῦ
1060 1366 1157 1426 λοιποῦ
1187 1366 1343 1447 ι’νπάρχωσιν
1371 1363 1401 1423 ἐν
1427 1370 1458 1446 τῇ
1483 1365 1540 1443 αάτῆ

255 1487 346 1568 σχολῇ
373 1485 535 1548 διδάσκαλοι
563 1486 620 1569 δι’νο,
648 1487 662 1548 ό
690 1487 741 1563 μὲν
768 1492 821 1548 τῶν
848 1486 1039 1568 φιλοσοφικιῖιν,
1069 1487 1084 1548 ό
1108 1486 1138 1548 δέ
1161 1493 1214 1548 τῶν
1236 1491 1445 1568 γραμματικῶν,
1466 1483 1541 1544 καίό

256 1609 307 1682 μὲν
337 1605 430 1689 ῥηθείς
459 1608 629 1687 λογιώτατος
662 1612 711 1688 κίρ
741 1607 888 1680 Βασίλειος
921 1607 1049 1690 διωρίσθη
1080 1609 1249 1681 διδάσκαλος
1276 1612 1331 1668 τῶν
1361 1606 1540 1687 φιλοσοφικῶν,

255 1729 373 1809 όφειλων
401 1729 507 1802 ἀόκνως
533 1729 580 1790 καί
608 1729 748 1806 ἐπιμελῶς
775 1727 821 1790 καί
848 1733 887 1803 ῶς
914 1731 953 1792 ἔνι
981 1735 1071 1810 σαφῶς
1098 1730 1145 1791 καί
1172 1730 1293 1811 ἀκριβῶς
1318 1729 1490 1790 ἀναπτύσσειν
1514 1731 1540 1784 τί

255 1851 431 1931 Κορυδάλεια
457 1856 511 1910 τῶν
539 1851 748 1932 ἀκροαματινῶν
775 1853 978 1928 ὑπομνημάτων
1008 1850 1055 1912 καί
1082 1853 1128 1911 τδν
1162 1849 1322 1930 ἐγκείμενον
1350 1849 1539 1929 είσπορθμείιειν

254 1975 312 2045 τοῖς
339 1971 526 2050 ἀκροωμένοις
552 1976 613 2032 νοῶν
640 1972 686 2033 καί
715 1975 773 2048 ἅμα
795 1975 862 2054 πρός
885 1973 1026 2049 είισέβειαν
1049 1967 1216 2052 ἀπαλείφειν,
1248 1971 1326 2033 οάδέν
1349 1971 1382 2032 δέ
1405 1970 1463 2032 οὔτε
1486 1971 1539 2031 δια-

255 2095 370 2174 τάττειν,
398 2091 459 2154 οὔτε
480 2095 729 2176 παρακελείεσθαι,
757 2093 818 2155 οὔτε
841 2095 994 2176 ἀνακρίνειν
1016 2096 1062 2154 τδν
1084 2091 1138 2154 τῶν
1160 2099 1360 2176 γραμματικῶν
1384 2093 1540 2154 διδάσκαλον

254 2218 273 2290 ἢ
306 2215 368 2287 τοίνς
402 2215 445 2276 ἐπ’
480 2214 552 2296 αὺτῷ
586 2218 727 2292 μαθητάς.Ι
758 2218 885 2277 τέτακται
919 2217 944 2276 δ’
977 2215 1047 2296 αὀτῷ
1081 2217 1175 2293 μισθός
1208 2215 1353 2277 διακοσίων
1385 2217 1540 2290 πεντήκοντα

254 2337 381 2416 γροσίων.
412 2343 465 2396 τῶν
493 2337 518 2396 δ’
543 2335 575 2396 αὖ
597 2345 796 2417 γραμματικῶν
825 2337 951 2417 διωρίσθη
980 2337 1146 2409 διδάσκαλος
1172 2337 1188 2396 ό
1210 2338 1380 2416 λογιώτατος
1407 2337 1435 2396 ἐν
1461 2355 1539 2410 μονα-

254 2461 332 2538 ·χοῑς,
361 2462 410 2536 κῠρ
437 2458 557 2536 Δανιῆλ,
589 2459 604 2516 ό
633 2457 797 2538 προσταλείς
827 2459 955 2535 δηλονότι
984 2456 1024 2532 είς
1052 2459 1102 2532 τῆν
1132 2459 1215 2534 αὐτὴν
1245 2425 1351 2538 σχολὴν
1382 2460 1421 2530 ῶς
1450 2457 1540 2526 ἱκανῶς

256 2579 329 2657 έχων
361 2577 423 2659 περὶ
456 2579 505 2666 τὴν
537 2580 638 2639 τούτων
671 2580 836 2659 παράδοσιν,
871 2573 944 2659 ᾧτινι
976 2581 1105 2642 τέτακται
1137 2582 1232 2656 μισθός
1266 2580 1372 2655 έτῆσιος
1407 2578 1540 2640 διακοσίων

256 2699 382 2780 γροσίων.
414 2699 559 2782 ἀμφότεροι
588 2701 612 2760 δ’
641 2701 748 2779 ἔχουσιν
775 2702 889 2761 ἑκάστου
920 2701 995 2774 ἔτους
1022 2701 1209 2780 ἀναγγέλλειν
1236 2701 1271 2761 δι’
1295 2701 1446 2782 ἀναφορῶν,
1472 2701 1540 2760 ότοία

255 2827 308 2882 τῶν
336 2822 507 2898 μαθημάτων
533 2821 737 2902 παραδιδόασιν,
765 2823 880 2894 ὁπόσους
901 2843 932 2882 τε
960 2821 1098 2902 ἀκροατὰς
1120 2823 1250 2902 ἑκάτερος
1273 2823 1333 2900 ἔχει
1359 2821 1407 2882 καί
1431 2824 1459 2881 ἐν
1481 2823 1538 2882 ότί-

256 2965 315 3015 σαις
336 2945 454 3026 ῆμέραις
481 2947 527 3003 τοῦ
555 2941 675 3002 ἐνιαυτοῦ
701 2944 815 3004 ποιεῖται
841 2943 890 3018 τὴν
917 2941 1076 3023 παράδοσιν.
1103 2939 1140 3021 γ’.
1167 2943 1201 3003 τὰ
1228 2942 1259 3002 δέ
1285 2945 1430 3018 σωζόμενα
1457 2941 1538 3018 βιβλία
1567 3029 1568 3032 ¹

257 3065 285 3124 ἐν
305 3070 337 3146 τῇ
361 3066 427 3148 αὺιῆ
450 3063 552 3146 σχολῇ,
576 3063 641 3125 όντα
663 3063 837 3144 ἀφιερῶματα
860 3063 995 3142 φιλοθέων
1017 3070 1096 3124 τινῶν
1118 3063 1233 3145 ἀνδρῶν,
1257 3065 1335 3125 ἀτινα
1355 3065 1538 3146 προλαβόντως

255 3189 464 3268 κατεγράφησαν
495 3185 540 3246 διά
569 3189 615 3246 τοῦ
647 3185 794 3258 σταλέντος
825 3183 979 3266 ἐξαρχικιῖις
1009 3185 1098 3246 ἐκεῖσε
1126 3183 1165 3256 εἰς
1194 3185 1319 3266 Πάτμον,
1351 3186 1493 3247 δσιωτάτου
1515 3184 1538 3242 ἐν

256 3309 460 3390 ίερομονάχοις,
487 3311 536 3387 κῶρ
561 3307 680 3385 Ἰωάσαφ
704 3306 865 3386 Καλογερᾶ,
894 3307 1022 3379 ὡσαύτως
1045 3306 1075 3366 δέ
1097 3305 1144 3367 καί
1166 3307 1200 3366 τά
1222 3310 1425 3388 συγγράμματα
1445 3307 1495 3367 τιῖιν
1514 3305 1537 3362 ἐν
1567 3343 1568 3394 3

257 3429 378 3511 μακαρίᾳ
408 3434 441 3510 τῇ
470 3425 551 3503 λήξει
580 3425 737 3507 γενομένων
766 3425 950 3508 διδασκάλων,
984 3431 1031 3487 τοί
1052 3447 1083 3488 τε
1110 3432 1159 3508 κίιρ
1183 3427 1327 3508 Μακαρίαν
1356 3427 1403 3489 καί
1430 3433 1474 3489 τοῦ
1498 3431 1536 3504 νάρ

256 3550 415 3631 Γερασίμου,
438 3551 623 3629 περιεχόμενα
646 3549 734 3630 ῥητῶς
756 3549 819 3610 καθ’
835 3551 949 3609 ἕκαστον
973 3547 1062 3626 ἐντῷ
1087 3552 1210 3629 γεγονότι
1232 3551 1393 3631 καταλόγῳ,
1417 3551 1537 3626 διαμένειν

258 3672 349 3750 έχουσι
376 3671 510 3748 διηνεκῶς
536 3671 586 3732 θπδ
612 3673 661 3748 τῆν
689 3670 846 3732 δεσποτείαν
869 3677 919 3748 τῆς
941 3671 1025 3748 αὐτῆς
1048 3641 1233 3752 οχολῆς,’ῶς
1254 3676 1382 3748 κτῆματα
1403 3673 1450 3734 καί
1467 3667 1536 3752 Ιἀιφιε-

257 3795 371 3874 ρῶματα
394 3795 476 3868 αὺτῆς
499 3793 664 3874 ἀναφαίρετα
687 3791 734 3854 καί
757 3793 960 3874 ἀναπόσπαστα,
988 3795 1108 3870 μηδενδς
1129 3800 1183 3854 τῶν
1206 3795 1340 3874 ἁπάντων,
1364 3793 1426 3855 οὔτε
1448 3813 1536 3872 συγγε-

257 3919 319 3988 νοῦς
344 3921 397 3974 τῶν
425 3913 631 3996 ἀφιερωσάντων
659 3915 760 3992 ἐκεῖνα,
793 3913 854 3976 οὔτε
880 3919 927 3976 τοῦ
956 3916 1085 3996 ῥηθέντος
1115 3919 1165 3996 κϋρ
1187 3916 1344 3994 Βασιλείαν,
1375 3915 1435 3977 οὔτε
1462 3915 1536 3976 ἀλλον

257 4036 404 4118 ἱερωμένου
430 4039 449 4112 ἠ
477 4036 575 4098 λαίκοῦ
606 4037 754 4112 δυναμένου
784 4035 827 4097 ἐπὶ
855 4037 970 4120 οίνδεμιᾷ
996 4039 1127 4118 προφάσει
1153 4038 1372 4114 ἀντιποιῆσασθαι
1400 4031 1535 4119 μέρονςὲξ
1567 4117 1568 4122 ¹

258 4160 343 4218 αδτῶν
365 4161 383 4234 ῆ
407 4160 581 4240 δωρήσασθαί
603 4179 652 4220 τινι
674 4162 692 4234 ῆ
716 4158 911 4237 ἀπεμπολῆσαι
938 4163 956 4234 ἡ
985 4158 1083 4232 άλλως
1108 4181 1167 4232 πως
1194 4159 1343 4239 ἀφελέσθαι
1369 4165 1420 4236 τῆς
1445 4159 1534 4237 σχολῆς

257 4280 364 4356 ἐκείνης
385 4280 431 4341 καί
454 4281 557 4354 ἀδίκως
580 4282 777 4362 ἀποστερῆσαι,
801 4282 842 4361 ἐφ’
859 4273 899 4354 αἰς
922 4279 1063 4360 ἀπεφάνθη
1088 4277 1157 4341 εἶναι
1180 4279 1403 4362 βιβλιοθηκάριον
1428 4284 1474 4341 ἕνα
1493 4283 1533 4338 τῶν

255 4399 391 4480 τροφίμων
406 4408 455 4478 τῆς
471 4405 552 4479 αὐτῆς
568 4401 686 4481 σχολῆς,
710 4402 797 4482 ἀνδρα
823 4405 853 4462 τίν
874 4405 966 4462 πιστόν
989 4401 1036 4462 καί
1059 4403 1195 4482 ἐχέγγυον
1219 4403 1328 4481 ἔχοντα,
1352 4403 1425 4475 όστις
1447 4399 1532 4481 δφείιει
1567 4485 1568 4490 ¹

255 4523 387 4601 παρέχειν
404 4521 581 4594 διδασκάλοις
600 4543 629 4582 τε
650 4521 696 4582 καί
720 4524 894 4600 μαθητιῶσιν,
919 4525 984 4602 ὅπερ
1001 4527 1034 4582 ἀν
1048 4524 1102 4584 τῶν
1122 4524 1238 4600 βιβλίων
1253 4522 1352 4585 αἰτοῖτο
1374 4527 1484 4594 ἕκαστος
1503 4518 1533 4588 εἷς
1567 4543 1568 4602 j

1567 4613 1568 4634 ι

254 4649 363 4723 χρῆσιν,
386 4643 539 4718 λαμβάνειν
563 4645 655 4718 μέντοι
679 4645 845 4724 αίιτόγραφον
867 4646 932 4725 παρ’
949 4647 1062 4705 ἑκάστου
1081 4645 1127 4705 καί
1148 4644 1292 4724 φροντίζειν
1309 4645 1532 4722 ἐπαναλαμβάνειν
