3184 5288
268 367 328 430 112

262 559 311 634 τήν
335 555 437 616 οἰκείαν
460 559 534 632 ἡμᾶς
559 556 643 634 είχειν
667 557 765 636 ἀρχήν.
793 558 859 635 προς
883 557 912 612 ’ἐν
942 555 967 614 οἱ
988 553 1087 634 ἐφεξῆς
1108 558 1261 635 πράκτορες
1287 557 1325 625 ὡς
1348 554 1388 628 εἰς
1412 556 1568 636 ἀρχέτυπον

263 680 417 760 ἀφορῶντες
447 679 505 753 ἅμα
535 675 573 756 τῷ
602 679 651 752 τὴν
678 677 770 753 Σάμον
802 675 971 748 καταλαβεῖν
1003 675 1149 735 σανδάλιον
1177 678 1244 757 προς
1273 678 1322 752 τήν
1352 677 1461 752 Πάτμον
1492 674 1565 749 ἐξοι-

262 800 444 861 ποστέλλουσι
470 800 515 857 τδν
539 800 690 878 ήγοίιμενον
714 795 779 870 ἀξον
802 799 868 878 προς
896 799 1015 875 έαυτοθς,
1044 799 1082 869 ῶς
1113 797 1156 856 ἐπί
1182 817 1248 856 τισιν
1276 797 1421 856 ἐαλωκέτοι
1444 797 1564 870 δεινοῖς·

262 921 309 982 καί
333 921 402 996 μετά
424 921 454 979 τδ
479 919 604 978 ἀνελθεῖν
627 921 706 978 οιίιτδν
729 920 805 990 εθθίις
827 919 918 998 ἀλογα
940 920 1024 998 τούτῳ
1048 921 1200 994 ἐπιζητοῦσι
1226 919 1316 978 «καθά
1338 919 1384 978 καί
1407 917 1444 997 τῷ
1465 921 1564 996 Πηγα-

260 1043 334 1126 νίπῃ,
365 1042 436 1121 φησί,
475 1039 615 1100 δεδώκατε
652 1039 699 1100 καὶ
727 1041 889 1122 νομίσματα,
917 1042 967 1100 ὅσα
995 1041 1099 1111 ἐκεῖνος
1132 1037 1163 1112 ἐξ
1194 1039 1268 1116 ὑμῶν
1297 1040 1462 1114 ἀνελάβετο·
1494 1041 1562 1101 οῦδὲ

261 1167 315 1246 γάρ
343 1165 467 1244 ἔλαττον,
496 1162 582 1242 φησίν,
607 1163 711 1222 ἐκείνου
734 1163 801 1246 ἐγὼ,
829 1161 852 1220 εί
883 1162 920 1238 μὴ
952 1160 999 1222 καί
1029 1161 1140 1237 μᾶλλον
1170 1161 1353 1243 περίβλεπτος
1375 1161 1422 1222 καὶ
1444 1163 1564 1223 πλείονα

262 1287 366 1348 ἐκείνου
394 1283 495 1365 ἀφείλω
518 1283 653 1358 λαβεῖν.»
683 1283 730 1344 καὶ
757 1287 839 1343 ταῦτα
868 1285 918 1359 μὲν
946 1284 1055 1345 ἐκεῖνοι.
1080 1282 1103 1342 εί
1127 1283 1159 1343 δέ
1185 1283 1246 1364 περὶ
1272 1284 1486 1364 χρυσοβοὺλλων
1509 1284 1563 1344 καὶ

261 1409 419 1488 ἐλευθερίας
445 1405 492 1466 καί
518 1408 734 1487 προσταγμάτων
761 1407 896 1480 τολμήσει
923 1407 938 1464 ὁ
965 1407 1118 1484 ἡγούμενος
1149 1406 1234 1483 λόγον
1258 1406 1428 1488 ἀνακινῆσαι,
1456 1408 1495 1478 ῶς
1526 1409 1563 1467 τὰ

261 1533 377 1609 μέγιστα
399 1527 509 1608 ὑβρίσας
531 1529 577 1587 τον
601 1527 685 1586 δοῦκα
708 1528 853 1608 είιθίινεται,
876 1527 995 1586 παλαιοῦ
1018 1527 1129 1606 οίιρανοῦ
1152 1527 1356 1602 ἀποκλάσματα
1378 1532 1461 1588 ταῦτα
1484 1529 1561 1588 ἀπο-

260 1652 411 1720 καλοῦντος
442 1651 530 1710 αίιτοῦ.
559 1647 605 1707 καί
633 1649 731 1720 ἀπλῶς
756 1653 810 1708 τῶν
836 1649 989 1728 προσάντων
1016 1650 1081 1723 ήμῖν
1110 1643 1302 1723 δικαιωμάτων
1329 1654 1563 1729 καταφρονοῦντες

260 1773 285 1833 οί
314 1774 466 1852 πράκτορες
494 1770 528 1830 τὰ
558 1771 675 1848 μέγιστα
703 1773 778 1846 ἡμᾶς
806 1771 926 1831 ἀδικοῦσι
956 1769 1003 1830 καὶ
1025 1772 1257 1848 καταβλάπτουσι.
1283 1772 1404 1848 δεόμεθα
1433 1769 1478 1830 οῦν
1508 1782 1562 1850 τῆς

259 1900 390 1975 κραταιᾶς
421 1891 468 1953 καί
507 1893 588 1972 ἁγίας
626 1892 770 1966 βασιλείας
800 1915 846 1954 σου
879 1894 955 1952 λύσιν
991 1893 1066 1952 θείαν
1101 1893 1147 1953 καὶ
1180 1894 1366 1974 προσκυνητὴν
1399 1895 1562 1974 πορισθῆναι

258 2018 323 2094 ήμίν
351 2016 537 2094 διοριζομένην
565 2015 635 2090 μετὰ
663 2015 819 2095 αίιστηρίοις,
845 2015 958 2093 ἀπέχειν
983 2015 1026 2094 ἀφ’
1049 2017 1128 2091 ήμῶν
1151 2017 1181 2075 τδ
1204 2017 1325 2076 καθδλον
1347 2018 1393 2076 τδν
1415 2020 1562 2098 πράκτορσι

258 2139 366 2218 Σάμου,
398 2139 437 2208 ὡς
464 2136 537 2212 μηδὲ
568 2138 689 2214 μετοχήν
715 2158 776 2196 τινα
802 2138 971 2213 κεκτημένον
1000 2137 1029 2196 ἐν
1057 2143 1091 2219 τῇ
1119 2137 1181 2196 καθ’
1208 2139 1283 2213 ήμᾶς
1315 2145 1385 2220 μονῇ
1415 2137 1461 2199 καί
1492 2149 1564 2200 πᾶσι

257 2261 313 2330 τοῖς
347 2258 392 2316 ἀπ’
420 2258 513 2334 αὐτήν,
536 2256 741 2336 φυλαττομένης
770 2260 835 2332 ἡμῖν
864 2263 914 2332 τῆς
946 2257 991 2317 διὰ
1020 2257 1235 2336 χρυσοβοίιλλων
1265 2257 1460 2340 δεδωρημένης
1490 2264 1563 2337 ἡμῖν

259 2377 417 2456 ἐλευθερίας
451 2378 665 2453 ἀκαινοτομήτου
695 2379 766 2437 κατά
795 2380 826 2438 το
854 2379 981 2459 ἀκέραιον
1012 2381 1125 2457 ψυχικδν
1155 2383 1202 2440 τοῦ
1233 2363 1325 2440 ἐνθέου
1355 2385 1469 2462 κράτους
1497 2405 1559 2464 σου,

197 2537 205 2552 .
257 2497 304 2558 καί
327 2499 512 2578 διατηρείσθω
534 2499 582 2576 τήν
606 2501 691 2574 μονὴν
713 2501 744 2559 τδ
767 2500 888 2560 καθόλου
911 2501 1047 2580 ἀνέπαφον
1069 2500 1140 2560 κατὰ
1162 2503 1210 2577 τήν
1235 2501 1346 2578 δύναμιν
1368 2503 1423 2563 τῶν
1444 2509 1560 2584 προσέν-

258 2641 310 2680 των
332 2621 416 2703 ταθτη
439 2620 647 2697 δικαιωμάτων,
673 2618 720 2680 καί
748 2625 819 2697 μήτε
845 2623 890 2681 τἀν
912 2624 1053 2704 πράκτορά
1075 2620 1169 2697 Σάμου
1203 2625 1273 2698 μήτε
1294 2625 1354 2685 τινά
1376 2627 1468 2704 ἕτερον
1493 2627 1560 2688 ἀδι-

257 2743 316 2801 κεῖν
335 2715 444 2816 ήμοῖςῆ
464 2742 625 2821 ἐπηρεάζειν
640 2745 658 2818 ἢ
673 2743 878 2818 καταβλάπτειν
897 2745 926 2803 εδ
942 2744 1065 2824 σίινολον,
1080 2741 1143 2824 περὶ
1163 2739 1200 2803 ὧν
1216 2745 1245 2803 ἐν
1264 2751 1298 2828 τη
1313 2746 1460 2822 ὑπομνήσει
1475 2751 1559 2826 ήμῶν

258 2863 520 2944 ἀπηριθμησάμεθα,
550 2869 645 2939 ποινῆς
676 2863 827 2943 ὁρισθείσης
856 2865 930 2944 παρά
959 2871 1008 2940 τῆς
1038 2865 1119 2944 άγίας
1150 2865 1292 2941 βασιλείας
1324 2889 1370 2927 σου
1400 2871 1471 2929 κατά
1501 2879 1557 2930 τῶν

255 2990 465 3066 καταφρονητῶν
494 2989 548 3044 τῶν
584 2985 733 3057 βασιλικῶν
767 2988 983 3064 προσταγμάτων
1018 2984 1065 3046 καί
1100 2989 1181 3062 αὐτῆς
1215 2993 1264 3064 τῆς
1300 2985 1557 3069 ἐξενεχθησομένης

255 3109 361 3178 λίσεως
390 3112 438 3182 τῆς
469 3105 549 3184 ἀγίας
580 3105 724 3181 βασιλείας
753 3127 800 3166 σου
835 3102 915 3179 ἀξίας
943 3112 992 3183 τῆς
1023 3108 1147 3183 τοιαθτης
1181 3109 1281 3168 τούτων
1313 3116 1554 3193 καταφρονήσεως,

254 3231 314 3304 ἥτις
342 3225 389 3286 καὶ
417 3226 665 3303 δηλοποιηθήοεται
686 3233 720 3309 τῇ
744 3227 809 3308 ἀγίᾳ
836 3227 964 3310 βασιλείᾳ
985 3249 1032 3288 σου
1061 3228 1095 3288 δι’
1119 3229 1308 3309 ἀρχιερατικοῦ
1335 3236 1554 3311 σημειῶματος·

255 3351 324 3409 οθτω
347 3349 401 3429 γάρ
428 3343 504 3420 αὖθις
525 3350 543 3422 ή
568 3347 681 3423 δουλική
705 3369 752 3408 σου
779 3349 849 3424 μονὴ
871 3349 920 3424 τὴν
951 3351 1084 3429 προτέραν
1112 3351 1269 3431 ἐλευθερίαν
1297 3354 1476 3430 ἀπολαβοῦσα
1505 3359 1556 3417 ἐκ·

254 3452 412 3549 τενὲστερον
439 3469 489 3542 τάς
515 3471 580 3550 ίιπέρ
608 3473 655 3530 τοῦ
680 3473 795 3550 κράτους
822 3493 869 3532 σου
897 3471 981 3550 εῦχάς
1003 3471 1041 3550 τῷ
1064 3471 1119 3551 θεῷ
1145 3477 1293 3554 προσάγειν
1316 3478 1346 3536 οῦ
1369 3479 1510 3540 παύσεται.
1536 3481 1555 3560 †

359 3593 380 3671 †
403 3589 596 3684 Ὠςιδοῦλοι
619 3590 752 3665 ἀνάξιοι
774 3592 1007 3669 τολμήσαντες
1030 3593 1228 3671 ἐδεήθημεν.
1252 3599 1272 3677 †

846 3803 955 3874 Λῦσις.

357 3955 378 4033 †
402 3955 436 4012 Ἡ
460 3955 588 4031 βασιλεία
611 3977 662 4032 μου
683 3958 733 4032 τὴν
756 3957 952 4040 δεδωρημένην
980 3959 1137 4041 ἐλευθερίαν
1164 3961 1211 4021 καί
1235 3959 1409 4035 ἐξκουσσείαν
1431 3973 1465 4048 τῇ
1490 3970 1551 4028 καθ’

253 4077 323 4152 ὑμᾶς
350 4075 486 4158 σεβασμίφι
513 4082 583 4160 μονῇ
611 4077 656 4138 διὰ
682 4082 728 4139 τοῦ
757 4079 841 4162 ἐντῇ
869 4081 1017 4156 ὑπομνήσει
1045 4082 1119 4158 ὑμῶν
1143 4081 1314 4159 δηλουμένου
1341 4087 1551 4165 χρυσοβοθλλον

251 4195 299 4257 καί
325 4197 430 4258 λοιπῶν
457 4197 607 4274 βασιλικῶν
633 4205 850 4280 προσταγμάτων
878 4202 1092 4278 ἀκαινοτάμητον
1117 4209 1257 4285 προσεῖναι
1287 4207 1348 4282 ὑμῖν
1376 4209 1496 4290 είιδοκεῖ,
1528 4210 1549 4270 εί

252 4317 291 4394 μή
314 4319 348 4378 τὰ
369 4323 478 4380 τοιαῦτα
500 4320 545 4380 διά
569 4325 802 4403 μεταγενεστέρας
824 4321 998 4403 προστάξεως
1022 4325 1224 4409 ἀνετράπησαν,
1248 4327 1294 4389 καί
1317 4332 1386 4407 μήτε
1410 4336 1456 4392 τὀν
1479 4335 1550 4392 κατὰ

251 4442 299 4515 τὴν
325 4443 432 4522 ἡμέραν
459 4445 600 4522 πράκτορά
621 4450 671 4519 τῆς
698 4447 780 4518 νήσου
803 4446 897 4520 Σάμου
932 4450 1001 4522 μήτε
1029 4443 1087 4507 τινά
1114 4451 1205 4529 ἕτερον
1234 4451 1428 4532 ἐπηρεαάτικόν
1450 4476 1481 4514 τε
1504 4455 1550 4515 καὶ

252 4561 403 4633 βλαπτικδν
429 4564 501 4623 κατὰ
527 4569 573 4624 τοῦ
601 4566 700 4644 μέρους
726 4572 776 4642 τῆς
798 4569 861 4626 καθ’
884 4569 954 4643 ὑμᾶς
980 4569 1132 4645 σεβασμίας
1156 4579 1241 4648 μονῆς
1265 4573 1457 4656 ἐνδείκνυσθαι,
1482 4578 1549 4637 ἀλλ’

251 4685 365 4761 ἀπέχειν
401 4685 446 4762 ἀφ’
475 4685 550 4761 ὑμῶν
583 4686 654 4746 κατά
688 4689 737 4760 τὰς
773 4689 901 4764 δυνάμεις
936 4690 982 4751 καί
1016 4693 1179 4772 περιλήψεις
1212 4700 1265 4753 τῶν
1298 4699 1453 4776 προσόντων
1489 4701 1548 4774 ῦμίν
