3228 5294
361 512 499 593 ήὈσοις
522 512 537 572 ό
564 515 685 593 μονήρης
712 511 771 588 βίος
797 509 937 592 ήγάπηται
966 512 1014 574 καί
1043 507 1084 586 οἰς
1113 513 1178 594 φίλη
1207 514 1225 588 ή
1256 513 1356 591 ήσυχία
1384 511 1563 592 καθίσταται,

259 633 368 706 τούτους
396 633 441 694 διίι
461 637 543 710 τιμῆς
563 654 594 694 τε
616 639 667 710 τῆς
687 635 875 716 προσηκούσης
904 635 965 713 άγει
993 636 1024 696 τ“ο
1053 637 1153 716 κράτος
1182 637 1261 712 ήμῶν
1290 634 1337 696 καί
1366 637 1564 715 τελεσιουργεῖ

258 753 292 813 τὰ
315 752 461 835 αἰτήματα,
488 757 552 816 ὅταν
579 754 626 816 καὶ
652 755 717 816 ὄντα
743 755 904 835 σωτηριιίιδη
931 754 1075 834 φαίνωνται
1096 759 1179 818 ταῦτα
1201 756 1248 819 καὶ
1270 759 1317 818 τόν
1341 757 1441 840 δρόμον
1464 758 1563 817 αὐτῶν

257 877 303 937 τὀν
325 877 395 938 κατὰ
418 879 480 938 θεόν
503 877 662 952 βελτιαῦντα
683 876 730 938 καί
752 881 900 959 τονιίιτερον
923 877 1111 958 ἐργαζόμενα·
1134 873 1172 942 ἀν
1195 871 1236 951 εἰς
1256 881 1384 960 ὑπάρχων
1403 877 1450 940 καί
1470 881 1485 938 ὁ
1506 879 1562 938 εἰι-

260 997 430 1073 λαβέστατος
453 1001 575 1079 μοναχδς
596 1000 797 1082 Χριστόδουλος
819 999 866 1062 καί
888 1002 1047 1080 ήσυχαοτὴς
1069 1003 1083 1062 ό
1105 999 1166 1084 πρὶν
1190 1002 1218 1062 ἐν
1242 1000 1281 1080 τῷ
1304 1001 1360 1083 όρει
1381 1005 1428 1062 τού
1443 1002 1562 1080 Λάτρου

258 1122 419 1197 ποιούμενος
438 1122 489 1194 τάς
509 1121 648 1204 διατριβὰς
667 1125 712 1184 τδν
730 1122 787 1184 ίσον
808 1123 909 1204 δρόμον
930 1122 1098 1197 ἀποδεκτέος
1117 1129 1150 1207 τῆ
1171 1123 1299 1204 βασιλείᾳ
1318 1144 1369 1198 μου
1387 1127 1438 1198 τῆς
1452 1123 1563 1203 ἀρετῆς

160 1267 164 1276 ’
259 1241 306 1304 καί
328 1249 377 1320 τῆς
400 1243 547 1322 ἀσκήσεως,
564 1245 697 1306 δείκνυται
722 1244 771 1306 καὶ
801 1246 832 1306 ού
862 1246 1079 1327 παραθεωρεῑται
1109 1243 1277 1326 αἰτούμενος,
1307 1244 1385 1306 ἀλλά
1413 1244 1564 1321 λαμβάνει

258 1366 345 1446 πέρας
367 1368 423 1436 τοῖς
444 1367 509 1446 παρ’
525 1367 605 1427 αάτοῠ
628 1365 757 1445 αἰτηθεῖσι
779 1367 974 1445 κατάλληλον·
1005 1365 1178 1447 ἐπιβραβεύει
1205 1367 1259 1449 γὰρ
1286 1368 1370 1447 τούτῳ
1392 1367 1564 1446 φιλαγάθως

258 1487 276 1562 ή
299 1489 378 1564 ήμῶν
401 1487 544 1562 θεοσέβεια
564 1490 610 1548 τόν
631 1491 752 1570 παρόντα
775 1489 876 1566 εύσεβῆ
898 1489 1105 1570 χρυσόβουλλον
1132 1490 1227 1570 λόγον,
1259 1489 1294 1550 δι’
1317 1483 1348 1550 οὗ
1376 1489 1497 1570 ἐπικυροῖ
1526 1490 1562 1549 τδ

257 1613 304 1670 τού
332 1608 480 1692 μακαρίτου
511 1609 649 1686 βασιλέως
673 1615 721 1672 τοῦ
746 1613 926 1673 Βοτανειάτου
956 1614 1105 1692 πιττάκιον,
1135 1613 1165 1672 τδ
1195 1613 1262 1692 πρὸς
1291 1613 1321 1672 τδ
1352 1611 1478 1693 σέκρετον
1509 1615 1563 1672 τοῦ

258 1731 396 1808 Ἑβδόμου
418 1731 636 1816 καταπεμφθὲνί)
658 1732 720 1815 περὶ
742 1737 787 1794 τάν
811 1737 921 1815 μάρτιον
945 1741 1018 1812 μῆνα
1040 1741 1089 1812 τῆς
1112 1734 1202 1816 τρίτης
1222 1731 1386 1808 ίνδικτιῶνος
1404 1732 1451 1794 καὶ
1466 1732 1560 1813 διορι-

260 1855 374 1930 ζόμενον
397 1856 525 1934 κατέχειν
547 1859 639 1918 τοῦτον
663 1856 732 1932 μετὰ
754 1854 801 1917 καί
823 1861 876 1916 τῶν
899 1857 979 1917 ούτοϋ
1002 1857 1130 1934 μαθητῶν
1152 1855 1224 1917 κατὰ
1246 1855 1351 1936 δωρεὰν
1375 1854 1414 1928 εἰς
1440 1855 1560 1933 διηνεκῆ

258 1973 305 2036 καί
321 1977 496 2056 ἀναφαίρετον
516 1977 675 2040 δεσποτείαν
696 1975 744 2038 καὶ
765 1981 911 2060 κυριότητα
933 1978 967 2040 τά
990 1978 1018 2038 ἐν
1041 1985 1073 2062 τῆ
1096 1983 1171 2059 νήσῳ
1193 1985 1226 2061 τῆ
1250 1977 1300 2058 Κῷ
1323 1977 1484 2054 διακείμενα
1508 1979 1563 2039 δύο

173 2103 175 2108 ’
258 2100 348 2179 τόπια,
375 2101 406 2160 τό
432 2119 463 2158 τε
490 2097 666 2160 Καστέλλιον
694 2098 836 2180 ἐγχωρίως
864 2099 1017 2179 λεγόμενον
1038 2099 1086 2160 καὶ
1109 2101 1138 2160 έν
1160 2099 1200 2179 τῷ
1221 2099 1361 2180 πρακτικῷ
1384 2102 1562 2180 Καστριανδν

259 2219 482 2301 ἀναγραφόμενον
497 2218 544 2280 καί
567 2219 648 2292 τέλος
672 2221 736 2299 ἕχον
759 2221 925 2296 νομίσματος
943 2223 975 2282 τδ
995 2224 1132 2303 τέταρτον,
1156 2220 1203 2282 καί
1218 2223 1248 2282 τδ
1263 2226 1309 2283 τοῦ
1325 2221 1396 2284 [ίιλὲ
1412 2223 1560 2298 ἐπονομα-

257 2345 372 2418 ζόμενον
394 2341 442 2404 καί
464 2345 590 2424 τέταρτον
611 2343 658 2404 καί
681 2345 745 2404 αὐτδ
767 2349 812 2404 τοῦ
835 2344 1002 2421 νομίσματος
1023 2342 1126 2406 πάκτον
1148 2345 1255 2426 τελοῡν,
1289 2345 1420 2405 ἐκκόπτον
1449 2343 1497 2404 καὶ
1528 2347 1562 2404 τ“ο

259 2465 340 2547 ῥηθὲν
368 2511 650 2526 ........
680 2467 817 2547 τέταρτον,
839 2465 874 2526 τὰ
895 2463 927 2539 ἓξ
950 2465 1061 2543 δηλαδὴ
1084 2463 1209 2547 μιλιάρια
1231 2464 1277 2526 καὶ
1300 2467 1349 2543 τήν
1371 2467 1438 2545 ὑπὲρ
1459 2466 1561 2526 τούτου

258 2588 378 2662 ουνωνὴν
401 2586 447 2648 καὶ
470 2587 599 2668 θεσπίζει,
623 2586 663 2658 εἰς
684 2589 729 2648 τόν
754 2585 866 2648 ἀείκαὶ
889 2589 1000 2665 διηνεκῆ
1022 2592 1120 2668 χρόνον
1143 2589 1191 2663 τὴν
1215 2587 1326 2664 δύναμιν
1345 2585 1393 2648 καὶ
1406 2587 1561 2666 περίληψιν

258 2713 305 2770 τοῦ
327 2711 407 2770 αὺτοῦ
430 2709 613 2788 δωρεαστικοῦ
633 2709 772 2770 πιττακίου
795 2709 909 2784 βεβαίαν
933 2712 1025 2786 μένειν
1047 2710 1094 2770 καὶ
1117 2711 1227 2790 ἀσφαλῆ
1251 2709 1298 2772 καί
1317 2709 1559 2790 ἀπαρεγχείρητον

257 2829 304 2891 καί
327 2833 366 2906 μὴ
387 2833 462 2912 παρά
484 2851 556 2902 τινος
578 2837 630 2891 τῶν
653 2833 778 2892 ἁπάντων
801 2833 908 2913 θραύσιν
931 2833 1074 2907 ἀπομένειν
1096 2836 1115 2907 ή
1139 2831 1315 2913 έπορθοῦσθαι
1342 2834 1373 2892 τδ
1401 2829 1475 2905 ἅπαξ
1502 2833 1559 2892 ἐκ-

258 2952 342 3013 κοπὲν
368 2951 470 3014 πάκτον
498 2955 595 3034 οάτῶν,
625 2954 656 3013 τό
684 2957 768 3042 ἥμισιη
797 2955 925 3031 δηλονότι
953 2957 1000 3014 τού
1029 2953 1195 3031 νομίσματος
1224 2952 1272 3016 καί
1299 2955 1349 3031 τὴν
1379 2956 1559 3030 ἐπικειμένην
1596 3035 1601 3048 Ι

257 3077 350 3138 τούτου
365 3076 514 3150 συνήθειαν.
548 3077 676 3150 ὡσαύτως
699 3077 917 3156 παρακελεύεται
939 3078 969 3137 τό
992 3076 1125 3155 γαλήνιον
1146 3077 1247 3158 κράτος
1266 3078 1355 3158 ἡμῶν,
1377 3077 1426 3152 τὴν
1448 3075 1561 3150 ἐντοῖς

259 3199 348 3268 αθτοϊς
369 3199 461 3268 τόποις
481 3197 672 3276 ἀνεγερθείσαν
691 3198 766 3277 παρὰ
783 3203 830 3258 τοῦ
850 3199 1045 3278 διαληφθέντος
1067 3197 1202 3272 εἰιλαβοῦς
1217 3202 1340 3276 μοναχού
1355 3197 1560 3278 Χριστσδούλου

258 3320 433 3381 νεοσύστατον
456 3321 552 3399 μονήν,
584 3319 626 3380 ἐπ’
651 3321 763 3396 ὀνόματι
787 3325 836 3396 τῆς
863 3321 1047 3402 ύπεραμίνμου
1075 3319 1221 3396 δεσποίνης
1246 3321 1325 3395 ήμῶν
1351 3318 1398 3380 καὶ
1425 3321 1560 3381 θεοτόκου

258 3441 380 3501 καὶτῶν
404 3442 581 3520 Καστριανῶν
610 3442 753 3524 ἐγχωρίως
775 3442 932 3522 λεγομένην
955 3441 1150 3502 αὐτοδέσποτόν
1178 3461 1210 3501 τε
1238 3439 1285 3501 καί
1314 3437 1482 3513 αθτεξούσιον
1515 3440 1560 3515 εἰς

260 3563 302 3625 ἀεί
326 3563 462 3640 διαμένειν
485 3565 547 3625 καθ’
564 3566 661 3640 ἑαυτὴν
693 3566 831 3643 ἀγομένην
860 3562 908 3624 καί
938 3563 1143 3640 διευθυνσμὲνην
1172 3562 1243 3622 κατά
1273 3563 1303 3623 τό
1333 3562 1440 3638 με’λλον
1470 3563 1559 3645 ταύτῃ

259 3687 385 3764 γενέσθαι
404 3687 513 3746 πιπικδν
533 3685 579 3746 καί
599 3687 647 3762 τὴν
668 3684 787 3760 διάταξιν
807 3687 882 3766 παρὰ
896 3691 942 3747 τοῦ
958 3685 1132 3761 δηλωθέντος
1147 3685 1281 3760 εὐλιιβούς
1297 3689 1420 3764 μοναχοῠ
1436 3687 1559 3764 Χριστο-

260 3807 357 3868 δούλου
379 3805 425 3866 καὶ
450 3811 588 3888 κτήτορος,
611 3807 658 3868 καί
681 3811 720 3884 μὴ
743 3810 792 3868 ὑπο
816 3807 945 3884 βασιλικά
965 3809 983 3882 ἢ
1004 3807 1219 3888 πατριαρχικάή
1236 3805 1397 3868 ἐπισκοπικά
1412 3805 1458 3866 καί
1473 3803 1558 3866 ἰδιω-

258 3931 321 3990 τικά
344 3929 436 3990 δίκαια
458 3931 572 4008 οἰγεσθαι
591 3931 689 4006 ταύτην
708 3931 829 4010 πάντοτε,
852 3929 919 3990 ἀλλ’
937 3927 1135 4010 ἐλευθεριάζειν
1154 3929 1283 4010 καθαρῶς
1297 3926 1345 3988 καὶ
1358 3929 1389 3988 το
1405 3928 1558 3988 ἀδέσποτον

260 4053 290 4123 ἐς
305 4052 455 4130 ἀπέραντον
476 4052 664 4132 ἀποφέρεσθαι.
697 4053 756 4112 ἐπεί
771 4052 802 4112 δὲ
818 4053 833 4110 ὁ
847 4051 986 4122 πολλάκις
1002 4049 1198 4126 μνημονευθείς
1214 4049 1415 4124 εὐλαβέοτατος
1431 4053 1559 4128 μοναχδς

254 4174 459 4254 ,Χριστόδουλος
481 4172 527 4234 καὶ
549 4175 703 4253 ήουχαοτής
724 4175 844 4258 ᾐτήσατο
858 4175 889 4233 τό
904 4173 1038 4250 γαλήνιον
1052 4175 1099 4232 τοῦ
1113 4175 1229 4254 κράτους
1243 4175 1332 4254 ἡμῶν,
1356 4173 1558 4252 ἐπικυρωθῆναι

260 4294 305 4354 διὰ
326 4295 534 4376 χρυσοβούλλου
556 4298 642 4375 λόγου
665 4296 712 4357 καί
733 4296 782 4369 τὰς
808 4296 952 4375 γεγονυίας
977 4301 1010 4378 τῆ
1038 4295 1149 4377 ῥηθείσῃ
1180 4293 1316 4376 σεβασμίᾳ
1346 4299 1416 4377 μονῇ
1447 4291 1558 4376 δωρεὰς

259 4415 306 4479 καὶ
321 4417 479 4499 ἀφιερώσεις
499 4418 632 4493 ἀκινήτων
655 4417 702 4478 καί
724 4419 824 4497 ἑτέρων
844 4425 922 4478 τινῶν
937 4421 1012 4498 παρά
1030 4438 1108 4478 τινων
1128 4417 1319 4499 φιλοχρίστων,
1342 4418 1426 4496 ἤγουν
1441 4418 1558 4498 Μαρίας

260 4547 386 4619 μοναχής
407 4545 457 4616 τῆς
479 4539 602 4620 ἀδελφῆς
627 4545 673 4600 τοῦ
702 4541 862 4621 βεστάρχου,
893 4543 939 4601 τοῦ
969 4543 1092 4618 μοναχοῠ
1114 4539 1252 4619 Ἀροανίου
1274 4543 1319 4600 τοῦ
1341 4539 1483 4621 Σκηνούρη
1505 4541 1557 4602 καί

258 4665 305 4724 τού
327 4650 450 4740 μοναχού
472 4663 597 4735 Νίκωνος
618 4667 664 4722 τοῦ
687 4663 844 4743 Ἀσκεποῡς,
867 4664 1018 4743 προσέσχεν
1041 4663 1162 4737 εύμενῶς
1188 4669 1221 4745 τῆ
1251 4663 1343 4724 τούτου
1373 4659 1475 4738 αἰτήσει
1505 4663 1556 4722 καὶ
