<?xml version="1.0" encoding="UTF-8"?>
<!DOCTYPE html PUBLIC "-//W3C//DTD XHTML 1.0 Transitional//EN"
    "http://www.w3.org/TR/xhtml1/DTD/xhtml1-transitional.dtd">
<html xmlns="http://www.w3.org/1999/xhtml" xml:lang="en" lang="en">
 <head>
  <title>
</title>
<meta http-equiv="Content-Type" content="text/html;charset=utf-8" />
  <meta name='ocr-system' content='tesseract 3.04.00' />
  <meta name='ocr-capabilities' content='ocr_page ocr_carea ocr_par ocr_line ocrx_word'/>
</head>
<body>
  <div class='ocr_page' id='page_1' title='image "./actaetdiplomata02miklgoog_0035.png"; bbox 0 0 3228 5294; ppageno 0'>
   <div class='ocr_carea' id='block_1_1' title="bbox 246 363 289 427">
    <p class='ocr_par' dir='ltr' id='par_1_1' title="bbox 246 363 289 427">
     <span class='ocr_line' id='line_1_1' title="bbox 246 363 289 427; baseline 0 0"><span class='ocrx_word' id='word_1_1' title='bbox 246 363 289 427; x_wconf 80' lang='lat'>20</span> 
     </span>
    </p>
   </div>
   <div class='ocr_carea' id='block_1_2' title="bbox 240 551 1606 4420">
    <p class='ocr_par' dir='ltr' id='par_1_2' title="bbox 240 551 1606 4420">
     <span class='ocr_line' id='line_1_2' title="bbox 240 551 1539 642; baseline 0.007 -27"><span class='ocrx_word' id='word_1_2' title='bbox 240 559 287 616; x_wconf 79' lang='grc' dir='ltr'>τοῦ</span> <span class='ocrx_word' id='word_1_3' title='bbox 320 555 489 636; x_wconf 84' lang='grc' dir='ltr'>Καβαλοίιρη</span> <span class='ocrx_word' id='word_1_4' title='bbox 523 554 570 618; x_wconf 91' lang='grc' dir='ltr'>καί</span> <span class='ocrx_word' id='word_1_5' title='bbox 605 551 661 642; x_wconf 81' lang='grc' dir='ltr'>[τ]ῇ</span> <span class='ocrx_word' id='word_1_6' title='bbox 697 553 801 633; x_wconf 78' lang='grc' dir='ltr'>αἰτῆσει</span> <span class='ocrx_word' id='word_1_7' title='bbox 834 558 981 638; x_wconf 82' lang='grc' dir='ltr'>σθνδρομον</span> <span class='ocrx_word' id='word_1_8' title='bbox 1012 559 1058 620; x_wconf 89' lang='grc' dir='ltr'>καί</span> <span class='ocrx_word' id='word_1_9' title='bbox 1096 607 1492 625; x_wconf 89' lang='grc'><strong>..........</strong></span> <span class='ocrx_word' id='word_1_10' title='bbox 1523 565 1539 624; x_wconf 84' lang='grc' dir='ltr'>ὁ</span> 
     </span>
     <span class='ocr_line' id='line_1_3' title="bbox 242 677 1537 760; baseline 0.007 -23"><span class='ocrx_word' id='word_1_11' title='bbox 242 677 438 754; x_wconf 85' lang='grc' dir='ltr'>μνημονευθείς</span> <span class='ocrx_word' id='word_1_12' title='bbox 468 678 638 758; x_wconf 84' lang='grc' dir='ltr'>αθτάδελφος</span> <span class='ocrx_word' id='word_1_13' title='bbox 668 678 767 754; x_wconf 79' lang='grc' dir='ltr'>ταίτης</span> <span class='ocrx_word' id='word_1_14' title='bbox 797 679 880 752; x_wconf 76' lang='grc' dir='ltr'>ἄπαις</span> <span class='ocrx_word' id='word_1_15' title='bbox 915 728 921 742; x_wconf 94' lang='grc'><strong>.</strong></span> <span class='ocrx_word' id='word_1_16' title='bbox 959 729 966 744; x_wconf 91' lang='grc'><strong>.</strong></span> <span class='ocrx_word' id='word_1_17' title='bbox 1004 729 1011 743; x_wconf 94' lang='grc'><em>.</em></span> <span class='ocrx_word' id='word_1_18' title='bbox 1048 729 1054 742; x_wconf 87' lang='grc'><strong>.</strong></span> <span class='ocrx_word' id='word_1_19' title='bbox 1092 731 1098 742; x_wconf 94' lang='grc'><em>.</em></span> <span class='ocrx_word' id='word_1_20' title='bbox 1135 731 1142 743; x_wconf 92' lang='grc'><strong><em>.</em></strong></span> <span class='ocrx_word' id='word_1_21' title='bbox 1179 731 1186 744; x_wconf 93' lang='grc'><strong>.</strong></span> <span class='ocrx_word' id='word_1_22' title='bbox 1223 729 1229 742; x_wconf 94' lang='grc'><strong><em>.</em></strong></span> <span class='ocrx_word' id='word_1_23' title='bbox 1263 732 1270 744; x_wconf 92' lang='grc'>.</span> <span class='ocrx_word' id='word_1_24' title='bbox 1303 731 1309 744; x_wconf 96' lang='grc'><strong>.</strong></span> <span class='ocrx_word' id='word_1_25' title='bbox 1343 731 1349 746; x_wconf 95' lang='grc'><em>.</em></span> <span class='ocrx_word' id='word_1_26' title='bbox 1382 733 1389 746; x_wconf 95' lang='grc'><strong>.</strong></span> <span class='ocrx_word' id='word_1_27' title='bbox 1422 733 1429 746; x_wconf 94' lang='grc'><strong><em>.</em></strong></span> <span class='ocrx_word' id='word_1_28' title='bbox 1461 685 1537 760; x_wconf 89' lang='grc' dir='ltr'>βιοὶις</span> 
     </span>
     <span class='ocr_line' id='line_1_4' title="bbox 243 798 1537 886; baseline 0.005 -27"><span class='ocrx_word' id='word_1_29' title='bbox 243 798 420 879; x_wconf 77' lang='grc' dir='ltr'>ἐπεχείρησεν</span> <span class='ocrx_word' id='word_1_30' title='bbox 448 799 481 858; x_wconf 91' lang='grc' dir='ltr'>ἐκ</span> <span class='ocrx_word' id='word_1_31' title='bbox 506 800 649 879; x_wconf 72' lang='grc' dir='ltr'>θεοφιλοῦς</span> <span class='ocrx_word' id='word_1_32' title='bbox 676 803 791 880; x_wconf 71' lang='grc' dir='ltr'>γνώμης</span> <span class='ocrx_word' id='word_1_33' title='bbox 821 801 869 862; x_wconf 89' lang='grc' dir='ltr'>καί</span> <span class='ocrx_word' id='word_1_34' title='bbox 894 804 1079 884; x_wconf 88' lang='grc' dir='ltr'>προαιρέσεως</span> <span class='ocrx_word' id='word_1_35' title='bbox 1106 803 1139 864; x_wconf 86' lang='grc' dir='ltr'>ἐκ</span> <span class='ocrx_word' id='word_1_36' title='bbox 1165 811 1261 880; x_wconf 85' lang='grc' dir='ltr'>καινῆς</span> <span class='ocrx_word' id='word_1_37' title='bbox 1283 808 1464 886; x_wconf 81' lang='grc' dir='ltr'>μοναστῆριον</span> <span class='ocrx_word' id='word_1_38' title='bbox 1486 827 1537 866; x_wconf 90' lang='grc' dir='ltr'>συ-</span> 
     </span>
     <span class='ocr_line' id='line_1_5' title="bbox 243 921 1538 1005; baseline 0.006 -24"><span class='ocrx_word' id='word_1_39' title='bbox 243 923 391 996; x_wconf 81' lang='grc' dir='ltr'>στήσασθαι</span> <span class='ocrx_word' id='word_1_40' title='bbox 414 921 521 994; x_wconf 84' lang='grc' dir='ltr'>ἐντοῖς</span> <span class='ocrx_word' id='word_1_41' title='bbox 544 923 712 1004; x_wconf 79' lang='grc' dir='ltr'>διαφέρουσιν</span> <span class='ocrx_word' id='word_1_42' title='bbox 736 921 832 1003; x_wconf 86' lang='grc' dir='ltr'>ἐκείνῳ</span> <span class='ocrx_word' id='word_1_43' title='bbox 854 925 925 984; x_wconf 86' lang='grc' dir='ltr'>κατὰ</span> <span class='ocrx_word' id='word_1_44' title='bbox 947 925 996 1000; x_wconf 79' lang='grc' dir='ltr'>τῆν</span> <span class='ocrx_word' id='word_1_45' title='bbox 1018 925 1187 1005; x_wconf 82' lang='grc' dir='ltr'>Στρὸβηλον,</span> <span class='ocrx_word' id='word_1_46' title='bbox 1216 929 1299 1002; x_wconf 83' lang='grc' dir='ltr'>μήπω</span> <span class='ocrx_word' id='word_1_47' title='bbox 1326 925 1358 986; x_wconf 89' lang='grc' dir='ltr'>δέ</span> <span class='ocrx_word' id='word_1_48' title='bbox 1380 931 1458 988; x_wconf 78' lang='grc' dir='ltr'>τοῦτο</span> <span class='ocrx_word' id='word_1_49' title='bbox 1481 929 1538 988; x_wconf 88' lang='grc' dir='ltr'>ἀπ-</span> 
     </span>
     <span class='ocr_line' id='line_1_6' title="bbox 243 1041 1536 1127; baseline 0.005 -24"><span class='ocrx_word' id='word_1_50' title='bbox 243 1041 362 1124; x_wconf 88' lang='grc' dir='ltr'>αρτίσας,</span> <span class='ocrx_word' id='word_1_51' title='bbox 385 1043 458 1120; x_wconf 86' lang='grc' dir='ltr'>μηδὲ</span> <span class='ocrx_word' id='word_1_52' title='bbox 476 1045 507 1104; x_wconf 86' lang='grc' dir='ltr'>τδ</span> <span class='ocrx_word' id='word_1_53' title='bbox 525 1049 575 1120; x_wconf 87' lang='grc' dir='ltr'>τῆς</span> <span class='ocrx_word' id='word_1_54' title='bbox 591 1041 693 1117; x_wconf 73' lang='grc' dir='ltr'>οἰκείοις</span> <span class='ocrx_word' id='word_1_55' title='bbox 713 1046 876 1122; x_wconf 75' lang='grc' dir='ltr'>βουλήσεως</span> <span class='ocrx_word' id='word_1_56' title='bbox 898 1047 1085 1120; x_wconf 83' lang='grc' dir='ltr'>ἐκτετελεκῶς</span> <span class='ocrx_word' id='word_1_57' title='bbox 1104 1053 1157 1108; x_wconf 89' lang='grc' dir='ltr'>τῶν</span> <span class='ocrx_word' id='word_1_58' title='bbox 1173 1047 1282 1108; x_wconf 79' lang='grc' dir='ltr'>ἐνθένδε</span> <span class='ocrx_word' id='word_1_59' title='bbox 1304 1050 1432 1126; x_wconf 86' lang='grc' dir='ltr'>μετέστη.</span> <span class='ocrx_word' id='word_1_60' title='bbox 1468 1051 1536 1127; x_wconf 77' lang='grc' dir='ltr'>αθιη</span> 
     </span>
     <span class='ocr_line' id='line_1_7' title="bbox 242 1163 1536 1253; baseline 0.007 -29"><span class='ocrx_word' id='word_1_61' title='bbox 242 1163 274 1224; x_wconf 86' lang='grc' dir='ltr'>δέ</span> <span class='ocrx_word' id='word_1_62' title='bbox 297 1165 331 1226; x_wconf 83' lang='grc' dir='ltr'>τά</span> <span class='ocrx_word' id='word_1_63' title='bbox 353 1165 458 1228; x_wconf 87' lang='grc' dir='ltr'>ἐκείνου</span> <span class='ocrx_word' id='word_1_64' title='bbox 481 1163 665 1243; x_wconf 76' lang='grc' dir='ltr'>διαδεξαμένη</span> <span class='ocrx_word' id='word_1_65' title='bbox 690 1167 797 1248; x_wconf 79' lang='grc' dir='ltr'>ἀδελφὰ</span> <span class='ocrx_word' id='word_1_66' title='bbox 819 1169 903 1248; x_wconf 74' lang='grc' dir='ltr'>τούτῳ</span> <span class='ocrx_word' id='word_1_67' title='bbox 927 1169 1056 1249; x_wconf 81' lang='grc' dir='ltr'>ἐφρόνησε</span> <span class='ocrx_word' id='word_1_68' title='bbox 1078 1170 1214 1230; x_wconf 84' lang='grc' dir='ltr'>σπεθσασα</span> <span class='ocrx_word' id='word_1_69' title='bbox 1240 1172 1271 1232; x_wconf 82' lang='grc' dir='ltr'>τό</span> <span class='ocrx_word' id='word_1_70' title='bbox 1296 1191 1327 1231; x_wconf 88' lang='grc' dir='ltr'>τε</span> <span class='ocrx_word' id='word_1_71' title='bbox 1357 1175 1536 1253; x_wconf 81' lang='grc' dir='ltr'>μοναστηριον</span> 
     </span>
     <span class='ocr_line' id='line_1_8' title="bbox 242 1286 1536 1374; baseline 0.006 -26"><span class='ocrx_word' id='word_1_72' title='bbox 242 1287 384 1368; x_wconf 79' lang='grc' dir='ltr'>ἀπαρτίσαι</span> <span class='ocrx_word' id='word_1_73' title='bbox 406 1286 509 1348; x_wconf 80' lang='grc' dir='ltr'>καὶτὰ</span> <span class='ocrx_word' id='word_1_74' title='bbox 531 1288 698 1350; x_wconf 84' lang='grc' dir='ltr'>ἐλλείποντα</span> <span class='ocrx_word' id='word_1_75' title='bbox 721 1291 898 1370; x_wconf 75' lang='grc' dir='ltr'>ἐκπληρῶσαι</span> <span class='ocrx_word' id='word_1_76' title='bbox 924 1290 971 1352; x_wconf 91' lang='grc' dir='ltr'>καὶ</span> <span class='ocrx_word' id='word_1_77' title='bbox 998 1292 1136 1370; x_wconf 86' lang='grc' dir='ltr'>μονσχοθς</span> <span class='ocrx_word' id='word_1_78' title='bbox 1164 1289 1273 1366; x_wconf 76' lang='grc' dir='ltr'>ἐντάξαι</span> <span class='ocrx_word' id='word_1_79' title='bbox 1300 1291 1341 1366; x_wconf 91' lang='grc' dir='ltr'>εἰς</span> <span class='ocrx_word' id='word_1_80' title='bbox 1368 1291 1536 1374; x_wconf 87' lang='grc' dir='ltr'>δοξολογίαν</span> 
     </span>
     <span class='ocr_line' id='line_1_9' title="bbox 241 1405 1537 1496; baseline 0.005 -26"><span class='ocrx_word' id='word_1_81' title='bbox 241 1407 287 1470; x_wconf 89' lang='grc' dir='ltr'>καί</span> <span class='ocrx_word' id='word_1_82' title='bbox 310 1405 385 1471; x_wconf 90' lang='grc' dir='ltr'>αίνον</span> <span class='ocrx_word' id='word_1_83' title='bbox 407 1415 453 1472; x_wconf 85' lang='grc' dir='ltr'>τοῦ</span> <span class='ocrx_word' id='word_1_84' title='bbox 473 1408 582 1472; x_wconf 87' lang='grc' dir='ltr'>πάντων</span> <span class='ocrx_word' id='word_1_85' title='bbox 604 1415 715 1486; x_wconf 82' lang='grc' dir='ltr'>ποιητοῦ</span> <span class='ocrx_word' id='word_1_86' title='bbox 737 1411 784 1472; x_wconf 89' lang='grc' dir='ltr'>καί</span> <span class='ocrx_word' id='word_1_87' title='bbox 806 1413 936 1474; x_wconf 74' lang='grc' dir='ltr'>δεσπότου</span> <span class='ocrx_word' id='word_1_88' title='bbox 958 1414 1035 1475; x_wconf 88' lang='grc' dir='ltr'>θεοῦ.</span> <span class='ocrx_word' id='word_1_89' title='bbox 1058 1414 1177 1496; x_wconf 74' lang='grc' dir='ltr'>ᾐτήσατο</span> <span class='ocrx_word' id='word_1_90' title='bbox 1197 1419 1261 1493; x_wconf 81' lang='grc' dir='ltr'>γοῦν</span> <span class='ocrx_word' id='word_1_91' title='bbox 1276 1415 1386 1496; x_wconf 79' lang='grc' dir='ltr'>θερμῶς</span> <span class='ocrx_word' id='word_1_92' title='bbox 1400 1415 1471 1496; x_wconf 77' lang='grc' dir='ltr'>ἄγαν</span> <span class='ocrx_word' id='word_1_93' title='bbox 1487 1415 1537 1476; x_wconf 87' lang='grc' dir='ltr'>καί</span> 
     </span>
     <span class='ocr_line' id='line_1_10' title="bbox 240 1531 1538 1622; baseline 0.005 -30"><span class='ocrx_word' id='word_1_94' title='bbox 240 1533 396 1612; x_wconf 81' lang='grc' dir='ltr'>περιπαθῶς</span> <span class='ocrx_word' id='word_1_95' title='bbox 422 1533 550 1613; x_wconf 87' lang='grc' dir='ltr'>συνεργδν</span> <span class='ocrx_word' id='word_1_96' title='bbox 572 1531 688 1609; x_wconf 81' lang='grc' dir='ltr'>κοίτην</span> <span class='ocrx_word' id='word_1_97' title='bbox 711 1534 853 1612; x_wconf 91' lang='grc' dir='ltr'>βασιλείαν</span> <span class='ocrx_word' id='word_1_98' title='bbox 883 1556 935 1611; x_wconf 93' lang='grc' dir='ltr'>μου</span> <span class='ocrx_word' id='word_1_99' title='bbox 964 1533 1106 1616; x_wconf 78' lang='grc' dir='ltr'>εἰληφέναι</span> <span class='ocrx_word' id='word_1_100' title='bbox 1136 1535 1180 1596; x_wconf 89' lang='grc' dir='ltr'>ἐπὶ</span> <span class='ocrx_word' id='word_1_101' title='bbox 1209 1542 1244 1618; x_wconf 84' lang='grc' dir='ltr'>τῆ</span> <span class='ocrx_word' id='word_1_102' title='bbox 1273 1539 1382 1622; x_wconf 79' lang='grc' dir='ltr'>τοιοίιιη</span> <span class='ocrx_word' id='word_1_103' title='bbox 1413 1537 1538 1617; x_wconf 82' lang='grc' dir='ltr'>θεοφιλεῖ</span> 
     </span>
     <span class='ocr_line' id='line_1_11' title="bbox 240 1651 1536 1739; baseline 0.003 -25"><span class='ocrx_word' id='word_1_104' title='bbox 240 1651 337 1734; x_wconf 79' lang='grc' dir='ltr'>πράξει</span> <span class='ocrx_word' id='word_1_105' title='bbox 359 1652 405 1714; x_wconf 86' lang='grc' dir='ltr'>καί</span> <span class='ocrx_word' id='word_1_106' title='bbox 427 1654 527 1736; x_wconf 80' lang='grc' dir='ltr'>ἀγαθῇ.</span> <span class='ocrx_word' id='word_1_107' title='bbox 565 1653 611 1716; x_wconf 90' lang='grc' dir='ltr'>καὶ</span> <span class='ocrx_word' id='word_1_108' title='bbox 633 1656 651 1730; x_wconf 78' lang='grc' dir='ltr'><strong>ἡ</strong></span> <span class='ocrx_word' id='word_1_109' title='bbox 673 1656 795 1736; x_wconf 81' lang='grc' dir='ltr'>ἡμετέρα</span> <span class='ocrx_word' id='word_1_110' title='bbox 818 1656 942 1731; x_wconf 86' lang='grc' dir='ltr'>εθσέβεια</span> <span class='ocrx_word' id='word_1_111' title='bbox 965 1659 1061 1718; x_wconf 79' lang='grc' dir='ltr'>θάττον</span> <span class='ocrx_word' id='word_1_112' title='bbox 1082 1661 1101 1732; x_wconf 83' lang='grc' dir='ltr'>ῆ</span> <span class='ocrx_word' id='word_1_113' title='bbox 1124 1658 1210 1737; x_wconf 77' lang='grc' dir='ltr'>λόγος</span> <span class='ocrx_word' id='word_1_114' title='bbox 1233 1658 1384 1730; x_wconf 87' lang='grc' dir='ltr'>ἐπικλινεῖς</span> <span class='ocrx_word' id='word_1_115' title='bbox 1410 1661 1536 1739; x_wconf 80' lang='grc' dir='ltr'>παρέσχε</span> 
     </span>
     <span class='ocr_line' id='line_1_12' title="bbox 240 1771 1537 1860; baseline 0.004 -25"><span class='ocrx_word' id='word_1_116' title='bbox 240 1776 290 1847; x_wconf 88' lang='grc' dir='ltr'>τάς</span> <span class='ocrx_word' id='word_1_117' title='bbox 311 1771 398 1847; x_wconf 75' lang='grc' dir='ltr'>ἀκοὰς</span> <span class='ocrx_word' id='word_1_118' title='bbox 420 1773 467 1836; x_wconf 85' lang='grc' dir='ltr'>καὶ</span> <span class='ocrx_word' id='word_1_119' title='bbox 488 1777 534 1836; x_wconf 86' lang='grc' dir='ltr'>τδν</span> <span class='ocrx_word' id='word_1_120' title='bbox 560 1777 680 1856; x_wconf 79' lang='grc' dir='ltr'>παρέντα</span> <span class='ocrx_word' id='word_1_121' title='bbox 705 1778 910 1858; x_wconf 83' lang='grc' dir='ltr'>χρνοέβουλλον</span> <span class='ocrx_word' id='word_1_122' title='bbox 937 1781 1023 1857; x_wconf 82' lang='grc' dir='ltr'>λόγον</span> <span class='ocrx_word' id='word_1_123' title='bbox 1051 1775 1187 1860; x_wconf 85' lang='grc' dir='ltr'>ἐπώρεξε,</span> <span class='ocrx_word' id='word_1_124' title='bbox 1218 1780 1253 1840; x_wconf 85' lang='grc' dir='ltr'>δι’</span> <span class='ocrx_word' id='word_1_125' title='bbox 1277 1774 1308 1842; x_wconf 80' lang='grc' dir='ltr'>οὗ</span> <span class='ocrx_word' id='word_1_126' title='bbox 1339 1782 1458 1853; x_wconf 77' lang='grc' dir='ltr'>θεσπίζει</span> <span class='ocrx_word' id='word_1_127' title='bbox 1487 1780 1537 1842; x_wconf 82' lang='grc' dir='ltr'>καί</span> 
     </span>
     <span class='ocr_line' id='line_1_13' title="bbox 242 1896 1536 1983; baseline 0.004 -26"><span class='ocrx_word' id='word_1_128' title='bbox 242 1896 422 1976; x_wconf 85' lang='grc' dir='ltr'>ἐγκελεθεται</span> <span class='ocrx_word' id='word_1_129' title='bbox 444 1898 536 1973; x_wconf 86' lang='grc' dir='ltr'>μένειν</span> <span class='ocrx_word' id='word_1_130' title='bbox 558 1899 606 1974; x_wconf 79' lang='grc' dir='ltr'>τῆν</span> <span class='ocrx_word' id='word_1_131' title='bbox 634 1899 760 1980; x_wconf 74' lang='grc' dir='ltr'>ῥηθεῖσαν</span> <span class='ocrx_word' id='word_1_132' title='bbox 787 1902 872 1976; x_wconf 84' lang='grc' dir='ltr'>μονὴν</span> <span class='ocrx_word' id='word_1_133' title='bbox 899 1905 945 1962; x_wconf 84' lang='grc' dir='ltr'>τοῦ</span> <span class='ocrx_word' id='word_1_134' title='bbox 967 1899 1137 1980; x_wconf 86' lang='grc' dir='ltr'>Καβαλοίιρη</span> <span class='ocrx_word' id='word_1_135' title='bbox 1164 1903 1213 1976; x_wconf 79' lang='grc' dir='ltr'>τῆν</span> <span class='ocrx_word' id='word_1_136' title='bbox 1241 1902 1270 1962; x_wconf 90' lang='grc' dir='ltr'>ἐν</span> <span class='ocrx_word' id='word_1_137' title='bbox 1292 1903 1444 1983; x_wconf 82' lang='grc' dir='ltr'>Στροβήλῳ</span> <span class='ocrx_word' id='word_1_138' title='bbox 1471 1903 1536 1964; x_wconf 88' lang='grc' dir='ltr'>δια-</span> 
     </span>
     <span class='ocr_line' id='line_1_14' title="bbox 241 2017 1535 2102; baseline 0.004 -22"><span class='ocrx_word' id='word_1_139' title='bbox 241 2020 370 2096; x_wconf 75' lang='grc' dir='ltr'>κειμένην</span> <span class='ocrx_word' id='word_1_140' title='bbox 392 2017 438 2080; x_wconf 88' lang='grc' dir='ltr'>καί</span> <span class='ocrx_word' id='word_1_141' title='bbox 462 2020 503 2080; x_wconf 84' lang='grc' dir='ltr'>ἐπ’</span> <span class='ocrx_word' id='word_1_142' title='bbox 520 2021 631 2096; x_wconf 77' lang='grc' dir='ltr'>ὀνόματι</span> <span class='ocrx_word' id='word_1_143' title='bbox 653 2025 700 2080; x_wconf 83' lang='grc' dir='ltr'>τοῦ</span> <span class='ocrx_word' id='word_1_144' title='bbox 721 2022 807 2097; x_wconf 90' lang='grc' dir='ltr'>τιμίου</span> <span class='ocrx_word' id='word_1_145' title='bbox 824 2021 983 2102; x_wconf 83' lang='grc' dir='ltr'>Προδρθμου</span> <span class='ocrx_word' id='word_1_146' title='bbox 1005 2019 1195 2100; x_wconf 87' lang='grc' dir='ltr'>δεδομημένην</span> <span class='ocrx_word' id='word_1_147' title='bbox 1218 2024 1412 2086; x_wconf 82' lang='grc' dir='ltr'>αθτοδέσποτάν</span> <span class='ocrx_word' id='word_1_148' title='bbox 1434 2045 1464 2084; x_wconf 91' lang='grc' dir='ltr'>τε</span> <span class='ocrx_word' id='word_1_149' title='bbox 1487 2025 1535 2085; x_wconf 87' lang='grc' dir='ltr'>καί</span> 
     </span>
     <span class='ocr_line' id='line_1_15' title="bbox 243 2138 1536 2229; baseline 0.003 -27"><span class='ocrx_word' id='word_1_150' title='bbox 243 2138 409 2214; x_wconf 79' lang='grc' dir='ltr'>τάπεξοθσιον</span> <span class='ocrx_word' id='word_1_151' title='bbox 433 2143 496 2202; x_wconf 84' lang='grc' dir='ltr'>καθ’</span> <span class='ocrx_word' id='word_1_152' title='bbox 518 2143 616 2218; x_wconf 81' lang='grc' dir='ltr'>ἑαυτὴν</span> <span class='ocrx_word' id='word_1_153' title='bbox 638 2143 779 2221; x_wconf 83' lang='grc' dir='ltr'>ἀγομένην</span> <span class='ocrx_word' id='word_1_154' title='bbox 802 2142 848 2204; x_wconf 89' lang='grc' dir='ltr'>καὶ</span> <span class='ocrx_word' id='word_1_155' title='bbox 872 2143 1078 2220; x_wconf 87' lang='grc' dir='ltr'>διευθυνσμένην</span> <span class='ocrx_word' id='word_1_156' title='bbox 1100 2145 1171 2204; x_wconf 79' lang='grc' dir='ltr'>κατὰ</span> <span class='ocrx_word' id='word_1_157' title='bbox 1192 2146 1223 2204; x_wconf 84' lang='grc' dir='ltr'>τδ</span> <span class='ocrx_word' id='word_1_158' title='bbox 1245 2145 1352 2218; x_wconf 89' lang='grc' dir='ltr'>μέλλον</span> <span class='ocrx_word' id='word_1_159' title='bbox 1380 2145 1424 2204; x_wconf 81' lang='grc' dir='ltr'>ἐπὶ</span> <span class='ocrx_word' id='word_1_160' title='bbox 1449 2148 1536 2229; x_wconf 78' lang='grc' dir='ltr'>ταίτῃ</span> 
     </span>
     <span class='ocr_line' id='line_1_16' title="bbox 240 2262 1536 2346; baseline 0.003 -24"><span class='ocrx_word' id='word_1_161' title='bbox 240 2265 368 2343; x_wconf 90' lang='grc' dir='ltr'>γενέσθαι</span> <span class='ocrx_word' id='word_1_162' title='bbox 389 2262 463 2344; x_wconf 78' lang='grc' dir='ltr'>παρὰ</span> <span class='ocrx_word' id='word_1_163' title='bbox 486 2269 535 2340; x_wconf 84' lang='grc' dir='ltr'>τῆς</span> <span class='ocrx_word' id='word_1_164' title='bbox 562 2263 734 2340; x_wconf 88' lang='grc' dir='ltr'>δηλωθείσης</span> <span class='ocrx_word' id='word_1_165' title='bbox 763 2267 891 2342; x_wconf 86' lang='grc' dir='ltr'>γυναικδς</span> <span class='ocrx_word' id='word_1_166' title='bbox 920 2267 1043 2346; x_wconf 84' lang='grc' dir='ltr'>τυπικέν,</span> <span class='ocrx_word' id='word_1_167' title='bbox 1073 2265 1120 2326; x_wconf 89' lang='grc' dir='ltr'>καὶ</span> <span class='ocrx_word' id='word_1_168' title='bbox 1150 2271 1220 2342; x_wconf 79' lang='grc' dir='ltr'>μήτε</span> <span class='ocrx_word' id='word_1_169' title='bbox 1248 2267 1297 2326; x_wconf 84' lang='grc' dir='ltr'>ὑπδ</span> <span class='ocrx_word' id='word_1_170' title='bbox 1327 2266 1458 2340; x_wconf 82' lang='grc' dir='ltr'>βασιλικὰ</span> <span class='ocrx_word' id='word_1_171' title='bbox 1486 2267 1536 2328; x_wconf 89' lang='grc' dir='ltr'>καὶ</span> 
     </span>
     <span class='ocr_line' id='line_1_17' title="bbox 240 2385 1537 2466; baseline 0.005 -22"><span class='ocrx_word' id='word_1_172' title='bbox 240 2385 421 2466; x_wconf 82' lang='grc' dir='ltr'>πατριαρχικθι</span> <span class='ocrx_word' id='word_1_173' title='bbox 452 2389 470 2459; x_wconf 78' lang='grc' dir='ltr'>ἢ</span> <span class='ocrx_word' id='word_1_174' title='bbox 502 2385 672 2458; x_wconf 82' lang='grc' dir='ltr'>ἐπισκοπικά,</span> <span class='ocrx_word' id='word_1_175' title='bbox 703 2389 772 2460; x_wconf 83' lang='grc' dir='ltr'>μήτε</span> <span class='ocrx_word' id='word_1_176' title='bbox 803 2387 856 2462; x_wconf 85' lang='grc' dir='ltr'>μὴν</span> <span class='ocrx_word' id='word_1_177' title='bbox 886 2387 936 2448; x_wconf 81' lang='grc' dir='ltr'>ὑπὸ</span> <span class='ocrx_word' id='word_1_178' title='bbox 964 2407 1024 2448; x_wconf 92' lang='grc' dir='ltr'>τινα</span> <span class='ocrx_word' id='word_1_179' title='bbox 1050 2385 1171 2447; x_wconf 80' lang='grc' dir='ltr'>ἰδιωτικὰ</span> <span class='ocrx_word' id='word_1_180' title='bbox 1197 2387 1243 2448; x_wconf 88' lang='grc' dir='ltr'>καί</span> <span class='ocrx_word' id='word_1_181' title='bbox 1271 2389 1418 2466; x_wconf 82' lang='grc' dir='ltr'>συγγενικὰ</span> <span class='ocrx_word' id='word_1_182' title='bbox 1441 2389 1537 2450; x_wconf 89' lang='grc' dir='ltr'>δίκαια</span> 
     </span>
     <span class='ocr_line' id='line_1_18' title="bbox 242 2507 1535 2588; baseline 0.005 -23"><span class='ocrx_word' id='word_1_183' title='bbox 242 2507 354 2586; x_wconf 78' lang='grc' dir='ltr'>ἄγεσθαι</span> <span class='ocrx_word' id='word_1_184' title='bbox 376 2509 496 2586; x_wconf 82' lang='grc' dir='ltr'>πώποτε,</span> <span class='ocrx_word' id='word_1_185' title='bbox 520 2507 588 2567; x_wconf 84' lang='grc' dir='ltr'>ἀλλ’</span> <span class='ocrx_word' id='word_1_186' title='bbox 605 2507 802 2588; x_wconf 76' lang='grc' dir='ltr'>ἐλευθεριάζειν</span> <span class='ocrx_word' id='word_1_187' title='bbox 829 2509 957 2588; x_wconf 89' lang='grc' dir='ltr'>καθαρῶς</span> <span class='ocrx_word' id='word_1_188' title='bbox 986 2507 1033 2568; x_wconf 89' lang='grc' dir='ltr'>καὶ</span> <span class='ocrx_word' id='word_1_189' title='bbox 1061 2509 1187 2569; x_wconf 86' lang='grc' dir='ltr'>πλουτεῖν</span> <span class='ocrx_word' id='word_1_190' title='bbox 1216 2511 1247 2568; x_wconf 80' lang='grc' dir='ltr'>τθ</span> <span class='ocrx_word' id='word_1_191' title='bbox 1277 2510 1474 2570; x_wconf 83' lang='grc' dir='ltr'>αθτοδέσποτὸν</span> <span class='ocrx_word' id='word_1_192' title='bbox 1502 2533 1535 2572; x_wconf 88' lang='grc' dir='ltr'>τε</span> 
     </span>
     <span class='ocr_line' id='line_1_19' title="bbox 240 2625 1536 2714; baseline 0.004 -26"><span class='ocrx_word' id='word_1_193' title='bbox 240 2626 287 2688; x_wconf 85' lang='grc' dir='ltr'>καὶ</span> <span class='ocrx_word' id='word_1_194' title='bbox 309 2627 474 2710; x_wconf 86' lang='grc' dir='ltr'>ἐλευθέριον,</span> <span class='ocrx_word' id='word_1_195' title='bbox 499 2625 720 2702; x_wconf 81' lang='grc' dir='ltr'>ἐξκουσσείιεσθαί</span> <span class='ocrx_word' id='word_1_196' title='bbox 742 2649 772 2690; x_wconf 90' lang='grc' dir='ltr'>τε</span> <span class='ocrx_word' id='word_1_197' title='bbox 794 2630 891 2706; x_wconf 75' lang='grc' dir='ltr'>ταύτην</span> <span class='ocrx_word' id='word_1_198' title='bbox 914 2631 962 2706; x_wconf 86' lang='grc' dir='ltr'>τῆν</span> <span class='ocrx_word' id='word_1_199' title='bbox 984 2631 1069 2707; x_wconf 85' lang='grc' dir='ltr'>μονὴν</span> <span class='ocrx_word' id='word_1_200' title='bbox 1091 2629 1137 2692; x_wconf 89' lang='grc' dir='ltr'>καὶ</span> <span class='ocrx_word' id='word_1_201' title='bbox 1162 2631 1196 2691; x_wconf 83' lang='grc' dir='ltr'>τὰ</span> <span class='ocrx_word' id='word_1_202' title='bbox 1222 2631 1252 2692; x_wconf 88' lang='grc' dir='ltr'>ἐν</span> <span class='ocrx_word' id='word_1_203' title='bbox 1279 2632 1345 2714; x_wconf 72' lang='grc' dir='ltr'>αθτῆ</span> <span class='ocrx_word' id='word_1_204' title='bbox 1373 2631 1536 2713; x_wconf 89' lang='grc' dir='ltr'>διαφέροντα</span> 
     </span>
     <span class='ocr_line' id='line_1_20' title="bbox 241 2747 1535 2832; baseline 0.002 -21"><span class='ocrx_word' id='word_1_205' title='bbox 241 2751 294 2812; x_wconf 84' lang='grc' dir='ltr'>άπδ</span> <span class='ocrx_word' id='word_1_206' title='bbox 315 2753 404 2826; x_wconf 86' lang='grc' dir='ltr'>πάσης</span> <span class='ocrx_word' id='word_1_207' title='bbox 426 2749 473 2811; x_wconf 92' lang='grc' dir='ltr'>καί</span> <span class='ocrx_word' id='word_1_208' title='bbox 494 2750 624 2822; x_wconf 86' lang='grc' dir='ltr'>παντοίας</span> <span class='ocrx_word' id='word_1_209' title='bbox 647 2751 776 2832; x_wconf 84' lang='grc' dir='ltr'>ἐπηρείας</span> <span class='ocrx_word' id='word_1_210' title='bbox 805 2772 835 2812; x_wconf 88' lang='grc' dir='ltr'>τε</span> <span class='ocrx_word' id='word_1_211' title='bbox 866 2749 914 2812; x_wconf 90' lang='grc' dir='ltr'>καὶ</span> <span class='ocrx_word' id='word_1_212' title='bbox 943 2747 1093 2823; x_wconf 80' lang='grc' dir='ltr'>κακώσεως</span> <span class='ocrx_word' id='word_1_213' title='bbox 1122 2751 1168 2813; x_wconf 89' lang='grc' dir='ltr'>καὶ</span> <span class='ocrx_word' id='word_1_214' title='bbox 1199 2755 1237 2828; x_wconf 82' lang='grc' dir='ltr'>μή</span> <span class='ocrx_word' id='word_1_215' title='bbox 1267 2773 1318 2814; x_wconf 89' lang='grc' dir='ltr'>τινι</span> <span class='ocrx_word' id='word_1_216' title='bbox 1348 2751 1448 2827; x_wconf 85' lang='grc' dir='ltr'>ἐξεῖναι</span> <span class='ocrx_word' id='word_1_217' title='bbox 1478 2761 1535 2814; x_wconf 90' lang='grc' dir='ltr'>τῶν</span> 
     </span>
     <span class='ocr_line' id='line_1_21' title="bbox 241 2870 1534 2958; baseline 0.002 -25"><span class='ocrx_word' id='word_1_218' title='bbox 241 2875 365 2933; x_wconf 83' lang='grc' dir='ltr'>ἁπάντων</span> <span class='ocrx_word' id='word_1_219' title='bbox 387 2870 449 2933; x_wconf 90' lang='grc' dir='ltr'>καθ’</span> <span class='ocrx_word' id='word_1_220' title='bbox 465 2870 621 2948; x_wconf 80' lang='grc' dir='ltr'>οἱανδῆτινα</span> <span class='ocrx_word' id='word_1_221' title='bbox 650 2876 746 2950; x_wconf 80' lang='grc' dir='ltr'>σκῆψιν</span> <span class='ocrx_word' id='word_1_222' title='bbox 776 2875 794 2946; x_wconf 85' lang='grc' dir='ltr'>ῆ</span> <span class='ocrx_word' id='word_1_223' title='bbox 823 2876 952 2953; x_wconf 80' lang='grc' dir='ltr'>πρόφασιν</span> <span class='ocrx_word' id='word_1_224' title='bbox 983 2874 1186 2956; x_wconf 86' lang='grc' dir='ltr'>ἐπηρεαστικῶς</span> <span class='ocrx_word' id='word_1_225' title='bbox 1214 2875 1296 2958; x_wconf 83' lang='grc' dir='ltr'>ταθτη</span> <span class='ocrx_word' id='word_1_226' title='bbox 1326 2874 1373 2936; x_wconf 87' lang='grc' dir='ltr'>καί</span> <span class='ocrx_word' id='word_1_227' title='bbox 1401 2879 1458 2948; x_wconf 89' lang='grc' dir='ltr'>τοῖς</span> <span class='ocrx_word' id='word_1_228' title='bbox 1487 2876 1534 2936; x_wconf 71' lang='grc' dir='ltr'>ὑπ’</span> 
     </span>
     <span class='ocr_line' id='line_1_22' title="bbox 242 2992 1535 3078; baseline 0.003 -24"><span class='ocrx_word' id='word_1_229' title='bbox 242 2994 323 3069; x_wconf 83' lang='grc' dir='ltr'>αθτην</span> <span class='ocrx_word' id='word_1_230' title='bbox 344 2992 583 3075; x_wconf 89' lang='grc' dir='ltr'>προσεπιτίθεσθαι,</span> <span class='ocrx_word' id='word_1_231' title='bbox 607 2992 630 3053; x_wconf 89' lang='grc' dir='ltr'>εἰ</span> <span class='ocrx_word' id='word_1_232' title='bbox 658 2996 751 3072; x_wconf 81' lang='grc' dir='ltr'>μήγε</span> <span class='ocrx_word' id='word_1_233' title='bbox 773 2993 898 3068; x_wconf 87' lang='grc' dir='ltr'>βοθλοιτο</span> <span class='ocrx_word' id='word_1_234' title='bbox 914 2997 929 3054; x_wconf 81' lang='grc' dir='ltr'>ὁ</span> <span class='ocrx_word' id='word_1_235' title='bbox 945 2997 1061 3056; x_wconf 76' lang='grc' dir='ltr'>τοιοῦτον</span> <span class='ocrx_word' id='word_1_236' title='bbox 1083 3017 1108 3056; x_wconf 87' lang='grc' dir='ltr'>τι</span> <span class='ocrx_word' id='word_1_237' title='bbox 1129 2996 1190 3058; x_wconf 88' lang='grc' dir='ltr'>κατ’</span> <span class='ocrx_word' id='word_1_238' title='bbox 1207 2996 1289 3072; x_wconf 80' lang='grc' dir='ltr'>αὐτῆς</span> <span class='ocrx_word' id='word_1_239' title='bbox 1311 2995 1535 3078; x_wconf 76' lang='grc' dir='ltr'>διαπραξάμενος</span> 
     </span>
     <span class='ocr_line' id='line_1_23' title="bbox 240 3113 1534 3199; baseline 0.004 -23"><span class='ocrx_word' id='word_1_240' title='bbox 240 3118 308 3197; x_wconf 84' lang='grc' dir='ltr'>πρθς</span> <span class='ocrx_word' id='word_1_241' title='bbox 329 3117 360 3176; x_wconf 83' lang='grc' dir='ltr'>τδ</span> <span class='ocrx_word' id='word_1_242' title='bbox 383 3113 466 3190; x_wconf 87' lang='grc' dir='ltr'>δόξας</span> <span class='ocrx_word' id='word_1_243' title='bbox 488 3116 627 3197; x_wconf 82' lang='grc' dir='ltr'>άνηνίντοις</span> <span class='ocrx_word' id='word_1_244' title='bbox 649 3117 795 3196; x_wconf 86' lang='grc' dir='ltr'>ἐπιχειρεῖν</span> <span class='ocrx_word' id='word_1_245' title='bbox 817 3117 864 3176; x_wconf 89' lang='grc' dir='ltr'>καί</span> <span class='ocrx_word' id='word_1_246' title='bbox 885 3118 966 3178; x_wconf 85' lang='grc' dir='ltr'>πέντε</span> <span class='ocrx_word' id='word_1_247' title='bbox 988 3117 1084 3198; x_wconf 89' lang='grc' dir='ltr'>λίτρας</span> <span class='ocrx_word' id='word_1_248' title='bbox 1104 3117 1214 3197; x_wconf 90' lang='grc' dir='ltr'>χρυσίου</span> <span class='ocrx_word' id='word_1_249' title='bbox 1236 3120 1315 3199; x_wconf 78' lang='grc' dir='ltr'>λόγῳ</span> <span class='ocrx_word' id='word_1_250' title='bbox 1330 3125 1427 3196; x_wconf 82' lang='grc' dir='ltr'>ποινῆς</span> <span class='ocrx_word' id='word_1_251' title='bbox 1441 3141 1534 3180; x_wconf 90' lang='grc' dir='ltr'>κατα-</span> 
     </span>
     <span class='ocr_line' id='line_1_24' title="bbox 242 3234 1536 3322; baseline 0.003 -24"><span class='ocrx_word' id='word_1_252' title='bbox 242 3239 334 3298; x_wconf 85' lang='grc' dir='ltr'>θέσθαι</span> <span class='ocrx_word' id='word_1_253' title='bbox 357 3235 397 3310; x_wconf 92' lang='grc' dir='ltr'>εἰς</span> <span class='ocrx_word' id='word_1_254' title='bbox 417 3240 449 3297; x_wconf 85' lang='grc' dir='ltr'>τδ</span> <span class='ocrx_word' id='word_1_255' title='bbox 472 3244 523 3298; x_wconf 88' lang='grc' dir='ltr'>τῶν</span> <span class='ocrx_word' id='word_1_256' title='bbox 546 3236 690 3297; x_wconf 79' lang='grc' dir='ltr'>σίκειακῶν</span> <span class='ocrx_word' id='word_1_257' title='bbox 713 3241 849 3318; x_wconf 89' lang='grc' dir='ltr'>οέκρετον,</span> <span class='ocrx_word' id='word_1_258' title='bbox 878 3239 907 3297; x_wconf 94' lang='grc' dir='ltr'>ἐν</span> <span class='ocrx_word' id='word_1_259' title='bbox 934 3234 957 3319; x_wconf 85' lang='grc' dir='ltr'>ᾧ</span> <span class='ocrx_word' id='word_1_260' title='bbox 983 3239 1029 3298; x_wconf 87' lang='grc' dir='ltr'>καί</span> <span class='ocrx_word' id='word_1_261' title='bbox 1056 3242 1071 3298; x_wconf 85' lang='grc' dir='ltr'>ὁ</span> <span class='ocrx_word' id='word_1_262' title='bbox 1097 3239 1191 3320; x_wconf 83' lang='grc' dir='ltr'>παρὼν</span> <span class='ocrx_word' id='word_1_263' title='bbox 1216 3241 1424 3321; x_wconf 85' lang='grc' dir='ltr'>χρυοέβουλλος</span> <span class='ocrx_word' id='word_1_264' title='bbox 1445 3244 1536 3322; x_wconf 78' lang='grc' dir='ltr'>λόγος</span> 
     </span>
     <span class='ocr_line' id='line_1_25' title="bbox 241 3359 1536 3440; baseline 0.003 -20"><span class='ocrx_word' id='word_1_265' title='bbox 241 3361 435 3440; x_wconf 88' lang='grc' dir='ltr'>κατέστρωται.</span> <span class='ocrx_word' id='word_1_266' title='bbox 481 3359 736 3436; x_wconf 80' lang='grc' dir='ltr'>ἐξκουσσευθῆσεται</span> <span class='ocrx_word' id='word_1_267' title='bbox 760 3359 791 3420; x_wconf 88' lang='grc' dir='ltr'>δέ</span> <span class='ocrx_word' id='word_1_268' title='bbox 813 3361 881 3436; x_wconf 80' lang='grc' dir='ltr'>αθτῆ</span> <span class='ocrx_word' id='word_1_269' title='bbox 903 3364 973 3436; x_wconf 87' lang='grc' dir='ltr'>τεῆ</span> <span class='ocrx_word' id='word_1_270' title='bbox 1001 3360 1071 3437; x_wconf 85' lang='grc' dir='ltr'>μονὴ</span> <span class='ocrx_word' id='word_1_271' title='bbox 1101 3359 1149 3421; x_wconf 88' lang='grc' dir='ltr'>καὶ</span> <span class='ocrx_word' id='word_1_272' title='bbox 1178 3361 1211 3421; x_wconf 79' lang='grc' dir='ltr'>τὰ</span> <span class='ocrx_word' id='word_1_273' title='bbox 1239 3362 1284 3422; x_wconf 86' lang='grc' dir='ltr'>ὑπ’</span> <span class='ocrx_word' id='word_1_274' title='bbox 1307 3363 1389 3439; x_wconf 81' lang='grc' dir='ltr'>αῖπῆν</span> <span class='ocrx_word' id='word_1_275' title='bbox 1420 3363 1472 3424; x_wconf 75' lang='grc' dir='ltr'>ἀπὸ</span> <span class='ocrx_word' id='word_1_276' title='bbox 1502 3386 1536 3424; x_wconf 91' lang='grc' dir='ltr'>τε</span> 
     </span>
     <span class='ocr_line' id='line_1_26' title="bbox 242 3481 1535 3566; baseline 0.004 -24"><span class='ocrx_word' id='word_1_277' title='bbox 242 3487 368 3562; x_wconf 86' lang='grc' dir='ltr'>μιτάτων,</span> <span class='ocrx_word' id='word_1_278' title='bbox 387 3483 536 3552; x_wconf 87' lang='grc' dir='ltr'>ἐπιθέσεως</span> <span class='ocrx_word' id='word_1_279' title='bbox 555 3484 785 3561; x_wconf 87' lang='grc' dir='ltr'>μονοπροσῶπων,</span> <span class='ocrx_word' id='word_1_280' title='bbox 806 3483 910 3563; x_wconf 86' lang='grc' dir='ltr'>άγσροῖς</span> <span class='ocrx_word' id='word_1_281' title='bbox 925 3481 1090 3562; x_wconf 90' lang='grc' dir='ltr'>μσυλαρίων,</span> <span class='ocrx_word' id='word_1_282' title='bbox 1112 3483 1346 3564; x_wconf 85' lang='grc' dir='ltr'>μεσσμουλαρίων,</span> <span class='ocrx_word' id='word_1_283' title='bbox 1366 3485 1535 3566; x_wconf 90' lang='grc' dir='ltr'>βορδωνίων,</span> 
     </span>
     <span class='ocr_line' id='line_1_27' title="bbox 243 3602 1536 3688; baseline 0.002 -24"><span class='ocrx_word' id='word_1_284' title='bbox 243 3604 477 3685; x_wconf 87' lang='grc' dir='ltr'>μεσοβορδωνίων,</span> <span class='ocrx_word' id='word_1_285' title='bbox 492 3603 589 3682; x_wconf 87' lang='grc' dir='ltr'>ίππων,</span> <span class='ocrx_word' id='word_1_286' title='bbox 606 3602 769 3684; x_wconf 91' lang='grc' dir='ltr'>παριππίων,</span> <span class='ocrx_word' id='word_1_287' title='bbox 781 3603 982 3682; x_wconf 82' lang='grc' dir='ltr'>θνοκηλωνίων,</span> <span class='ocrx_word' id='word_1_288' title='bbox 998 3604 1174 3684; x_wconf 81' lang='grc' dir='ltr'>θνοθηλειῶν,</span> <span class='ocrx_word' id='word_1_289' title='bbox 1189 3604 1341 3688; x_wconf 78' lang='grc' dir='ltr'>φορβάδων,</span> <span class='ocrx_word' id='word_1_290' title='bbox 1358 3605 1430 3682; x_wconf 88' lang='grc' dir='ltr'>βοῶν</span> <span class='ocrx_word' id='word_1_291' title='bbox 1445 3607 1536 3686; x_wconf 88' lang='grc' dir='ltr'>ἐργα-</span> 
     </span>
     <span class='ocr_line' id='line_1_28' title="bbox 240 3723 1536 3806; baseline 0.002 -19"><span class='ocrx_word' id='word_1_292' title='bbox 240 3731 322 3787; x_wconf 90' lang='grc' dir='ltr'>τικῶν</span> <span class='ocrx_word' id='word_1_293' title='bbox 344 3724 391 3785; x_wconf 88' lang='grc' dir='ltr'>καὶ</span> <span class='ocrx_word' id='word_1_294' title='bbox 414 3723 565 3804; x_wconf 81' lang='grc' dir='ltr'>ἀγελαίων,</span> <span class='ocrx_word' id='word_1_295' title='bbox 587 3723 697 3804; x_wconf 82' lang='grc' dir='ltr'>χοίρων,</span> <span class='ocrx_word' id='word_1_296' title='bbox 720 3725 873 3804; x_wconf 77' lang='grc' dir='ltr'>προβάτων,</span> <span class='ocrx_word' id='word_1_297' title='bbox 897 3725 992 3806; x_wconf 78' lang='grc' dir='ltr'>αἰγῶν,</span> <span class='ocrx_word' id='word_1_298' title='bbox 1013 3725 1170 3805; x_wconf 81' lang='grc' dir='ltr'>ἀγελάδων,</span> <span class='ocrx_word' id='word_1_299' title='bbox 1187 3726 1342 3802; x_wconf 89' lang='grc' dir='ltr'>βουβαλίων</span> <span class='ocrx_word' id='word_1_300' title='bbox 1360 3725 1407 3788; x_wconf 86' lang='grc' dir='ltr'>καί</span> <span class='ocrx_word' id='word_1_301' title='bbox 1426 3729 1536 3790; x_wconf 80' lang='grc' dir='ltr'>λοιπῶν</span> 
     </span>
     <span class='ocr_line' id='line_1_29' title="bbox 240 3843 1536 3930; baseline 0.004 -24"><span class='ocrx_word' id='word_1_302' title='bbox 240 3847 424 3930; x_wconf 80' lang='grc' dir='ltr'>τετραπόδων,</span> <span class='ocrx_word' id='word_1_303' title='bbox 446 3847 662 3930; x_wconf 89' lang='grc' dir='ltr'>καστροκτισίας,</span> <span class='ocrx_word' id='word_1_304' title='bbox 684 3851 825 3928; x_wconf 82' lang='grc' dir='ltr'>καπνικοῦ,</span> <span class='ocrx_word' id='word_1_305' title='bbox 848 3845 1003 3927; x_wconf 85' lang='grc' dir='ltr'>οἰκομάδου,</span> <span class='ocrx_word' id='word_1_306' title='bbox 1027 3843 1193 3920; x_wconf 86' lang='grc' dir='ltr'>ἐξοπλίοεως</span> <span class='ocrx_word' id='word_1_307' title='bbox 1215 3847 1348 3924; x_wconf 87' lang='grc' dir='ltr'>πλωίμων</span> <span class='ocrx_word' id='word_1_308' title='bbox 1367 3853 1385 3925; x_wconf 84' lang='grc' dir='ltr'>ῆ</span> <span class='ocrx_word' id='word_1_309' title='bbox 1405 3847 1536 3930; x_wconf 87' lang='grc' dir='ltr'>τοξοτῶν,</span> 
     </span>
     <span class='ocr_line' id='line_1_30' title="bbox 240 3967 1536 4056; baseline 0.002 -26"><span class='ocrx_word' id='word_1_310' title='bbox 240 3975 367 4052; x_wconf 89' lang='grc' dir='ltr'>παροχῆς</span> <span class='ocrx_word' id='word_1_311' title='bbox 388 3975 489 4050; x_wconf 88' lang='grc' dir='ltr'>χρειῶν</span> <span class='ocrx_word' id='word_1_312' title='bbox 516 3975 569 4029; x_wconf 90' lang='grc' dir='ltr'>τῶν</span> <span class='ocrx_word' id='word_1_313' title='bbox 599 3971 811 4050; x_wconf 83' lang='grc' dir='ltr'>χορηγουμένων</span> <span class='ocrx_word' id='word_1_314' title='bbox 843 3969 982 4041; x_wconf 86' lang='grc' dir='ltr'>δικασταῖς</span> <span class='ocrx_word' id='word_1_315' title='bbox 1011 3971 1029 4044; x_wconf 85' lang='grc' dir='ltr'>ῆ</span> <span class='ocrx_word' id='word_1_316' title='bbox 1058 3972 1230 4052; x_wconf 86' lang='grc' dir='ltr'>πράκτορσιν,</span> <span class='ocrx_word' id='word_1_317' title='bbox 1261 3967 1421 4048; x_wconf 81' lang='grc' dir='ltr'>ἐξωνῆσεως</span> <span class='ocrx_word' id='word_1_318' title='bbox 1449 3973 1536 4056; x_wconf 87' lang='grc' dir='ltr'>σίτου,</span> 
     </span>
     <span class='ocr_line' id='line_1_31' title="bbox 241 4090 1537 4172; baseline 0.002 -20"><span class='ocrx_word' id='word_1_319' title='bbox 241 4091 323 4172; x_wconf 85' lang='grc' dir='ltr'>οἰνου,</span> <span class='ocrx_word' id='word_1_320' title='bbox 345 4093 455 4172; x_wconf 87' lang='grc' dir='ltr'>κριθῶν,</span> <span class='ocrx_word' id='word_1_321' title='bbox 478 4090 598 4172; x_wconf 82' lang='grc' dir='ltr'>βρῶμου,</span> <span class='ocrx_word' id='word_1_322' title='bbox 621 4091 726 4169; x_wconf 87' lang='grc' dir='ltr'>ἐλαίου,</span> <span class='ocrx_word' id='word_1_323' title='bbox 750 4091 858 4172; x_wconf 83' lang='grc' dir='ltr'>ὀσπρίου</span> <span class='ocrx_word' id='word_1_324' title='bbox 872 4090 919 4151; x_wconf 87' lang='grc' dir='ltr'>καί</span> <span class='ocrx_word' id='word_1_325' title='bbox 933 4091 1067 4152; x_wconf 88' lang='grc' dir='ltr'>παντοίων</span> <span class='ocrx_word' id='word_1_326' title='bbox 1087 4094 1258 4172; x_wconf 86' lang='grc' dir='ltr'>σπερμάτων,</span> <span class='ocrx_word' id='word_1_327' title='bbox 1278 4099 1367 4171; x_wconf 80' lang='grc' dir='ltr'>κοπῆς</span> <span class='ocrx_word' id='word_1_328' title='bbox 1381 4092 1429 4153; x_wconf 89' lang='grc' dir='ltr'>καί</span> <span class='ocrx_word' id='word_1_329' title='bbox 1443 4115 1537 4154; x_wconf 89' lang='grc' dir='ltr'>κατα-</span> 
     </span>
     <span class='ocr_line' id='line_1_32' title="bbox 243 4210 1539 4296; baseline 0.002 -22"><span class='ocrx_word' id='word_1_330' title='bbox 243 4212 377 4290; x_wconf 85' lang='grc' dir='ltr'>βιβασμοῦ</span> <span class='ocrx_word' id='word_1_331' title='bbox 391 4212 560 4289; x_wconf 80' lang='grc' dir='ltr'>οίασδῆτινος</span> <span class='ocrx_word' id='word_1_332' title='bbox 574 4210 660 4290; x_wconf 85' lang='grc' dir='ltr'>ξυλῆς</span> <span class='ocrx_word' id='word_1_333' title='bbox 676 4217 694 4290; x_wconf 79' lang='grc' dir='ltr'>ἢ</span> <span class='ocrx_word' id='word_1_334' title='bbox 710 4213 897 4291; x_wconf 81' lang='grc' dir='ltr'>μετακομιδῆς</span> <span class='ocrx_word' id='word_1_335' title='bbox 913 4215 1005 4294; x_wconf 86' lang='grc' dir='ltr'>ἑτέρου</span> <span class='ocrx_word' id='word_1_336' title='bbox 1020 4213 1119 4292; x_wconf 79' lang='grc' dir='ltr'>εἴδους,</span> <span class='ocrx_word' id='word_1_337' title='bbox 1139 4214 1256 4294; x_wconf 86' lang='grc' dir='ltr'>πρίσεως</span> <span class='ocrx_word' id='word_1_338' title='bbox 1275 4214 1400 4296; x_wconf 90' lang='grc' dir='ltr'>σανίδων,</span> <span class='ocrx_word' id='word_1_339' title='bbox 1418 4215 1539 4288; x_wconf 88' lang='grc' dir='ltr'>κτίσεως</span> 
     </span>
     <span class='ocr_line' id='line_1_33' title="bbox 241 4331 1606 4420; baseline 0.004 -27"><span class='ocrx_word' id='word_1_340' title='bbox 241 4331 408 4414; x_wconf 79' lang='grc' dir='ltr'>χελανδίων,</span> <span class='ocrx_word' id='word_1_341' title='bbox 427 4335 573 4414; x_wconf 81' lang='grc' dir='ltr'>θγραρίων,</span> <span class='ocrx_word' id='word_1_342' title='bbox 598 4337 745 4415; x_wconf 83' lang='grc' dir='ltr'>ζερμῶνων</span> <span class='ocrx_word' id='word_1_343' title='bbox 763 4333 810 4395; x_wconf 90' lang='grc' dir='ltr'>καί</span> <span class='ocrx_word' id='word_1_344' title='bbox 826 4337 925 4416; x_wconf 87' lang='grc' dir='ltr'>ἐτέρων</span> <span class='ocrx_word' id='word_1_345' title='bbox 939 4335 1053 4412; x_wconf 89' lang='grc' dir='ltr'>πλοίων,</span> <span class='ocrx_word' id='word_1_346' title='bbox 1076 4335 1197 4412; x_wconf 78' lang='grc' dir='ltr'>ἐκβολῆς</span> <span class='ocrx_word' id='word_1_347' title='bbox 1211 4339 1384 4417; x_wconf 87' lang='grc' dir='ltr'>κονταράτων</span> <span class='ocrx_word' id='word_1_348' title='bbox 1398 4341 1417 4414; x_wconf 83' lang='grc' dir='ltr'>ῆ</span> <span class='ocrx_word' id='word_1_349' title='bbox 1433 4339 1537 4420; x_wconf 85' lang='grc' dir='ltr'>ἑτέρων</span> <span class='ocrx_word' id='word_1_350' title='bbox 1605 4361 1606 4368; x_wconf 56' lang='grc'><strong>“</strong></span> 
     </span>
    </p>
   </div>
   <div class='ocr_carea' id='block_1_3' title="bbox 242 4441 1537 4541">
    <p class='ocr_par' dir='ltr' id='par_1_3' title="bbox 242 4441 1537 4541">
     <span class='ocr_line' id='line_1_34' title="bbox 242 4441 1537 4541; baseline 0.005 -25"><span class='ocrx_word' id='word_1_351' title='bbox 242 4461 419 4536; x_wconf 85' lang='grc' dir='ltr'>στρατιωτῶν,</span> <span class='ocrx_word' id='word_1_352' title='bbox 439 4456 608 4534; x_wconf 88' lang='grc' dir='ltr'>καθίσματος</span> <span class='ocrx_word' id='word_1_353' title='bbox 621 4461 675 4517; x_wconf 89' lang='grc' dir='ltr'>τῶν</span> <span class='ocrx_word' id='word_1_354' title='bbox 692 4456 721 4516; x_wconf 89' lang='grc' dir='ltr'>έν</span> <span class='ocrx_word' id='word_1_355' title='bbox 737 4457 857 4538; x_wconf 81' lang='grc' dir='ltr'>ὑπεροχῇ</span> <span class='ocrx_word' id='word_1_356' title='bbox 872 4456 1023 4538; x_wconf 75' lang='grc' dir='ltr'>ἀρχόντων,</span> <span class='ocrx_word' id='word_1_357' title='bbox 1038 4461 1145 4538; x_wconf 82' lang='grc' dir='ltr'>κριτῶν,</span> <span class='ocrx_word' id='word_1_358' title='bbox 1162 4462 1329 4539; x_wconf 87' lang='grc' dir='ltr'>στρατηγῶν,</span> <span class='ocrx_word' id='word_1_359' title='bbox 1344 4441 1537 4541; x_wconf 82' lang='grc' dir='ltr'>ἀναγραφέων,</span> 
     </span>
    </p>
   </div>
   <div class='ocr_carea' id='block_1_4' title="bbox 241 4575 1538 4782">
    <p class='ocr_par' dir='ltr' id='par_1_4' title="bbox 241 4575 1538 4782">
     <span class='ocr_line' id='line_1_35' title="bbox 243 4575 1538 4663; baseline 0.002 -23"><span class='ocrx_word' id='word_1_360' title='bbox 243 4577 365 4640; x_wconf 85' lang='grc' dir='ltr'>ἐπυπτῶν</span> <span class='ocrx_word' id='word_1_361' title='bbox 379 4577 426 4640; x_wconf 90' lang='grc' dir='ltr'>καί</span> <span class='ocrx_word' id='word_1_362' title='bbox 441 4579 545 4640; x_wconf 89' lang='grc' dir='ltr'>λοιπῶν</span> <span class='ocrx_word' id='word_1_363' title='bbox 561 4579 726 4658; x_wconf 83' lang='grc' dir='ltr'>άπαιτητῶν,</span> <span class='ocrx_word' id='word_1_364' title='bbox 741 4583 866 4658; x_wconf 72' lang='grc' dir='ltr'>παρυχθς</span> <span class='ocrx_word' id='word_1_365' title='bbox 881 4579 1019 4640; x_wconf 80' lang='grc' dir='ltr'>κανισκίου</span> <span class='ocrx_word' id='word_1_366' title='bbox 1033 4581 1053 4654; x_wconf 85' lang='grc' dir='ltr'>ῆ</span> <span class='ocrx_word' id='word_1_367' title='bbox 1068 4575 1272 4660; x_wconf 84' lang='grc' dir='ltr'>ἀντικανισκίου,</span> <span class='ocrx_word' id='word_1_368' title='bbox 1293 4579 1416 4659; x_wconf 82' lang='grc' dir='ltr'>ἐκβολῆς</span> <span class='ocrx_word' id='word_1_369' title='bbox 1431 4589 1538 4663; x_wconf 89' lang='grc' dir='ltr'>χρειῶν</span> 
     </span>
     <span class='ocr_line' id='line_1_36' title="bbox 241 4698 1538 4782; baseline 0.004 -22"><span class='ocrx_word' id='word_1_370' title='bbox 241 4699 288 4761; x_wconf 84' lang='grc' dir='ltr'>καὶ</span> <span class='ocrx_word' id='word_1_371' title='bbox 316 4702 523 4782; x_wconf 83' lang='grc' dir='ltr'>χορτασμάτων,</span> <span class='ocrx_word' id='word_1_372' title='bbox 553 4703 691 4780; x_wconf 86' lang='grc' dir='ltr'>φοσσάτων</span> <span class='ocrx_word' id='word_1_373' title='bbox 725 4700 869 4780; x_wconf 75' lang='grc' dir='ltr'>διατροφῆς</span> <span class='ocrx_word' id='word_1_374' title='bbox 895 4698 942 4760; x_wconf 89' lang='grc' dir='ltr'>καὶ</span> <span class='ocrx_word' id='word_1_375' title='bbox 969 4700 1118 4776; x_wconf 79' lang='grc' dir='ltr'>ἀπλῆιιτων</span> <span class='ocrx_word' id='word_1_376' title='bbox 1146 4699 1189 4760; x_wconf 88' lang='grc' dir='ltr'>ἐπί</span> <span class='ocrx_word' id='word_1_377' title='bbox 1215 4701 1339 4778; x_wconf 83' lang='grc' dir='ltr'>πόλεμον</span> <span class='ocrx_word' id='word_1_378' title='bbox 1361 4703 1538 4782; x_wconf 79' lang='grc' dir='ltr'>άπιέντωνῆ</span> 
     </span>
    </p>
   </div>
   <div class='ocr_carea' id='block_1_5' title="bbox 0 0 1618 5294">
    <p class='ocr_par' dir='ltr' id='par_1_5' title="bbox 0 0 1618 5294">
     <span class='ocr_line' id='line_1_37' title="bbox 0 0 1618 5294; baseline 0 0"><span class='ocrx_word' id='word_1_379' title='bbox 0 0 1618 5294; x_wconf 95' lang='lat' dir='ltr'> </span> 
     </span>
    </p>
   </div>
  </div>
 </body>
</html>
