<?xml version="1.0" encoding="UTF-8"?>
<!DOCTYPE html PUBLIC "-//W3C//DTD XHTML 1.0 Transitional//EN"
    "http://www.w3.org/TR/xhtml1/DTD/xhtml1-transitional.dtd">
<html xmlns="http://www.w3.org/1999/xhtml" xml:lang="en" lang="en">
 <head>
  <title>
</title>
<meta http-equiv="Content-Type" content="text/html;charset=utf-8" />
  <meta name='ocr-system' content='tesseract 3.04.00' />
  <meta name='ocr-capabilities' content='ocr_page ocr_carea ocr_par ocr_line ocrx_word'/>
</head>
<body>
  <div class='ocr_page' id='page_1' title='image "./actaetdiplomata02miklgoog_0339.png"; bbox 0 0 3162 5278; ppageno 0'>
   <div class='ocr_carea' id='block_1_1' title="bbox 268 359 333 424">
    <p class='ocr_par' dir='ltr' id='par_1_1' title="bbox 268 359 333 424">
     <span class='ocr_line' id='line_1_1' title="bbox 268 359 333 424; baseline -0.031 0"><span class='ocrx_word' id='word_1_1' title='bbox 268 359 333 424; x_wconf 82' lang='lat'><strong>324</strong></span> 
     </span>
    </p>
   </div>
   <div class='ocr_carea' id='block_1_2' title="bbox 266 548 1561 2828">
    <p class='ocr_par' dir='ltr' id='par_1_2' title="bbox 266 548 1561 2828">
     <span class='ocr_line' id='line_1_2' title="bbox 266 548 1561 634; baseline -0.004 -21"><span class='ocrx_word' id='word_1_2' title='bbox 266 555 297 613; x_wconf 79' lang='grc' dir='ltr'><strong>τ“ο</strong></span> <span class='ocrx_word' id='word_1_3' title='bbox 323 551 428 613; x_wconf 86' lang='grc' dir='ltr'><strong>κουτίου</strong></span> <span class='ocrx_word' id='word_1_4' title='bbox 457 552 530 632; x_wconf 75' lang='grc' dir='ltr'><strong>αύτό,</strong></span> <span class='ocrx_word' id='word_1_5' title='bbox 557 551 602 611; x_wconf 90' lang='grc' dir='ltr'><strong>ἵνα</strong></span> <span class='ocrx_word' id='word_1_6' title='bbox 626 548 729 634; x_wconf 73' lang='grc' dir='ltr'><strong>ἀξιωθῇ</strong></span> <span class='ocrx_word' id='word_1_7' title='bbox 755 551 829 632; x_wconf 84' lang='grc' dir='ltr'><strong>παρὰ</strong></span> <span class='ocrx_word' id='word_1_8' title='bbox 857 553 920 611; x_wconf 80' lang='grc' dir='ltr'><strong>θεοῦ</strong></span> <span class='ocrx_word' id='word_1_9' title='bbox 944 549 1053 623; x_wconf 77' lang='grc' dir='ltr'><strong>ἐπάξιον</strong></span> <span class='ocrx_word' id='word_1_10' title='bbox 1082 552 1126 611; x_wconf 81' lang='grc' dir='ltr'><strong>τὀν</strong></span> <span class='ocrx_word' id='word_1_11' title='bbox 1150 551 1244 625; x_wconf 87' lang='grc' dir='ltr'><strong>μισθδν</strong></span> <span class='ocrx_word' id='word_1_12' title='bbox 1268 555 1317 626; x_wconf 81' lang='grc' dir='ltr'><strong>τῆς</strong></span> <span class='ocrx_word' id='word_1_13' title='bbox 1338 549 1467 626; x_wconf 78' lang='grc' dir='ltr'><strong>τοιαύτης</strong></span> <span class='ocrx_word' id='word_1_14' title='bbox 1490 552 1561 608; x_wconf 69' lang='grc' dir='ltr'><strong>αἰτοῖ</strong></span> 
     </span>
     <span class='ocr_line' id='line_1_3' title="bbox 266 668 1559 756; baseline -0.003 -21"><span class='ocrx_word' id='word_1_15' title='bbox 266 676 466 756; x_wconf 87' lang='grc' dir='ltr'><strong>προαιρέσεως·</strong></span> <span class='ocrx_word' id='word_1_16' title='bbox 496 672 543 734; x_wconf 86' lang='grc' dir='ltr'><strong>καί</strong></span> <span class='ocrx_word' id='word_1_17' title='bbox 569 675 623 755; x_wconf 87' lang='grc' dir='ltr'><strong>γὰρ</strong></span> <span class='ocrx_word' id='word_1_18' title='bbox 655 673 773 754; x_wconf 75' lang='grc' dir='ltr'><strong>«ἱλαρόν</strong></span> <span class='ocrx_word' id='word_1_19' title='bbox 804 672 886 750; x_wconf 82' lang='grc' dir='ltr'><strong>δότην</strong></span> <span class='ocrx_word' id='word_1_20' title='bbox 917 668 1013 752; x_wconf 86' lang='grc' dir='ltr'><strong>ἀγαπά</strong></span> <span class='ocrx_word' id='word_1_21' title='bbox 1045 673 1059 732; x_wconf 88' lang='grc' dir='ltr'><strong>ό</strong></span> <span class='ocrx_word' id='word_1_22' title='bbox 1088 673 1188 751; x_wconf 74' lang='grc' dir='ltr'><strong>θεός»,</strong></span> <span class='ocrx_word' id='word_1_23' title='bbox 1222 673 1315 744; x_wconf 86' lang='grc' dir='ltr'><strong>καθῶς</strong></span> <span class='ocrx_word' id='word_1_24' title='bbox 1347 672 1381 732; x_wconf 84' lang='grc' dir='ltr'><strong>τά</strong></span> <span class='ocrx_word' id='word_1_25' title='bbox 1415 671 1477 751; x_wconf 80' lang='grc' dir='ltr'><strong>ἱερά</strong></span> <span class='ocrx_word' id='word_1_26' title='bbox 1505 695 1559 750; x_wconf 81' lang='grc' dir='ltr'><strong>ῳητι</strong></span> 
     </span>
     <span class='ocr_line' id='line_1_4' title="bbox 267 792 1559 876; baseline -0.003 -20"><span class='ocrx_word' id='word_1_27' title='bbox 267 799 366 875; x_wconf 89' lang='grc' dir='ltr'><strong>λόγια·</strong></span> <span class='ocrx_word' id='word_1_28' title='bbox 396 797 522 868; x_wconf 78' lang='grc' dir='ltr'>ὡσαύτως</span> <span class='ocrx_word' id='word_1_29' title='bbox 549 795 596 856; x_wconf 87' lang='grc' dir='ltr'><strong>καί</strong></span> <span class='ocrx_word' id='word_1_30' title='bbox 622 798 652 856; x_wconf 81' lang='grc' dir='ltr'><strong>τό</strong></span> <span class='ocrx_word' id='word_1_31' title='bbox 679 795 751 876; x_wconf 84' lang='grc' dir='ltr'><strong>ῖερδν</strong></span> <span class='ocrx_word' id='word_1_32' title='bbox 779 795 843 854; x_wconf 81' lang='grc' dir='ltr'><strong>αἰντδ</strong></span> <span class='ocrx_word' id='word_1_33' title='bbox 870 793 918 854; x_wconf 89' lang='grc' dir='ltr'><strong>καί</strong></span> <span class='ocrx_word' id='word_1_34' title='bbox 945 792 1091 870; x_wconf 86' lang='grc' dir='ltr'><strong>σεβάσμιον</strong></span> <span class='ocrx_word' id='word_1_35' title='bbox 1120 795 1297 874; x_wconf 74' lang='grc' dir='ltr'><strong>μσνασιηριον</strong></span> <span class='ocrx_word' id='word_1_36' title='bbox 1324 793 1395 868; x_wconf 82' lang='grc' dir='ltr'><strong>μετὰ</strong></span> <span class='ocrx_word' id='word_1_37' title='bbox 1422 799 1477 854; x_wconf 89' lang='grc' dir='ltr'><strong>τῶν</strong></span> <span class='ocrx_word' id='word_1_38' title='bbox 1500 795 1559 852; x_wconf 86' lang='grc' dir='ltr'><strong>ἐνο-</strong></span> 
     </span>
     <span class='ocr_line' id='line_1_5' title="bbox 267 914 1559 998; baseline -0.003 -20"><span class='ocrx_word' id='word_1_39' title='bbox 267 921 424 994; x_wconf 88' lang='grc' dir='ltr'><strong>σκσυμένων</strong></span> <span class='ocrx_word' id='word_1_40' title='bbox 451 919 481 978; x_wconf 89' lang='grc' dir='ltr'><strong>ἐν</strong></span> <span class='ocrx_word' id='word_1_41' title='bbox 509 917 580 996; x_wconf 83' lang='grc' dir='ltr'><strong>αύτῷ</strong></span> <span class='ocrx_word' id='word_1_42' title='bbox 607 920 731 998; x_wconf 78' lang='grc' dir='ltr'><strong>πατέρων</strong></span> <span class='ocrx_word' id='word_1_43' title='bbox 759 917 804 976; x_wconf 88' lang='grc' dir='ltr'><strong>διά</strong></span> <span class='ocrx_word' id='word_1_44' title='bbox 830 921 879 991; x_wconf 76' lang='grc' dir='ltr'><strong>της</strong></span> <span class='ocrx_word' id='word_1_45' title='bbox 902 917 1048 996; x_wconf 86' lang='grc' dir='ltr'><strong>θεαρέστου</strong></span> <span class='ocrx_word' id='word_1_46' title='bbox 1070 915 1145 990; x_wconf 89' lang='grc' dir='ltr'><strong>ύμῶν</strong></span> <span class='ocrx_word' id='word_1_47' title='bbox 1169 915 1359 992; x_wconf 79' lang='grc' dir='ltr'><strong>ἐλεημοσύνης</strong></span> <span class='ocrx_word' id='word_1_48' title='bbox 1380 914 1430 975; x_wconf 89' lang='grc' dir='ltr'><strong>καί</strong></span> <span class='ocrx_word' id='word_1_49' title='bbox 1453 917 1559 994; x_wconf 85' lang='grc' dir='ltr'><strong>συνδρο-</strong></span> 
     </span>
     <span class='ocr_line' id='line_1_6' title="bbox 269 1036 1558 1122; baseline -0.003 -22"><span class='ocrx_word' id='word_1_50' title='bbox 269 1047 324 1117; x_wconf 82' lang='grc' dir='ltr'><strong>μῆς</strong></span> <span class='ocrx_word' id='word_1_51' title='bbox 350 1042 448 1118; x_wconf 85' lang='grc' dir='ltr'><strong>ταύτης</strong></span> <span class='ocrx_word' id='word_1_52' title='bbox 476 1041 576 1122; x_wconf 78' lang='grc' dir='ltr'>δυνηθῇ</span> <span class='ocrx_word' id='word_1_53' title='bbox 604 1041 690 1120; x_wconf 74' lang='grc' dir='ltr'><strong>εὑρεῖν</strong></span> <span class='ocrx_word' id='word_1_54' title='bbox 718 1037 816 1117; x_wconf 89' lang='grc' dir='ltr'><strong>όλίγην</strong></span> <span class='ocrx_word' id='word_1_55' title='bbox 844 1039 933 1096; x_wconf 87' lang='grc' dir='ltr'><strong>ἀνεσιν</strong></span> <span class='ocrx_word' id='word_1_56' title='bbox 961 1036 1006 1096; x_wconf 90' lang='grc' dir='ltr'><strong>καὶ</strong></span> <span class='ocrx_word' id='word_1_57' title='bbox 1035 1037 1188 1117; x_wconf 82' lang='grc' dir='ltr'><strong>ἐλάρρωσιν</strong></span> <span class='ocrx_word' id='word_1_58' title='bbox 1214 1043 1262 1112; x_wconf 83' lang='grc' dir='ltr'><strong>τῆς</strong></span> <span class='ocrx_word' id='word_1_59' title='bbox 1291 1038 1469 1113; x_wconf 78' lang='grc' dir='ltr'><strong>ἐπικειμένης</strong></span> <span class='ocrx_word' id='word_1_60' title='bbox 1497 1037 1558 1116; x_wconf 75' lang='grc' dir='ltr'><strong>αἰντῐρ</strong></span> 
     </span>
     <span class='ocr_line' id='line_1_7' title="bbox 268 1157 1559 1242; baseline -0.006 -19"><span class='ocrx_word' id='word_1_61' title='bbox 268 1164 392 1241; x_wconf 82' lang='grc' dir='ltr'><strong>ἀνάγκης</strong></span> <span class='ocrx_word' id='word_1_62' title='bbox 413 1161 460 1222; x_wconf 88' lang='grc' dir='ltr'><strong>καὶ</strong></span> <span class='ocrx_word' id='word_1_63' title='bbox 483 1161 679 1242; x_wconf 74' lang='grc' dir='ltr'><strong>στενοχωρίας,</strong></span> <span class='ocrx_word' id='word_1_64' title='bbox 702 1159 862 1240; x_wconf 88' lang='grc' dir='ltr'><strong>κυβέρνησίν</strong></span> <span class='ocrx_word' id='word_1_65' title='bbox 881 1180 912 1218; x_wconf 92' lang='grc' dir='ltr'><strong>τε</strong></span> <span class='ocrx_word' id='word_1_66' title='bbox 934 1157 980 1218; x_wconf 85' lang='grc' dir='ltr'><strong>καί</strong></span> <span class='ocrx_word' id='word_1_67' title='bbox 1003 1159 1124 1218; x_wconf 89' lang='grc' dir='ltr'><strong>σύστασιν</strong></span> <span class='ocrx_word' id='word_1_68' title='bbox 1146 1157 1193 1220; x_wconf 87' lang='grc' dir='ltr'><strong>καί</strong></span> <span class='ocrx_word' id='word_1_69' title='bbox 1217 1159 1401 1238; x_wconf 84' lang='grc' dir='ltr'><strong>άνενόχλητον</strong></span> <span class='ocrx_word' id='word_1_70' title='bbox 1425 1159 1559 1238; x_wconf 62' lang='grc' dir='ltr'><strong>διαγωγὴν</strong></span> 
     </span>
     <span class='ocr_line' id='line_1_8' title="bbox 268 1279 1559 1362; baseline -0.005 -17"><span class='ocrx_word' id='word_1_71' title='bbox 268 1291 317 1362; x_wconf 80' lang='grc' dir='ltr'><strong>τῆς</strong></span> <span class='ocrx_word' id='word_1_72' title='bbox 345 1283 496 1361; x_wconf 74' lang='grc' dir='ltr'><strong>μοναδικῆς</strong></span> <span class='ocrx_word' id='word_1_73' title='bbox 522 1286 715 1354; x_wconf 81' lang='grc' dir='ltr'><strong>καταστάσεως</strong></span> <span class='ocrx_word' id='word_1_74' title='bbox 742 1289 795 1342; x_wconf 91' lang='grc' dir='ltr'><strong>τῶν</strong></span> <span class='ocrx_word' id='word_1_75' title='bbox 823 1282 1045 1356; x_wconf 83' lang='grc' dir='ltr'><strong>συνασκουμένων</strong></span> <span class='ocrx_word' id='word_1_76' title='bbox 1071 1279 1118 1340; x_wconf 89' lang='grc' dir='ltr'><strong>καί</strong></span> <span class='ocrx_word' id='word_1_77' title='bbox 1145 1283 1400 1360; x_wconf 76' lang='grc' dir='ltr'><strong>συναγωνιζομένων</strong></span> <span class='ocrx_word' id='word_1_78' title='bbox 1423 1283 1473 1342; x_wconf 86' lang='grc' dir='ltr'><strong>καὶ</strong></span> <span class='ocrx_word' id='word_1_79' title='bbox 1496 1283 1559 1340; x_wconf 84' lang='grc' dir='ltr'><strong>ἐπα-</strong></span> 
     </span>
     <span class='ocr_line' id='line_1_9' title="bbox 267 1401 1558 1486; baseline -0.005 -20"><span class='ocrx_word' id='word_1_80' title='bbox 267 1408 453 1485; x_wconf 86' lang='grc' dir='ltr'><strong>γρυπνούντων</strong></span> <span class='ocrx_word' id='word_1_81' title='bbox 481 1405 509 1464; x_wconf 89' lang='grc' dir='ltr'><strong>ἐν</strong></span> <span class='ocrx_word' id='word_1_82' title='bbox 538 1404 610 1483; x_wconf 79' lang='grc' dir='ltr'><strong>αἰιτῷ</strong></span> <span class='ocrx_word' id='word_1_83' title='bbox 637 1405 716 1486; x_wconf 84' lang='grc' dir='ltr'><strong>ἱερῶν</strong></span> <span class='ocrx_word' id='word_1_84' title='bbox 744 1404 849 1485; x_wconf 84' lang='grc' dir='ltr'><strong>ἀνδρῶν</strong></span> <span class='ocrx_word' id='word_1_85' title='bbox 875 1401 922 1464; x_wconf 91' lang='grc' dir='ltr'><strong>καί</strong></span> <span class='ocrx_word' id='word_1_86' title='bbox 946 1404 1084 1479; x_wconf 79' lang='grc' dir='ltr'><strong>δεομένων</strong></span> <span class='ocrx_word' id='word_1_87' title='bbox 1109 1403 1227 1476; x_wconf 82' lang='grc' dir='ltr'><strong>ἐκτενῶς</strong></span> <span class='ocrx_word' id='word_1_88' title='bbox 1252 1409 1298 1464; x_wconf 83' lang='grc' dir='ltr'><strong>τοῦ</strong></span> <span class='ocrx_word' id='word_1_89' title='bbox 1321 1405 1478 1480; x_wconf 84' lang='grc' dir='ltr'><strong>ἐλεήμσνος</strong></span> <span class='ocrx_word' id='word_1_90' title='bbox 1503 1405 1558 1461; x_wconf 79' lang='grc' dir='ltr'><strong>θεοῦ</strong></span> 
     </span>
     <span class='ocr_line' id='line_1_10' title="bbox 267 1523 1558 1608; baseline -0.003 -22"><span class='ocrx_word' id='word_1_91' title='bbox 267 1529 334 1608; x_wconf 78' lang='grc' dir='ltr'><strong>ὑπὲρ</strong></span> <span class='ocrx_word' id='word_1_92' title='bbox 362 1529 483 1606; x_wconf 81' lang='grc' dir='ltr'><strong>ἀρέοεως</strong></span> <span class='ocrx_word' id='word_1_93' title='bbox 509 1533 563 1588; x_wconf 89' lang='grc' dir='ltr'><strong>τῶν</strong></span> <span class='ocrx_word' id='word_1_94' title='bbox 591 1529 738 1608; x_wconf 77' lang='grc' dir='ltr'><strong>ἁμαρτιῶν,</strong></span> <span class='ocrx_word' id='word_1_95' title='bbox 766 1527 859 1605; x_wconf 82' lang='grc' dir='ltr'><strong>ύγείας</strong></span> <span class='ocrx_word' id='word_1_96' title='bbox 886 1525 932 1586; x_wconf 89' lang='grc' dir='ltr'><strong>καί</strong></span> <span class='ocrx_word' id='word_1_97' title='bbox 959 1525 1094 1606; x_wconf 83' lang='grc' dir='ltr'><strong>σωτηρίας</strong></span> <span class='ocrx_word' id='word_1_98' title='bbox 1119 1523 1226 1586; x_wconf 89' lang='grc' dir='ltr'><strong>πάντων</strong></span> <span class='ocrx_word' id='word_1_99' title='bbox 1253 1533 1306 1586; x_wconf 90' lang='grc' dir='ltr'><strong>τῶν</strong></span> <span class='ocrx_word' id='word_1_100' title='bbox 1335 1527 1489 1586; x_wconf 81' lang='grc' dir='ltr'><strong>ἐλεούντων</strong></span> <span class='ocrx_word' id='word_1_101' title='bbox 1515 1525 1558 1584; x_wconf 80' lang='grc' dir='ltr'><strong>αυ-</strong></span> 
     </span>
     <span class='ocr_line' id='line_1_11' title="bbox 267 1644 1558 1732; baseline -0.005 -22"><span class='ocrx_word' id='word_1_102' title='bbox 267 1651 329 1722; x_wconf 83' lang='grc' dir='ltr'><strong>τούς</strong></span> <span class='ocrx_word' id='word_1_103' title='bbox 351 1655 523 1732; x_wconf 78' lang='grc' dir='ltr'><strong>χριστιανῶν,</strong></span> <span class='ocrx_word' id='word_1_104' title='bbox 546 1644 584 1710; x_wconf 82' lang='grc' dir='ltr'><strong>ὧν</strong></span> <span class='ocrx_word' id='word_1_105' title='bbox 607 1652 665 1722; x_wconf 84' lang='grc' dir='ltr'><strong>ταῖς</strong></span> <span class='ocrx_word' id='word_1_106' title='bbox 689 1651 812 1724; x_wconf 80' lang='grc' dir='ltr'><strong>δεήσεσιν</strong></span> <span class='ocrx_word' id='word_1_107' title='bbox 836 1651 1073 1725; x_wconf 86' lang='grc' dir='ltr'><strong>ἐπικαμπτόμενος</strong></span> <span class='ocrx_word' id='word_1_108' title='bbox 1099 1649 1115 1708; x_wconf 83' lang='grc' dir='ltr'><strong>δ</strong></span> <span class='ocrx_word' id='word_1_109' title='bbox 1136 1649 1226 1728; x_wconf 80' lang='grc' dir='ltr'><strong>κύριος</strong></span> <span class='ocrx_word' id='word_1_110' title='bbox 1249 1649 1484 1726; x_wconf 81' lang='grc' dir='ltr'><strong>ἀντικαταπέμψσι</strong></span> <span class='ocrx_word' id='word_1_111' title='bbox 1505 1649 1558 1723; x_wconf 81' lang='grc' dir='ltr'><strong>ύμῖν</strong></span> 
     </span>
     <span class='ocr_line' id='line_1_12' title="bbox 267 1765 1557 1852; baseline -0.004 -21"><span class='ocrx_word' id='word_1_112' title='bbox 267 1772 384 1832; x_wconf 87' lang='grc' dir='ltr'><strong>πλούσια</strong></span> <span class='ocrx_word' id='word_1_113' title='bbox 410 1769 445 1832; x_wconf 88' lang='grc' dir='ltr'><strong>τάι</strong></span> <span class='ocrx_word' id='word_1_114' title='bbox 468 1773 535 1849; x_wconf 85' lang='grc' dir='ltr'><strong>ἐλέη</strong></span> <span class='ocrx_word' id='word_1_115' title='bbox 560 1773 640 1833; x_wconf 78' lang='grc' dir='ltr'><strong>αἰτοῖ</strong></span> <span class='ocrx_word' id='word_1_116' title='bbox 663 1772 695 1832; x_wconf 90' lang='grc' dir='ltr'><strong>ἐκ</strong></span> <span class='ocrx_word' id='word_1_117' title='bbox 716 1777 769 1831; x_wconf 91' lang='grc' dir='ltr'><strong>τῶν</strong></span> <span class='ocrx_word' id='word_1_118' title='bbox 793 1773 937 1832; x_wconf 83' lang='grc' dir='ltr'><strong>ἀκενῶτων</strong></span> <span class='ocrx_word' id='word_1_119' title='bbox 962 1773 1041 1832; x_wconf 80' lang='grc' dir='ltr'><strong>αἰτοῦ</strong></span> <span class='ocrx_word' id='word_1_120' title='bbox 1063 1773 1205 1852; x_wconf 85' lang='grc' dir='ltr'><strong>θησαυρῶν</strong></span> <span class='ocrx_word' id='word_1_121' title='bbox 1231 1771 1278 1831; x_wconf 91' lang='grc' dir='ltr'><strong>καὶ</strong></span> <span class='ocrx_word' id='word_1_122' title='bbox 1302 1765 1358 1852; x_wconf 83' lang='grc' dir='ltr'><strong>δῴη</strong></span> <span class='ocrx_word' id='word_1_123' title='bbox 1382 1772 1445 1846; x_wconf 78' lang='grc' dir='ltr'><strong>ὑμῖν</strong></span> <span class='ocrx_word' id='word_1_124' title='bbox 1468 1791 1498 1830; x_wconf 90' lang='grc' dir='ltr'><strong>τε</strong></span> <span class='ocrx_word' id='word_1_125' title='bbox 1519 1769 1557 1828; x_wconf 77' lang='grc' dir='ltr'><strong>κεί</strong></span> 
     </span>
     <span class='ocr_line' id='line_1_13' title="bbox 267 1891 1557 1978; baseline -0.001 -26"><span class='ocrx_word' id='word_1_126' title='bbox 267 1897 324 1966; x_wconf 89' lang='grc' dir='ltr'><strong>τοῖς</strong></span> <span class='ocrx_word' id='word_1_127' title='bbox 350 1895 454 1965; x_wconf 86' lang='grc' dir='ltr'><strong>τέκνοις</strong></span> <span class='ocrx_word' id='word_1_128' title='bbox 482 1895 556 1970; x_wconf 83' lang='grc' dir='ltr'><strong>ἀμῶν</strong></span> <span class='ocrx_word' id='word_1_129' title='bbox 583 1896 632 1969; x_wconf 84' lang='grc' dir='ltr'><strong>τὴν</strong></span> <span class='ocrx_word' id='word_1_130' title='bbox 660 1894 790 1973; x_wconf 77' lang='grc' dir='ltr'><strong>εὐλογίαν</strong></span> <span class='ocrx_word' id='word_1_131' title='bbox 813 1895 951 1978; x_wconf 81' lang='grc' dir='ltr'><strong>Ἀβραάμ,</strong></span> <span class='ocrx_word' id='word_1_132' title='bbox 975 1894 1072 1954; x_wconf 77' lang='grc' dir='ltr'><strong>Ἰσαὰκ</strong></span> <span class='ocrx_word' id='word_1_133' title='bbox 1097 1891 1144 1953; x_wconf 88' lang='grc' dir='ltr'><strong>καὶ</strong></span> <span class='ocrx_word' id='word_1_134' title='bbox 1168 1891 1271 1968; x_wconf 82' lang='grc' dir='ltr'><strong>Ἰακὼβ</strong></span> <span class='ocrx_word' id='word_1_135' title='bbox 1297 1893 1344 1952; x_wconf 82' lang='grc' dir='ltr'><strong>καί</strong></span> <span class='ocrx_word' id='word_1_136' title='bbox 1371 1893 1477 1973; x_wconf 76' lang='grc' dir='ltr'><strong>εύλογῇ</strong></span> <span class='ocrx_word' id='word_1_137' title='bbox 1505 1895 1557 1962; x_wconf 76' lang='grc' dir='ltr'><strong>τους</strong></span> 
     </span>
     <span class='ocr_line' id='line_1_14' title="bbox 267 2007 1557 2097; baseline -0.002 -23"><span class='ocrx_word' id='word_1_138' title='bbox 267 2017 368 2088; x_wconf 85' lang='grc' dir='ltr'><strong>κόπους</strong></span> <span class='ocrx_word' id='word_1_139' title='bbox 397 2015 472 2090; x_wconf 82' lang='grc' dir='ltr'><strong>ὑμῶν</strong></span> <span class='ocrx_word' id='word_1_140' title='bbox 501 2013 549 2074; x_wconf 90' lang='grc' dir='ltr'><strong>καὶ</strong></span> <span class='ocrx_word' id='word_1_141' title='bbox 575 2016 700 2096; x_wconf 79' lang='grc' dir='ltr'><strong>πληθθνη</strong></span> <span class='ocrx_word' id='word_1_142' title='bbox 730 2013 776 2077; x_wconf 86' lang='grc' dir='ltr'><strong>καὶ</strong></span> <span class='ocrx_word' id='word_1_143' title='bbox 804 2012 907 2097; x_wconf 80' lang='grc' dir='ltr'><strong>αἰιξάνη</strong></span> <span class='ocrx_word' id='word_1_144' title='bbox 933 2015 967 2075; x_wconf 91' lang='grc' dir='ltr'><strong>τά</strong></span> <span class='ocrx_word' id='word_1_145' title='bbox 993 2015 1150 2096; x_wconf 85' lang='grc' dir='ltr'><strong>ὑπάρχοντα</strong></span> <span class='ocrx_word' id='word_1_146' title='bbox 1176 2014 1252 2091; x_wconf 82' lang='grc' dir='ltr'><strong>ὑμῶν</strong></span> <span class='ocrx_word' id='word_1_147' title='bbox 1278 2013 1325 2074; x_wconf 86' lang='grc' dir='ltr'><strong>καί</strong></span> <span class='ocrx_word' id='word_1_148' title='bbox 1351 2014 1435 2084; x_wconf 80' lang='grc' dir='ltr'><strong>τέλος</strong></span> <span class='ocrx_word' id='word_1_149' title='bbox 1464 2007 1557 2090; x_wconf 70' lang='grc' dir='ltr'><strong>ἀξιῶσι,</strong></span> 
     </span>
     <span class='ocr_line' id='line_1_15' title="bbox 268 2135 1558 2218; baseline 0.002 -24"><span class='ocrx_word' id='word_1_150' title='bbox 268 2137 338 2212; x_wconf 82' lang='grc' dir='ltr'><strong>ὑμᾶς</strong></span> <span class='ocrx_word' id='word_1_151' title='bbox 364 2135 411 2197; x_wconf 89' lang='grc' dir='ltr'><strong>καί</strong></span> <span class='ocrx_word' id='word_1_152' title='bbox 437 2143 486 2212; x_wconf 77' lang='grc' dir='ltr'><strong>τῆς</strong></span> <span class='ocrx_word' id='word_1_153' title='bbox 513 2137 634 2218; x_wconf 81' lang='grc' dir='ltr'><strong>σύρανίσυ</strong></span> <span class='ocrx_word' id='word_1_154' title='bbox 658 2140 735 2198; x_wconf 75' lang='grc' dir='ltr'><strong>αυτοῦ</strong></span> <span class='ocrx_word' id='word_1_155' title='bbox 759 2138 911 2212; x_wconf 84' lang='grc' dir='ltr'><strong>βασιλείας.</strong></span> <span class='ocrx_word' id='word_1_156' title='bbox 941 2137 989 2198; x_wconf 90' lang='grc' dir='ltr'><strong>καί</strong></span> <span class='ocrx_word' id='word_1_157' title='bbox 1012 2139 1081 2197; x_wconf 82' lang='grc' dir='ltr'><strong>σθτω</strong></span> <span class='ocrx_word' id='word_1_158' title='bbox 1105 2137 1155 2214; x_wconf 86' lang='grc' dir='ltr'><strong>μὲν</strong></span> <span class='ocrx_word' id='word_1_159' title='bbox 1176 2141 1316 2210; x_wconf 84' lang='grc' dir='ltr'><strong>ποιοῦντες</strong></span> <span class='ocrx_word' id='word_1_160' title='bbox 1344 2137 1418 2212; x_wconf 81' lang='grc' dir='ltr'><strong>εἴητε</strong></span> <span class='ocrx_word' id='word_1_161' title='bbox 1442 2137 1558 2213; x_wconf 77' lang='grc' dir='ltr'><strong>σύλσγη-</strong></span> 
     </span>
     <span class='ocr_line' id='line_1_16' title="bbox 268 2256 1557 2341; baseline 0.001 -25"><span class='ocrx_word' id='word_1_162' title='bbox 268 2259 345 2332; x_wconf 88' lang='grc' dir='ltr'><strong>μένοι</strong></span> <span class='ocrx_word' id='word_1_163' title='bbox 371 2256 419 2317; x_wconf 90' lang='grc' dir='ltr'><strong>καὶ</strong></span> <span class='ocrx_word' id='word_1_164' title='bbox 443 2259 685 2338; x_wconf 77' lang='grc' dir='ltr'><strong>συγκεχωρημένα</strong></span> <span class='ocrx_word' id='word_1_165' title='bbox 711 2259 786 2338; x_wconf 82' lang='grc' dir='ltr'><strong>παρὰ</strong></span> <span class='ocrx_word' id='word_1_166' title='bbox 807 2261 923 2341; x_wconf 81' lang='grc' dir='ltr'><strong>πατρός,</strong></span> <span class='ocrx_word' id='word_1_167' title='bbox 946 2259 1002 2318; x_wconf 80' lang='grc' dir='ltr'><strong>υἱοῦ</strong></span> <span class='ocrx_word' id='word_1_168' title='bbox 1023 2259 1070 2320; x_wconf 89' lang='grc' dir='ltr'><strong>καὶ</strong></span> <span class='ocrx_word' id='word_1_169' title='bbox 1094 2259 1171 2338; x_wconf 86' lang='grc' dir='ltr'><strong>ἀγίου</strong></span> <span class='ocrx_word' id='word_1_170' title='bbox 1193 2261 1356 2339; x_wconf 81' lang='grc' dir='ltr'><strong>πνεύματος,</strong></span> <span class='ocrx_word' id='word_1_171' title='bbox 1380 2263 1427 2320; x_wconf 82' lang='grc' dir='ltr'><strong>τοῦ</strong></span> <span class='ocrx_word' id='word_1_172' title='bbox 1451 2260 1557 2338; x_wconf 75' lang='grc' dir='ltr'><strong>ἐνέςτῇ</strong></span> 
     </span>
     <span class='ocr_line' id='line_1_17' title="bbox 267 2377 1557 2459; baseline 0 -21"><span class='ocrx_word' id='word_1_173' title='bbox 267 2380 341 2458; x_wconf 77' lang='grc' dir='ltr'><strong>φύσει</strong></span> <span class='ocrx_word' id='word_1_174' title='bbox 356 2380 440 2455; x_wconf 88' lang='grc' dir='ltr'><strong>μόνου</strong></span> <span class='ocrx_word' id='word_1_175' title='bbox 459 2380 532 2458; x_wconf 70' lang='grc' dir='ltr'><strong>θεοῦ,</strong></span> <span class='ocrx_word' id='word_1_176' title='bbox 556 2379 585 2438; x_wconf 89' lang='grc' dir='ltr'><strong>ἐν</strong></span> <span class='ocrx_word' id='word_1_177' title='bbox 607 2377 644 2458; x_wconf 80' lang='grc' dir='ltr'><strong>τῷ</strong></span> <span class='ocrx_word' id='word_1_178' title='bbox 667 2384 712 2438; x_wconf 83' lang='grc' dir='ltr'><strong>νύν</strong></span> <span class='ocrx_word' id='word_1_179' title='bbox 736 2377 812 2440; x_wconf 85' lang='grc' dir='ltr'><strong>αἰῶνι</strong></span> <span class='ocrx_word' id='word_1_180' title='bbox 835 2379 881 2440; x_wconf 88' lang='grc' dir='ltr'><strong>καὶ</strong></span> <span class='ocrx_word' id='word_1_181' title='bbox 905 2379 995 2459; x_wconf 79' lang='grc' dir='ltr'><strong>ἐντῷ</strong></span> <span class='ocrx_word' id='word_1_182' title='bbox 1018 2381 1161 2456; x_wconf 87' lang='grc' dir='ltr'><strong>μέλλοντι.</strong></span> <span class='ocrx_word' id='word_1_183' title='bbox 1184 2382 1215 2453; x_wconf 84' lang='grc' dir='ltr'><strong>δς</strong></span> <span class='ocrx_word' id='word_1_184' title='bbox 1238 2381 1262 2440; x_wconf 83' lang='grc' dir='ltr'><strong>δ’</strong></span> <span class='ocrx_word' id='word_1_185' title='bbox 1280 2381 1312 2441; x_wconf 78' lang='grc' dir='ltr'><strong>όν</strong></span> <span class='ocrx_word' id='word_1_186' title='bbox 1334 2402 1374 2451; x_wconf 87' lang='grc' dir='ltr'><strong>τις</strong></span> <span class='ocrx_word' id='word_1_187' title='bbox 1396 2387 1453 2440; x_wconf 87' lang='grc' dir='ltr'><strong>τῶν</strong></span> <span class='ocrx_word' id='word_1_188' title='bbox 1476 2383 1557 2440; x_wconf 82' lang='grc' dir='ltr'><strong>σῖτόν·</strong></span> 
     </span>
     <span class='ocr_line' id='line_1_18' title="bbox 267 2500 1557 2584; baseline -0.001 -24"><span class='ocrx_word' id='word_1_189' title='bbox 267 2522 320 2560; x_wconf 89' lang='grc' dir='ltr'><strong>των</strong></span> <span class='ocrx_word' id='word_1_190' title='bbox 350 2501 480 2584; x_wconf 80' lang='grc' dir='ltr'><strong>τολμήση</strong></span> <span class='ocrx_word' id='word_1_191' title='bbox 510 2500 702 2577; x_wconf 67' lang='grc' dir='ltr'><strong>ἐναντιωθῆναι</strong></span> <span class='ocrx_word' id='word_1_192' title='bbox 731 2501 778 2562; x_wconf 85' lang='grc' dir='ltr'><strong>καί</strong></span> <span class='ocrx_word' id='word_1_193' title='bbox 809 2502 943 2562; x_wconf 82' lang='grc' dir='ltr'><strong>ἀντειπεῖν</strong></span> <span class='ocrx_word' id='word_1_194' title='bbox 974 2507 1031 2576; x_wconf 89' lang='grc' dir='ltr'><strong>τοῖς</strong></span> <span class='ocrx_word' id='word_1_195' title='bbox 1060 2503 1088 2562; x_wconf 90' lang='grc' dir='ltr'><strong>ἐν</strong></span> <span class='ocrx_word' id='word_1_196' title='bbox 1115 2502 1154 2582; x_wconf 79' lang='grc' dir='ltr'><strong>τῷ</strong></span> <span class='ocrx_word' id='word_1_197' title='bbox 1180 2505 1291 2584; x_wconf 88' lang='grc' dir='ltr'><strong>παρόντι</strong></span> <span class='ocrx_word' id='word_1_198' title='bbox 1318 2501 1467 2575; x_wconf 78' lang='grc' dir='ltr'><strong>συνοδεκῶς</strong></span> <span class='ocrx_word' id='word_1_199' title='bbox 1496 2503 1557 2560; x_wconf 85' lang='grc' dir='ltr'><strong>ἀτο-</strong></span> 
     </span>
     <span class='ocr_line' id='line_1_19' title="bbox 268 2621 1557 2708; baseline 0.002 -26"><span class='ocrx_word' id='word_1_200' title='bbox 268 2623 387 2702; x_wconf 83' lang='grc' dir='ltr'><strong>φανθεῖσι</strong></span> <span class='ocrx_word' id='word_1_201' title='bbox 420 2621 466 2682; x_wconf 89' lang='grc' dir='ltr'><strong>καί</strong></span> <span class='ocrx_word' id='word_1_202' title='bbox 500 2625 704 2703; x_wconf 88' lang='grc' dir='ltr'><strong>γεγραμμένοις</strong></span> <span class='ocrx_word' id='word_1_203' title='bbox 737 2627 755 2699; x_wconf 77' lang='grc' dir='ltr'><strong>ἡ</strong></span> <span class='ocrx_word' id='word_1_204' title='bbox 791 2625 959 2708; x_wconf 83' lang='grc' dir='ltr'><strong>ἐπιχειρισθῇ</strong></span> <span class='ocrx_word' id='word_1_205' title='bbox 988 2645 1054 2686; x_wconf 90' lang='grc' dir='ltr'><strong>ποτε</strong></span> <span class='ocrx_word' id='word_1_206' title='bbox 1088 2626 1236 2705; x_wconf 76' lang='grc' dir='ltr'><strong>ἀνατρέψαι</strong></span> <span class='ocrx_word' id='word_1_207' title='bbox 1269 2623 1316 2684; x_wconf 86' lang='grc' dir='ltr'><strong>καί</strong></span> <span class='ocrx_word' id='word_1_208' title='bbox 1350 2625 1486 2686; x_wconf 77' lang='grc' dir='ltr'><strong>διασεῖσαι</strong></span> <span class='ocrx_word' id='word_1_209' title='bbox 1517 2624 1557 2697; x_wconf 79' lang='grc' dir='ltr'><strong>τἠν</strong></span> 
     </span>
     <span class='ocr_line' id='line_1_20' title="bbox 268 2743 1556 2828; baseline -0.002 -23"><span class='ocrx_word' id='word_1_210' title='bbox 268 2743 391 2805; x_wconf 88' lang='grc' dir='ltr'><strong>σύστασιν</strong></span> <span class='ocrx_word' id='word_1_211' title='bbox 418 2744 464 2804; x_wconf 88' lang='grc' dir='ltr'><strong>καὶ</strong></span> <span class='ocrx_word' id='word_1_212' title='bbox 487 2745 633 2826; x_wconf 83' lang='grc' dir='ltr'><strong>περιροράν</strong></span> <span class='ocrx_word' id='word_1_213' title='bbox 656 2750 701 2806; x_wconf 83' lang='grc' dir='ltr'><strong>τοῦ</strong></span> <span class='ocrx_word' id='word_1_214' title='bbox 725 2746 854 2827; x_wconf 78' lang='grc' dir='ltr'><strong>ῥηθέντος</strong></span> <span class='ocrx_word' id='word_1_215' title='bbox 876 2747 982 2808; x_wconf 90' lang='grc' dir='ltr'><strong>κουτίου</strong></span> <span class='ocrx_word' id='word_1_216' title='bbox 1008 2745 1055 2806; x_wconf 88' lang='grc' dir='ltr'><strong>καί</strong></span> <span class='ocrx_word' id='word_1_217' title='bbox 1079 2745 1223 2822; x_wconf 80' lang='grc' dir='ltr'><strong>ἐμποδίσαι</strong></span> <span class='ocrx_word' id='word_1_218' title='bbox 1246 2747 1380 2826; x_wconf 82' lang='grc' dir='ltr'><strong>σίῳδήτινι</strong></span> <span class='ocrx_word' id='word_1_219' title='bbox 1403 2749 1496 2828; x_wconf 88' lang='grc' dir='ltr'><strong>τρόπῳ</strong></span> <span class='ocrx_word' id='word_1_220' title='bbox 1515 2747 1556 2821; x_wconf 73' lang='grc' dir='ltr'><strong>τὴν</strong></span> 
     </span>
    </p>
   </div>
   <div class='ocr_carea' id='block_1_3' title="bbox 267 2863 1555 2950">
    <p class='ocr_par' dir='ltr' id='par_1_3' title="bbox 267 2863 1555 2950">
     <span class='ocr_line' id='line_1_21' title="bbox 267 2863 1555 2950; baseline 0.002 -26"><span class='ocrx_word' id='word_1_221' title='bbox 267 2867 455 2943; x_wconf 86' lang='grc' dir='ltr'><strong>συναγομένην</strong></span> <span class='ocrx_word' id='word_1_222' title='bbox 482 2867 669 2944; x_wconf 86' lang='grc' dir='ltr'><strong>ἐλεημοσύνην</strong></span> <span class='ocrx_word' id='word_1_223' title='bbox 695 2863 770 2948; x_wconf 78' lang='grc' dir='ltr'><strong>παρὰ</strong></span> <span class='ocrx_word' id='word_1_224' title='bbox 797 2871 850 2928; x_wconf 86' lang='grc' dir='ltr'><strong>τῶν</strong></span> <span class='ocrx_word' id='word_1_225' title='bbox 878 2869 997 2944; x_wconf 73' lang='grc' dir='ltr'><strong>εὐσεβῶν</strong></span> <span class='ocrx_word' id='word_1_226' title='bbox 1024 2875 1185 2950; x_wconf 88' lang='grc' dir='ltr'><strong>χριστιανῶν</strong></span> <span class='ocrx_word' id='word_1_227' title='bbox 1209 2870 1252 2930; x_wconf 87' lang='grc' dir='ltr'><strong>ἐπ’</strong></span> <span class='ocrx_word' id='word_1_228' title='bbox 1276 2871 1388 2946; x_wconf 78' lang='grc' dir='ltr'><strong>ὀνόματι</strong></span> <span class='ocrx_word' id='word_1_229' title='bbox 1410 2874 1459 2929; x_wconf 80' lang='grc' dir='ltr'><strong>τοῦ</strong></span> <span class='ocrx_word' id='word_1_230' title='bbox 1483 2870 1555 2946; x_wconf 71' lang='grc' dir='ltr'><strong>ἐντί,</strong></span> 
     </span>
    </p>
   </div>
   <div class='ocr_carea' id='block_1_4' title="bbox 266 2985 1554 3072">
    <p class='ocr_par' dir='ltr' id='par_1_4' title="bbox 266 2985 1554 3072">
     <span class='ocr_line' id='line_1_22' title="bbox 266 2985 1554 3072; baseline -0.001 -25"><span class='ocrx_word' id='word_1_231' title='bbox 266 2991 341 3068; x_wconf 84' lang='grc' dir='ltr'><strong>νήσῳ</strong></span> <span class='ocrx_word' id='word_1_232' title='bbox 364 2985 470 3069; x_wconf 83' lang='grc' dir='ltr'><strong>Πάτμῳ</strong></span> <span class='ocrx_word' id='word_1_233' title='bbox 499 2987 641 3070; x_wconf 84' lang='grc' dir='ltr'><strong>εἰρημένου</strong></span> <span class='ocrx_word' id='word_1_234' title='bbox 668 2989 816 3066; x_wconf 85' lang='grc' dir='ltr'><strong>σεβασμίου</strong></span> <span class='ocrx_word' id='word_1_235' title='bbox 844 2995 1035 3072; x_wconf 84' lang='grc' dir='ltr'><strong>μσυαστηρίου,</strong></span> <span class='ocrx_word' id='word_1_236' title='bbox 1063 2993 1173 3068; x_wconf 88' lang='grc' dir='ltr'><strong>βλάβην</strong></span> <span class='ocrx_word' id='word_1_237' title='bbox 1196 3012 1226 3052; x_wconf 90' lang='grc' dir='ltr'><strong>τε</strong></span> <span class='ocrx_word' id='word_1_238' title='bbox 1254 2991 1360 3054; x_wconf 86' lang='grc' dir='ltr'><strong>οίανσῖνν</strong></span> <span class='ocrx_word' id='word_1_239' title='bbox 1389 2990 1439 3051; x_wconf 90' lang='grc' dir='ltr'><strong>καί</strong></span> <span class='ocrx_word' id='word_1_240' title='bbox 1466 2989 1554 3066; x_wconf 79' lang='grc' dir='ltr'><strong>ζημίαι</strong></span> 
     </span>
    </p>
   </div>
   <div class='ocr_carea' id='block_1_5' title="bbox 195 3107 1554 4784">
    <p class='ocr_par' dir='ltr' id='par_1_5' title="bbox 195 3107 1554 4784">
     <span class='ocr_line' id='line_1_23' title="bbox 266 3107 1554 3195; baseline 0.007 -26"><span class='ocrx_word' id='word_1_241' title='bbox 266 3107 432 3190; x_wconf 77' lang='grc' dir='ltr'><strong>προξενῆσαι</strong></span> <span class='ocrx_word' id='word_1_242' title='bbox 459 3115 515 3184; x_wconf 90' lang='grc' dir='ltr'><strong>τοῖς</strong></span> <span class='ocrx_word' id='word_1_243' title='bbox 538 3113 748 3187; x_wconf 84' lang='grc' dir='ltr'><strong>ἑνασκουμένοις</strong></span> <span class='ocrx_word' id='word_1_244' title='bbox 771 3109 843 3191; x_wconf 83' lang='grc' dir='ltr'><strong>αἰιτῷ</strong></span> <span class='ocrx_word' id='word_1_245' title='bbox 865 3116 1007 3195; x_wconf 86' lang='grc' dir='ltr'><strong>πατράσιν,</strong></span> <span class='ocrx_word' id='word_1_246' title='bbox 1031 3114 1046 3172; x_wconf 88' lang='grc' dir='ltr'><strong>ό</strong></span> <span class='ocrx_word' id='word_1_247' title='bbox 1067 3118 1194 3194; x_wconf 79' lang='grc' dir='ltr'><strong>τοιοῦτος,</strong></span> <span class='ocrx_word' id='word_1_248' title='bbox 1218 3114 1314 3186; x_wconf 77' lang='grc' dir='ltr'><strong>ὁποίας</strong></span> <span class='ocrx_word' id='word_1_249' title='bbox 1336 3117 1369 3173; x_wconf 86' lang='grc' dir='ltr'><strong>ἀν</strong></span> <span class='ocrx_word' id='word_1_250' title='bbox 1393 3113 1437 3190; x_wconf 87' lang='grc' dir='ltr'><strong>εἰη</strong></span> <span class='ocrx_word' id='word_1_251' title='bbox 1460 3110 1554 3184; x_wconf 73' lang='grc' dir='ltr'><strong>τάξεως</strong></span> 
     </span>
     <span class='ocr_line' id='line_1_24' title="bbox 265 3230 1553 3319; baseline 0.008 -28"><span class='ocrx_word' id='word_1_252' title='bbox 265 3230 312 3291; x_wconf 88' lang='grc' dir='ltr'><strong>καὶ</strong></span> <span class='ocrx_word' id='word_1_253' title='bbox 339 3231 431 3292; x_wconf 77' lang='grc' dir='ltr'><strong>ὁποίου</strong></span> <span class='ocrx_word' id='word_1_254' title='bbox 459 3233 574 3311; x_wconf 84' lang='grc' dir='ltr'><strong>βαθμοῦ,</strong></span> <span class='ocrx_word' id='word_1_255' title='bbox 602 3233 753 3312; x_wconf 89' lang='grc' dir='ltr'><strong>ίερωμένος</strong></span> <span class='ocrx_word' id='word_1_256' title='bbox 775 3237 793 3310; x_wconf 77' lang='grc' dir='ltr'>ἢ</span> <span class='ocrx_word' id='word_1_257' title='bbox 815 3233 929 3316; x_wconf 76' lang='grc' dir='ltr'><strong>λαϊνός,</strong></span> <span class='ocrx_word' id='word_1_258' title='bbox 957 3235 1142 3318; x_wconf 73' lang='grc' dir='ltr'><strong>ἀφωρισμένος</strong></span> <span class='ocrx_word' id='word_1_259' title='bbox 1169 3237 1278 3319; x_wconf 78' lang='grc' dir='ltr'><strong>ὑπάρχῃ</strong></span> <span class='ocrx_word' id='word_1_260' title='bbox 1304 3237 1380 3318; x_wconf 78' lang='grc' dir='ltr'><strong>παρὰ</strong></span> <span class='ocrx_word' id='word_1_261' title='bbox 1406 3241 1457 3312; x_wconf 84' lang='grc' dir='ltr'><strong>τῆς</strong></span> <span class='ocrx_word' id='word_1_262' title='bbox 1484 3233 1553 3312; x_wconf 65' lang='grc' dir='ltr'><strong>ἁγία-ἴ</strong></span> 
     </span>
     <span class='ocr_line' id='line_1_25' title="bbox 265 3351 1551 3437; baseline 0.004 -26"><span class='ocrx_word' id='word_1_263' title='bbox 265 3351 311 3412; x_wconf 86' lang='grc' dir='ltr'><strong>καὶ</strong></span> <span class='ocrx_word' id='word_1_264' title='bbox 339 3353 480 3429; x_wconf 90' lang='grc' dir='ltr'><strong>όμοουσίου</strong></span> <span class='ocrx_word' id='word_1_265' title='bbox 506 3353 553 3414; x_wconf 85' lang='grc' dir='ltr'><strong>καὶ</strong></span> <span class='ocrx_word' id='word_1_266' title='bbox 580 3356 712 3426; x_wconf 81' lang='grc' dir='ltr'><strong>ζωοποιοῦ</strong></span> <span class='ocrx_word' id='word_1_267' title='bbox 738 3353 785 3414; x_wconf 90' lang='grc' dir='ltr'><strong>καί</strong></span> <span class='ocrx_word' id='word_1_268' title='bbox 813 3355 964 3435; x_wconf 82' lang='grc' dir='ltr'><strong>ἀδιαιρέτου</strong></span> <span class='ocrx_word' id='word_1_269' title='bbox 990 3357 1100 3437; x_wconf 86' lang='grc' dir='ltr'><strong>τριάδος</strong></span> <span class='ocrx_word' id='word_1_270' title='bbox 1126 3354 1173 3418; x_wconf 89' lang='grc' dir='ltr'><strong>καί</strong></span> <span class='ocrx_word' id='word_1_271' title='bbox 1194 3359 1386 3436; x_wconf 87' lang='grc' dir='ltr'><strong>κατηραμένος</strong></span> <span class='ocrx_word' id='word_1_272' title='bbox 1408 3356 1457 3418; x_wconf 92' lang='grc' dir='ltr'><strong>καί</strong></span> <span class='ocrx_word' id='word_1_273' title='bbox 1480 3357 1551 3434; x_wconf 88' lang='grc' dir='ltr'><strong>ἀσυγ-</strong></span> 
     </span>
     <span class='ocr_line' id='line_1_26' title="bbox 265 3475 1550 3558; baseline 0.002 -25"><span class='ocrx_word' id='word_1_274' title='bbox 265 3477 392 3554; x_wconf 85' lang='grc' dir='ltr'><strong>χώρητος</strong></span> <span class='ocrx_word' id='word_1_275' title='bbox 420 3475 467 3536; x_wconf 88' lang='grc' dir='ltr'><strong>καί</strong></span> <span class='ocrx_word' id='word_1_276' title='bbox 498 3476 569 3551; x_wconf 85' lang='grc' dir='ltr'><strong>μετὰ</strong></span> <span class='ocrx_word' id='word_1_277' title='bbox 597 3479 712 3538; x_wconf 89' lang='grc' dir='ltr'><strong>θάνατον</strong></span> <span class='ocrx_word' id='word_1_278' title='bbox 743 3477 844 3550; x_wconf 86' lang='grc' dir='ltr'><strong>άλυτος</strong></span> <span class='ocrx_word' id='word_1_279' title='bbox 874 3479 903 3538; x_wconf 88' lang='grc' dir='ltr'><strong>ἐν</strong></span> <span class='ocrx_word' id='word_1_280' title='bbox 932 3478 970 3558; x_wconf 81' lang='grc' dir='ltr'><strong>τῷ</strong></span> <span class='ocrx_word' id='word_1_281' title='bbox 997 3483 1042 3540; x_wconf 82' lang='grc' dir='ltr'><strong>νῦν</strong></span> <span class='ocrx_word' id='word_1_282' title='bbox 1070 3478 1146 3540; x_wconf 88' lang='grc' dir='ltr'><strong>αἰῶνι</strong></span> <span class='ocrx_word' id='word_1_283' title='bbox 1172 3479 1220 3540; x_wconf 89' lang='grc' dir='ltr'><strong>καὶ</strong></span> <span class='ocrx_word' id='word_1_284' title='bbox 1248 3477 1337 3558; x_wconf 81' lang='grc' dir='ltr'><strong>ἐντῷ</strong></span> <span class='ocrx_word' id='word_1_285' title='bbox 1360 3479 1495 3556; x_wconf 85' lang='grc' dir='ltr'><strong>μέλλοντι</strong></span> <span class='ocrx_word' id='word_1_286' title='bbox 1514 3475 1550 3536; x_wconf 75' lang='grc' dir='ltr'><strong>καὶ</strong></span> 
     </span>
     <span class='ocr_line' id='line_1_27' title="bbox 265 3597 1551 3680; baseline 0.004 -27"><span class='ocrx_word' id='word_1_287' title='bbox 265 3597 365 3668; x_wconf 89' lang='grc' dir='ltr'><strong>πάσαις</strong></span> <span class='ocrx_word' id='word_1_288' title='bbox 391 3599 451 3668; x_wconf 87' lang='grc' dir='ltr'><strong>ταῖς</strong></span> <span class='ocrx_word' id='word_1_289' title='bbox 477 3601 620 3678; x_wconf 80' lang='grc' dir='ltr'><strong>πατρικαῖς</strong></span> <span class='ocrx_word' id='word_1_290' title='bbox 645 3599 693 3659; x_wconf 86' lang='grc' dir='ltr'><strong>καὶ</strong></span> <span class='ocrx_word' id='word_1_291' title='bbox 720 3598 874 3672; x_wconf 88' lang='grc' dir='ltr'><strong>συνοδικαῖς</strong></span> <span class='ocrx_word' id='word_1_292' title='bbox 901 3601 979 3680; x_wconf 82' lang='grc' dir='ltr'><strong>ἀραῖς</strong></span> <span class='ocrx_word' id='word_1_293' title='bbox 1005 3599 1052 3660; x_wconf 86' lang='grc' dir='ltr'><strong>καὶ</strong></span> <span class='ocrx_word' id='word_1_294' title='bbox 1079 3599 1117 3680; x_wconf 80' lang='grc' dir='ltr'><strong>τῷ</strong></span> <span class='ocrx_word' id='word_1_295' title='bbox 1141 3599 1241 3680; x_wconf 87' lang='grc' dir='ltr'><strong>αἰωνίῳ</strong></span> <span class='ocrx_word' id='word_1_296' title='bbox 1264 3601 1417 3676; x_wconf 87' lang='grc' dir='ltr'><strong>ἀναθέματι</strong></span> <span class='ocrx_word' id='word_1_297' title='bbox 1438 3601 1551 3667; x_wconf 76' lang='grc' dir='ltr'><strong>ὑπόδικος</strong></span> 
     </span>
     <span class='ocr_line' id='line_1_28' title="bbox 266 3715 1550 3804; baseline 0.002 -28"><span class='ocrx_word' id='word_1_298' title='bbox 266 3715 313 3776; x_wconf 90' lang='grc' dir='ltr'><strong>καὶ</strong></span> <span class='ocrx_word' id='word_1_299' title='bbox 337 3717 434 3796; x_wconf 85' lang='grc' dir='ltr'><strong>ἔνοχος</strong></span> <span class='ocrx_word' id='word_1_300' title='bbox 457 3723 503 3780; x_wconf 84' lang='grc' dir='ltr'><strong>τοῦ</strong></span> <span class='ocrx_word' id='word_1_301' title='bbox 525 3721 608 3800; x_wconf 84' lang='grc' dir='ltr'><strong>πυρός</strong></span> <span class='ocrx_word' id='word_1_302' title='bbox 630 3727 678 3796; x_wconf 72' lang='grc' dir='ltr'><strong>τῆς</strong></span> <span class='ocrx_word' id='word_1_303' title='bbox 701 3723 817 3800; x_wconf 87' lang='grc' dir='ltr'><strong>γεέννης</strong></span> <span class='ocrx_word' id='word_1_304' title='bbox 843 3721 890 3782; x_wconf 90' lang='grc' dir='ltr'><strong>καί</strong></span> <span class='ocrx_word' id='word_1_305' title='bbox 911 3725 929 3796; x_wconf 74' lang='grc' dir='ltr'><strong>ί,</strong></span> <span class='ocrx_word' id='word_1_306' title='bbox 953 3722 1032 3802; x_wconf 85' lang='grc' dir='ltr'><strong>μερίς</strong></span> <span class='ocrx_word' id='word_1_307' title='bbox 1054 3723 1133 3784; x_wconf 84' lang='grc' dir='ltr'><strong>αδτοῦ</strong></span> <span class='ocrx_word' id='word_1_308' title='bbox 1156 3723 1226 3800; x_wconf 84' lang='grc' dir='ltr'><strong>μετά</strong></span> <span class='ocrx_word' id='word_1_309' title='bbox 1249 3727 1295 3784; x_wconf 76' lang='grc' dir='ltr'><strong>τοῦ</strong></span> <span class='ocrx_word' id='word_1_310' title='bbox 1316 3723 1450 3804; x_wconf 81' lang='grc' dir='ltr'><strong>προδότου</strong></span> <span class='ocrx_word' id='word_1_311' title='bbox 1473 3720 1550 3782; x_wconf 79' lang='grc' dir='ltr'><strong>Ἰούδα</strong></span> 
     </span>
     <span class='ocr_line' id='line_1_29' title="bbox 265 3835 1550 3925; baseline 0.009 -27"><span class='ocrx_word' id='word_1_312' title='bbox 265 3835 311 3898; x_wconf 86' lang='grc' dir='ltr'><strong>καί</strong></span> <span class='ocrx_word' id='word_1_313' title='bbox 342 3845 396 3898; x_wconf 92' lang='grc' dir='ltr'><strong>τῶν</strong></span> <span class='ocrx_word' id='word_1_314' title='bbox 426 3841 574 3920; x_wconf 88' lang='grc' dir='ltr'><strong>θεομάχων</strong></span> <span class='ocrx_word' id='word_1_315' title='bbox 604 3841 753 3906; x_wconf 84' lang='grc' dir='ltr'><strong>Ἰουδαίων.</strong></span> <span class='ocrx_word' id='word_1_316' title='bbox 789 3844 851 3904; x_wconf 89' lang='grc' dir='ltr'><strong>όθεν</strong></span> <span class='ocrx_word' id='word_1_317' title='bbox 882 3841 921 3914; x_wconf 81' lang='grc' dir='ltr'><strong>είς</strong></span> <span class='ocrx_word' id='word_1_318' title='bbox 952 3841 1067 3916; x_wconf 82' lang='grc' dir='ltr'><strong>ἔνδειξιν</strong></span> <span class='ocrx_word' id='word_1_319' title='bbox 1099 3843 1146 3905; x_wconf 89' lang='grc' dir='ltr'><strong>καί</strong></span> <span class='ocrx_word' id='word_1_320' title='bbox 1182 3845 1295 3922; x_wconf 84' lang='grc' dir='ltr'><strong>διηνεκῆ</strong></span> <span class='ocrx_word' id='word_1_321' title='bbox 1327 3845 1481 3925; x_wconf 79' lang='grc' dir='ltr'><strong>ἀσφάλειαν</strong></span> <span class='ocrx_word' id='word_1_322' title='bbox 1510 3847 1550 3916; x_wconf 68' lang='grc' dir='ltr'><strong>τῆς</strong></span> 
     </span>
     <span class='ocr_line' id='line_1_30' title="bbox 195 3961 1548 4047; baseline 0.004 -29"><span class='ocrx_word' id='word_1_323' title='bbox 195 4001 198 4006; x_wconf 91' lang='grc'>-</span> <span class='ocrx_word' id='word_1_324' title='bbox 264 3961 416 4037; x_wconf 83' lang='grc' dir='ltr'><strong>γενομένης</strong></span> <span class='ocrx_word' id='word_1_325' title='bbox 435 3961 490 4040; x_wconf 83' lang='grc' dir='ltr'><strong>ἤδη</strong></span> <span class='ocrx_word' id='word_1_326' title='bbox 512 3964 655 4040; x_wconf 87' lang='grc' dir='ltr'><strong>συνοδικῆς</strong></span> <span class='ocrx_word' id='word_1_327' title='bbox 678 3963 841 4045; x_wconf 81' lang='grc' dir='ltr'><strong>ἀποφάσεως</strong></span> <span class='ocrx_word' id='word_1_328' title='bbox 863 3964 925 4046; x_wconf 87' lang='grc' dir='ltr'><strong>περὶ</strong></span> <span class='ocrx_word' id='word_1_329' title='bbox 947 3969 994 4026; x_wconf 83' lang='grc' dir='ltr'><strong>τοῦ</strong></span> <span class='ocrx_word' id='word_1_330' title='bbox 1015 3967 1207 4047; x_wconf 88' lang='grc' dir='ltr'><strong>περιέρχεσθαι</strong></span> <span class='ocrx_word' id='word_1_331' title='bbox 1230 3965 1436 4044; x_wconf 85' lang='grc' dir='ltr'><strong>ἀνεμποδίστως</strong></span> <span class='ocrx_word' id='word_1_332' title='bbox 1457 3963 1548 4026; x_wconf 82' lang='grc' dir='ltr'><strong>κσυτίον</strong></span> 
     </span>
     <span class='ocr_line' id='line_1_31' title="bbox 264 4080 1547 4168; baseline 0.007 -30"><span class='ocrx_word' id='word_1_333' title='bbox 264 4080 453 4159; x_wconf 81' lang='grc' dir='ltr'><strong>ἐλεημοσύνης</strong></span> <span class='ocrx_word' id='word_1_334' title='bbox 480 4103 515 4143; x_wconf 88' lang='grc' dir='ltr'><strong>επ</strong></span> <span class='ocrx_word' id='word_1_335' title='bbox 547 4103 657 4158; x_wconf 88' lang='grc' dir='ltr'><strong>ονοματι</strong></span> <span class='ocrx_word' id='word_1_336' title='bbox 684 4090 732 4160; x_wconf 78' lang='grc' dir='ltr'><strong>τῆς</strong></span> <span class='ocrx_word' id='word_1_337' title='bbox 757 4085 785 4144; x_wconf 93' lang='grc' dir='ltr'><strong>ἐν</strong></span> <span class='ocrx_word' id='word_1_338' title='bbox 807 4092 840 4167; x_wconf 71' lang='grc' dir='ltr'><strong>τῇ</strong></span> <span class='ocrx_word' id='word_1_339' title='bbox 863 4089 937 4168; x_wconf 75' lang='grc' dir='ltr'><strong>νήσῳ</strong></span> <span class='ocrx_word' id='word_1_340' title='bbox 961 4087 1065 4168; x_wconf 91' lang='grc' dir='ltr'><strong>Πάτμῳ</strong></span> <span class='ocrx_word' id='word_1_341' title='bbox 1093 4089 1244 4166; x_wconf 88' lang='grc' dir='ltr'><strong>σεβασμίας</strong></span> <span class='ocrx_word' id='word_1_342' title='bbox 1271 4095 1358 4166; x_wconf 77' lang='grc' dir='ltr'><strong>μονῆς</strong></span> <span class='ocrx_word' id='word_1_343' title='bbox 1382 4085 1547 4168; x_wconf 69' lang='grc' dir='ltr'><strong>ἐγένετοκαὶ</strong></span> 
     </span>
     <span class='ocr_line' id='line_1_32' title="bbox 264 4203 1546 4293; baseline 0.006 -33"><span class='ocrx_word' id='word_1_344' title='bbox 264 4203 294 4261; x_wconf 82' lang='grc' dir='ltr'><strong>τό</strong></span> <span class='ocrx_word' id='word_1_345' title='bbox 321 4205 406 4282; x_wconf 86' lang='grc' dir='ltr'><strong>παρδν</strong></span> <span class='ocrx_word' id='word_1_346' title='bbox 434 4203 574 4266; x_wconf 76' lang='grc' dir='ltr'><strong>συνοδυκδν</strong></span> <span class='ocrx_word' id='word_1_347' title='bbox 600 4207 735 4288; x_wconf 85' lang='grc' dir='ltr'><strong>ἡμέτερον</strong></span> <span class='ocrx_word' id='word_1_348' title='bbox 761 4210 956 4290; x_wconf 75' lang='grc' dir='ltr'><strong>πατριαρχίκδν</strong></span> <span class='ocrx_word' id='word_1_349' title='bbox 984 4211 1227 4292; x_wconf 77' lang='grc' dir='ltr'><strong>ἐπιβεβαιωτηριον</strong></span> <span class='ocrx_word' id='word_1_350' title='bbox 1254 4214 1372 4293; x_wconf 81' lang='grc' dir='ltr'><strong>γράμμα</strong></span> <span class='ocrx_word' id='word_1_351' title='bbox 1400 4210 1448 4271; x_wconf 83' lang='grc' dir='ltr'><strong>καί</strong></span> <span class='ocrx_word' id='word_1_352' title='bbox 1479 4209 1546 4280; x_wconf 79' lang='grc' dir='ltr'><strong>ἐδέθη</strong></span> 
     </span>
     <span class='ocr_line' id='line_1_33' title="bbox 263 4323 1547 4414; baseline 0.013 -34"><span class='ocrx_word' id='word_1_353' title='bbox 263 4325 319 4394; x_wconf 87' lang='grc' dir='ltr'><strong>τοῖς</strong></span> <span class='ocrx_word' id='word_1_354' title='bbox 344 4323 372 4382; x_wconf 85' lang='grc' dir='ltr'><strong>ἐν</strong></span> <span class='ocrx_word' id='word_1_355' title='bbox 394 4329 428 4404; x_wconf 83' lang='grc' dir='ltr'><strong>τῇ</strong></span> <span class='ocrx_word' id='word_1_356' title='bbox 452 4332 521 4408; x_wconf 75' lang='grc' dir='ltr'><strong>μονῇ</strong></span> <span class='ocrx_word' id='word_1_357' title='bbox 543 4328 625 4410; x_wconf 76' lang='grc' dir='ltr'><strong>ταύτῃ</strong></span> <span class='ocrx_word' id='word_1_358' title='bbox 648 4331 772 4408; x_wconf 88' lang='grc' dir='ltr'><strong>πατράσι.</strong></span> <span class='ocrx_word' id='word_1_359' title='bbox 799 4329 915 4412; x_wconf 52' lang='grc' dir='ltr'><strong>,αψκαζ</strong></span> <span class='ocrx_word' id='word_1_360' title='bbox 940 4331 972 4391; x_wconf 93' lang='grc' dir='ltr'><strong>ἐν</strong></span> <span class='ocrx_word' id='word_1_361' title='bbox 989 4331 1065 4410; x_wconf 89' lang='grc' dir='ltr'><strong>μηνί</strong></span> <span class='ocrx_word' id='word_1_362' title='bbox 1086 4329 1212 4414; x_wconf 80' lang='grc' dir='ltr'><strong>ἰουλίῳ,</strong></span> <span class='ocrx_word' id='word_1_363' title='bbox 1236 4332 1448 4406; x_wconf 89' lang='grc' dir='ltr'><strong>ίνδικτιῶνος</strong></span> <span class='ocrx_word' id='word_1_364' title='bbox 1471 4329 1510 4392; x_wconf 86' lang='grc' dir='ltr'><strong>ιδ’.</strong></span> <span class='ocrx_word' id='word_1_365' title='bbox 1530 4329 1547 4397; x_wconf 74' lang='grc' dir='ltr'><strong>ί</strong></span> 
     </span>
     <span class='ocr_line' id='line_1_34' title="bbox 366 4445 1423 4537; baseline 0.016 -35"><span class='ocrx_word' id='word_1_366' title='bbox 366 4447 387 4524; x_wconf 89' lang='lat'>†</span> <span class='ocrx_word' id='word_1_367' title='bbox 410 4445 445 4504; x_wconf 75' lang='grc' dir='ltr'>Ὀ</span> <span class='ocrx_word' id='word_1_368' title='bbox 470 4445 716 4527; x_wconf 89' lang='grc' dir='ltr'><strong>Ἱεροσολύμων</strong></span> <span class='ocrx_word' id='word_1_369' title='bbox 740 4451 773 4509; x_wconf 88' lang='grc' dir='ltr'><strong>ἐν</strong></span> <span class='ocrx_word' id='word_1_370' title='bbox 794 4453 957 4528; x_wconf 84' lang='grc' dir='ltr'><strong>πνεύματι</strong></span> <span class='ocrx_word' id='word_1_371' title='bbox 980 4455 1064 4535; x_wconf 91' lang='grc' dir='ltr'><strong>άγίῳ</strong></span> <span class='ocrx_word' id='word_1_372' title='bbox 1087 4457 1377 4537; x_wconf 85' lang='grc' dir='ltr'><strong>συναπσραίνεται.</strong></span> <span class='ocrx_word' id='word_1_373' title='bbox 1401 4457 1423 4536; x_wconf 94' lang='lat'>†</span> 
     </span>
     <span class='ocr_line' id='line_1_35' title="bbox 263 4563 1409 4660; baseline 0.018 -39"><span class='ocrx_word' id='word_1_374' title='bbox 263 4563 342 4642; x_wconf 79' lang='lat'><strong>†‘0</strong></span> <span class='ocrx_word' id='word_1_375' title='bbox 366 4564 512 4636; x_wconf 84' lang='grc' dir='ltr'><strong>Κυζίκου</strong></span> <span class='ocrx_word' id='word_1_376' title='bbox 534 4567 723 4643; x_wconf 82' lang='grc' dir='ltr'><strong>Αἰιξέντιος.</strong></span> <span class='ocrx_word' id='word_1_377' title='bbox 747 4572 768 4651; x_wconf 87' lang='lat'>†</span> <span class='ocrx_word' id='word_1_378' title='bbox 936 4577 1014 4656; x_wconf 79' lang='lat'><strong>†‘0</strong></span> <span class='ocrx_word' id='word_1_379' title='bbox 1038 4577 1172 4658; x_wconf 86' lang='grc' dir='ltr'><strong>Δέρκων</strong></span> <span class='ocrx_word' id='word_1_380' title='bbox 1196 4577 1362 4655; x_wconf 80' lang='grc' dir='ltr'><strong>Ἄνθιμος.</strong></span> <span class='ocrx_word' id='word_1_381' title='bbox 1387 4583 1409 4660; x_wconf 91' lang='lat'>†</span> 
     </span>
     <span class='ocr_line' id='line_1_36' title="bbox 262 4683 1446 4784; baseline 0.019 -43"><span class='ocrx_word' id='word_1_382' title='bbox 262 4683 283 4760; x_wconf 90' lang='lat'>†</span> <span class='ocrx_word' id='word_1_383' title='bbox 307 4684 342 4742; x_wconf 85' lang='lat'><strong>‘0</strong></span> <span class='ocrx_word' id='word_1_384' title='bbox 365 4685 586 4760; x_wconf 82' lang='grc' dir='ltr'><strong>Χαλκηδόνος</strong></span> <span class='ocrx_word' id='word_1_385' title='bbox 611 4690 804 4766; x_wconf 85' lang='grc' dir='ltr'><strong>Παρθένιος.</strong></span> <span class='ocrx_word' id='word_1_386' title='bbox 825 4697 846 4774; x_wconf 90' lang='lat'>†</span> <span class='ocrx_word' id='word_1_387' title='bbox 935 4699 956 4776; x_wconf 93' lang='lat'><em>†</em></span> <span class='ocrx_word' id='word_1_388' title='bbox 979 4697 1015 4756; x_wconf 88' lang='lat'><strong>‘0</strong></span> <span class='ocrx_word' id='word_1_389' title='bbox 1038 4698 1183 4772; x_wconf 83' lang='grc' dir='ltr'><strong>Νικαίας</strong></span> <span class='ocrx_word' id='word_1_390' title='bbox 1205 4701 1400 4782; x_wconf 87' lang='grc' dir='ltr'><strong>Γεράσιμος.</strong></span> <span class='ocrx_word' id='word_1_391' title='bbox 1424 4705 1446 4784; x_wconf 94' lang='lat'>†</span> 
     </span>
    </p>
   </div>
   <div class='ocr_carea' id='block_1_6' title="bbox 0 0 1586 5278">
    <p class='ocr_par' dir='ltr' id='par_1_6' title="bbox 0 0 1586 5278">
     <span class='ocr_line' id='line_1_37' title="bbox 0 0 1586 5278; baseline 0 2"><span class='ocrx_word' id='word_1_392' title='bbox 0 0 1586 5278; x_wconf 95' lang='lat' dir='ltr'><strong> </strong></span> 
     </span>
    </p>
   </div>
  </div>
 </body>
</html>
