3162 5278
270 353 334 418 300

270 549 353 623 μένος
374 549 475 620 παντὸς
499 549 725 624 ἐκκλησιαστικσὸ
752 548 799 608 καί
826 549 968 628 ἐνσριακοθ
995 549 1074 610 αὑτοῦ
1102 547 1294 628 είσοδήματσς,
1322 549 1368 609 καί
1396 548 1495 624 μηδείς
1518 552 1563 632 ἔχη

270 669 349 728 αὐτὸν
378 670 406 728 ἐν
434 670 529 750 ἱερέως
556 677 620 752 τιμῇ
647 671 693 730 καί
719 669 796 743 τάξει
818 673 836 745 ἡ
860 670 934 740 ὅλως
962 673 1000 742 ὡς
1028 670 1105 752 ίερέα
1127 672 1206 730 αίιτδν
1234 676 1346 746 τιμῆσαι
1369 672 1398 730 ἐν
1421 672 1504 751 ἀργίᾳ
1524 671 1564 731 κεί

270 789 420 871 ἀφορισμῷ,
443 793 460 866 ή
485 792 516 851 δὲ
539 791 599 852 θείά
621 793 701 852 αυτοῦ
727 793 899 872 ἀφωρισμένη
924 793 976 852 άπὸ
1004 795 1067 852 θεοῦ
1094 792 1140 852 καί
1162 796 1339 875 κατηραμένη
1366 793 1413 854 καὶ
1440 796 1563 873 ἀσυγχώ-

270 931 351 991 ρητος
384 911 431 972 καί
466 909 566 984 άλυτος
597 915 667 988 μετὰ
702 917 816 974 θάνατον
850 913 898 974 καί
934 914 987 986 ἔξω
1022 921 1072 990 τῆς
1100 916 1216 995 Χριστοῦ
1250 915 1414 996 ἐκκλησίας,
1451 921 1504 988 ἔως
1537 913 1562 977 εί

269 1037 437 1109 παυσάμενοι
464 1040 509 1094 τοῦ
537 1036 663 1113 ἐνοχλεῖν
687 1037 766 1095 αθτδν
788 1037 887 1114 τθχωσι
911 1039 1122 1117 συγχωρήσεως.
1149 1038 1216 1116 πρδς
1238 1038 1340 1110 τούτοις
1364 1039 1453 1116 ἐχέτω
1476 1036 1561 1098 ἄδειαν

270 1156 284 1214 ὅ
313 1157 444 1234 Ἰγνάτιος
471 1158 550 1228 αθτὸς
577 1158 625 1236 οίῳ
653 1160 744 1236 τρὸπῳ
773 1159 880 1237 εὐλὸγῳ
909 1157 1008 1240 δυνηθῇ
1038 1158 1181 1219 παιδεῦσαι
1208 1160 1286 1218 αίιτδν
1312 1166 1346 1241 τῇ
1373 1160 1508 1242 ἐκκλησίᾳ
1529 1163 1561 1235 μὴ

269 1279 429 1353 πειθέμενσν
460 1281 524 1359 παρ’
547 1279 656 1352 σθδενὸς
683 1280 894 1356 ἐναντιούμενος.
926 1282 995 1340 σὸτω
1022 1283 1128 1359 γένοιτο
1157 1279 1187 1353 ἑξ
1214 1281 1389 1361 ἀποφάσεως,
1417 1283 1496 1342 ἀλλά
1522 1282 1562 1341 καί

270 1399 327 1458 ὅσοι
350 1399 471 1459 ἀπὸτοῦ
493 1405 537 1459 νῦν
559 1401 739 1475 τολμήσουσιν
765 1397 987 1485 [ίδισπσιήσασθαί
1002 1397 1036 1486 τι]
1064 1402 1096 1461 ἐκ
1119 1407 1172 1461 τῶν
1197 1399 1385 1478 είσοδημοίτων
1408 1407 1463 1462 τῶν
1484 1404 1561 1462 αὐτῶν

270 1521 461 1599 ἀφιερωμένων
490 1521 607 1601 δένδρων
635 1521 682 1581 καὶ
710 1523 866 1598 ἀδικήσουσι
892 1524 941 1598 τήν
970 1522 1130 1602 ἐκκλησίαν,
1164 1524 1343 1605 ἀφωρισμένοι
1374 1525 1494 1584 ἔστωσαν
1522 1525 1561 1583 κτὶ

270 1643 468 1724 ἀσυγχώρητοι.
493 1647 514 1724 †

374 1766 395 1844 †
420 1764 508 1841 Μηνὶ
530 1765 751 1846 φεβρσυαρίῳ,
775 1766 985 1839 ίνδικτιιῖινσς
1010 1766 1056 1828 ιε’.
1080 1770 1101 1850 †

270 1887 349 1968 †‘0
372 1887 515 1958 Κυζίκου
537 1889 775 1969 Παρθένιοςή
946 1889 1025 1971 †'0
1063 1891 1283 1966 Χαλκηδόνος
1324 1891 1559 1970 Νεκτάρισς.ή

270 2009 893 2092 γὉΓάνουκαίΧώραςῚωαννί-κιος.’φ
945 2011 1559 2091 ήὉἈδριανουπὸλεωςΠαρθένιοςή

671 2135 691 2211 †
715 2133 750 2190 ‘0
775 2135 895 2209 Βιζύης
919 2135 1122 2213 Χρύσανθσς.
1147 2134 1168 2210 †

374 2259 517 2328 Ανσίιείμμ.
542 2260 627 2313 σίτοισί,
653 2261 728 2315 Flor.
752 2263 793 2314 H.
822 2279 871 2314 nro
893 2263 943 2330 51,
971 2262 1043 2331 quod
1064 2261 1128 2315 haec
1151 2261 1244 2314 hahet:
1274 2254 1349 2314 Ἔστι
1380 2255 1395 2312 ὅ
1425 2257 1489 2325 ναδς
1518 2263 1559 2328 τῆς

271 2356 408 2418 Θεοτέκσυ
432 2357 494 2440 (τῆς
517 2355 721 2442 Διασωζσθσης)
746 2359 774 2417 ἐν
799 2359 912 2438 Πάτμῳ.

488 2737 676 2802 CXXXIII.
702 2737 928 2821 7181-1673,
952 2761 1061 2802 mense
1084 2741 1177 2820 maio,
1200 2737 1265 2802 ind.
1289 2739 1348 2802 XI.

272 2887 437 2940 Ραίνίσιηίια
462 2887 609 2956 Dionysius
632 2887 691 2941 ΙΙΙ.
715 2887 871 2940 Μυεείίιιτσιι
906 2885 1045 2954 confirmat
1078 2887 1239 2954 libertatem,
1275 2887 1339 2938 iura
1370 2893 1395 2940 εί
1420 2887 1556 2955 μνίινίιφίιι

837 2991 1002 3044 monasterii.

374 3177 602 3255 ήΔιονθσιος,
648 3176 735 3253 ἐλέῳ
779 3176 864 3233 θεουΙ
908 3173 1126 3252 ἀρχιεπίσκος
1167 3175 1555 3250 Κωνσταντινσυπὸλεως,

271 3299 360 3370 Νέας
384 3299 528 3376 Ῥώμης,
551 3297 606 3356 καί
630 3296 865 3373 <aimonem-“03
888 3300 1106 3378 mmm*
1130 3299 1151 3376 ί

375 3472 396 3549 †
419 3471 454 3531 Οἱ
478 3469 508 3544 ἐξ
532 3470 631 3542 αἰῶνος
657 3473 702 3530 τὸν
726 3469 811 3530 αἰῶνα
838 3471 909 3530 κατὰ
937 3469 1070 3547 διαδοχὴν
1094 3470 1255 3546 ἀμείβοντες
1283 3471 1418 3550 ἅνθρωποι
1445 3473 1569 3544 τὴντῶν

271 3595 440 3672 πραγμάτων
466 3592 608 3670 ταχθποδα
630 3593 714 3673 φσράν
740 3592 787 3651 καί
810 3593 989 3672 ἀγχίστροφον
1016 3593 1242 3671 κατακτείναντες,
1273 3594 1346 3664 ὅπως
1375 3591 1553 3667 ἀλληνάλλως

272 3713 314 3773 ἀεὶ
338 3713 448 3790 δηλαδὴ
471 3714 505 3774 τά
526 3714 760 3774 καθυποπίπτσντα
782 3716 864 3796 ταύτῃ
886 3714 1077 3792 περιδινεῖσθαι
1099 3715 1173 3795 φιλεῖ
1196 3713 1243 3774 καί
1267 3715 1383 3793 ἀμαυροῖ
1403 3717 1510 3791 ταχέως
1529 3712 1568 3793 τίῆ

269 3837 321 3916 πρδ
349 3837 477 3916 βραχέως
502 3841 548 3896 τοῦ
576 3838 624 3910 ζῆν
652 3832 794 3914 ἀρξάμενα
819 3837 867 3910 τἠν
889 3841 1066 3914 παντουργοίι,
1095 3838 1132 3907 ὡς
1161 3836 1276 3916 ἐφικτόν,
1304 3837 1471 3910 ἐμιμήσαντο
1493 3831 1553 3890 θείαν

270 3962 408 4040 πρόνοιαν,
435 3961 494 4034 ἥτις
520 3953 554 4018 τά
582 3959 646 4018 ὅντα
674 3959 833 4038 δημιουργεῖ
859 3957 904 4018 καί
928 3959 1163 4038 δημιουργηθέντα
1188 3957 1365 4033 κηδεμονίαις
1392 3954 1552 4036 ἀρρήτοιςές

272 4081 402 4156 διαμονὴν
426 4083 548 4160 συντηρεί
569 4084 764 4160 περισώζουσα,
787 4081 931 4140 κάντεῦθεν
956 4083 1056 4160 ὅσαπερ
1080 4083 1154 4149 ὅπως
1173 4079 1238 4138 ποτὲ
1259 4080 1409 4152 κτήσασθαι
1432 4077 1552 4150 δυνηθεῖεν

270 4201 451 4284 πρεμηθείαις
474 4204 553 4274 ὅλαις
577 4203 770 4278 ἐπιμελοῦνται
792 4201 840 4264 καί
863 4205 999 4282 σκέψεσιν,
1028 4205 1101 4272 ὅπως
1125 4200 1164 4273 είς
1188 4201 1318 4276 διαμονὴν
1343 4201 1498 4280 ἀχυρὼοωσι
1517 4195 1552 4254 κιὶ

270 4319 426 4395 πολυζωίαν
442 4325 614 4406 κρατίνωσιν,
638 4325 681 4384 ίνα
705 4327 743 4400 μή
766 4328 866 4404 χρὸνσυ
888 4325 957 4401 ταχίι
980 4323 1174 4402 παρανάλωμα
1196 4324 1308 4400 γένηται
1328 4325 1345 4396 ή
1369 4320 1416 4380 καί
1435 4323 1483 4380 ἀπὸ
1496 4303 1566 4384 τικςί

272 4447 418 4526 ἀκορέστου
440 4448 554 4524 γνώμης
580 4445 626 4506 καὶ
650 4447 793 4526 ἀγερώχου
815 4447 907 4524 χειρὸς
931 4445 1083 4520 ἀπωλητοιι.
1112 4444 1184 4504 κατὰ
1209 4443 1291 4504 ταθτά
1315 4441 1450 4525 τοιγάρτοι
1475 4441 1516 4500 καὶ
1534 4435 1565 4495 εί

271 4568 407 4644 οεβάσμια
431 4570 596 4646 μονοιστήρια
623 4569 757 4646 θεοφιλῶς
781 4564 967 4647 ἀνεγείροντες
995 4565 1035 4639 είς
1062 4565 1144 4639 δόξαν
1167 4567 1240 4646 θεοῦ,
1268 4567 1439 4642 μνημόσυνόν
1462 4567 1550 4623 τετῶν

272 4687 426 4768 ὅρθοὸὅξων
453 4689 499 4749 καὶ
522 4690 655 4768 σωτηρίαν
679 4693 768 4766 θηλῆς
792 4695 846 4748 τῶν
871 4689 898 4749 ἐν
929 4691 1017 4761 αὐτοῖς
1045 4689 1258 4770 εδαρεστοίιντων
1286 4689 1341 4766 θεῷ
1365 4689 1419 4746 ’ὅπδ
1446 4687 1493 4761 μὲν
1515 4684 1564 4754 τήνἶ
