3184 5288
1291 343 1332 408 89

53 543 83 610 ιθς
103 542 130 596 ἐν
154 539 181 598 οί
204 538 333 617 μοναγοὶ,
358 539 386 598 ἐν
409 539 492 622 ταῦτ-η
515 547 547 620 τῇ
572 539 637 622 ἁγίᾳ
665 546 744 620 μονῇ,
772 545 805 620 τῇ
830 539 857 597 ἐν
885 547 918 620 τῇ
945 537 1010 617 Κῷ,
1038 539 1086 612 τὴν
1115 539 1260 598 ἀνάπαυσιν
1286 535 1333 597 καὶ

53 661 145 738 τίρέβυς
176 658 317 738 διάγοντες
341 656 460 746 ἐχψωοιψ,
483 667 532 735 τῆς
556 661 636 738 ἁγίας
659 661 802 734 βασιλείας
825 661 904 720 αὺτοῦ
926 657 1129 744 τυγχά[νοντες]
1153 659 1199 718 καὶ
1225 662 1333 719 πάντων

53 790 93 841 τῶν
122 789 262 860 συγγενῶν
298 784 378 842 οιῦτοῦ
406 781 454 842 καί
487 788 535 858 τῆς
570 783 651 860 ἁγίας
680 785 759 857 ἡμῶν
790 782 934 858 δεσποίνης
965 785 1047 862 μέχρι
1077 788 1125 858 τῆς
1155 786 1201 841 τοῦ
1231 784 1333 856 κόσμου

52 907 233 983 τερατώσεως·
250 906 340 983 ὥσπερ
369 903 402 978 δὴ
429 903 477 963 καὶ
505 905 561 982 ἐγὼ
583 905 598 962 ό
620 905 746 976 ταπεινός
774 905 896 982 μοναχὶις
918 902 964 963 καὶ
988 905 1163 996 ἁμαρτιυλός,
1187 905 1201 964 ὁ
1224 901 1334 976 ἀνάξιος

54 1026 136 1098 δοῦλος
168 1028 258 1104 αὺτοῦ,
287 1027 403 1104 εθχὲτης
433 1025 579 1104 ἐττίγχανον
607 1032 655 1100 τῆς
679 1025 758 1104 ἁγίας
782 1025 925 1101 βασιλείας
956 1027 1048 1105 αυτοῦ,
1077 1023 1117 1098 εἰς
1142 1027 1176 1100 ἣν
1203 1025 1249 1085 καὶ
1278 1026 1334 1104 ἐγὼ

52 1147 158 1220 πολλοὺς
185 1149 286 1218 κόπους
313 1145 359 1206 καὶ
386 1148 485 1218 πόνους
507 1147 556 1206 οὐκ
579 1147 691 1224 όλίγους
713 1149 942 1223 καταβαλόμενος
966 1149 993 1206 ἐν
1016 1149 1153 1230 ταῦτητῇ
1181 1153 1262 1229 μονῇ,
1291 1145 1335 1206 ἐπί

52 1289 74 1326 τε
97 1275 142 1344 τῆς
175 1267 325 1344 οἰκοδομῆς
354 1273 400 1328 τοῦ
429 1267 610 1345 καοτελλίου,
642 1275 691 1344 τῆς
723 1265 952 1354 [μετακο]μίσεως
981 1275 1031 1346 τῆς
1062 1269 1170 1329 ἔνδοθεν
1197 1268 1278 1345 οὔσης
1306 1268 1334 1328 ἐν

54 1390 112 1468 αῦτῴ
137 1391 253 1470 πέτρας,
281 1389 328 1448 καὶ
352 1387 464 1460 ἐξόδους
492 1391 541 1448 οῦκ
568 1390 666 1468 όλίγας
699 1393 948 1462 κατακενώσαντος.
976 1390 1022 1452 καί
1046 1392 1074 1450 ἐν
1098 1391 1148 1466 μὲν
1171 1398 1203 1472 τῇ
1227 1390 1277 1470 Κῷ
1304 1393 1334 1450 τ“ο

53 1509 201 1588 θαγανίτζιν
231 1511 341 1588 ἔχοντες
364 1511 388 1570 οἱ
413 1509 540 1590 μοναχοὶ,
565 1511 616 1570 ἀπό
641 1512 672 1570 δὲ
693 1517 742 1588 τῆς
764 1513 884 1592 Πάτμου,
916 1515 954 1585 ὡς
978 1511 1121 1592 ἐρείλοντα
1144 1509 1213 1572 είναι
1236 1515 1334 1592 ζευγο-

52 1629 155 1718 λότψιον]
178 1635 208 1692 τό
231 1635 401 1711 κατάσπορον
426 1633 627 1712 ἐπιφερόμενοι,
655 1633 702 1706 τὴν
730 1634 801 1707 ζωὴν
829 1634 981 1713 πορίζονται
1009 1635 1036 1693 οἵ
1060 1655 1090 1694 τε
1117 1633 1143 1695 οἱ
1170 1635 1199 1694 ἐν
1226 1641 1259 1716 τῇ
1283 1634 1335 1712 Κῷ

52 1757 170 1834 μεναχοί,
197 1753 245 1814 καὶ
274 1755 369 1826 οἵτινες
396 1755 441 1814 ἀπ’
467 1756 553 1812 αὐτῶν
577 1753 693 1831 μοναχοί
715 1755 927 1834 προσκαθίσωσιν
951 1756 1039 1834 ἐντῷ
1067 1757 1259 1836 ἡσυγαστηρίῳ
1286 1763 1335 1832 τῆς

52 1875 161 1956 Πέτρας,
184 1883 236 1952 τῆς
259 1875 340 1951 οῦσης
361 1878 428 1955 προς
450 1877 499 1950 τὴν
524 1875 636 1950 Πάτμον
659 1875 705 1935 καί
728 1877 854 1956 ἔχοντες,
878 1879 917 1949 ὡς
938 1879 1109 1958 προέρημεν,
1132 1879 1181 1954 τὴν
1206 1878 1335 1954 διοίκησιν

53 1997 95 2055 ἐπό
116 2018 145 2056 τε
167 2003 217 2071 τῆς
233 1997 284 2074 Κῷ
307 1995 425 2074 καὶτῆς
448 1997 572 2076 Ποὶτμου,
596 1998 753 2074 ψάλλοντες
775 1997 821 2058 καὶ
845 1999 1055 2079 ῦπερειιχόμενοι
1078 2007 1127 2076 τῆς
1150 2001 1231 2080 ἁγίας
1254 2001 1335 2076 βασι-

49 2117 118 2190 λείας
139 2120 228 2200 αὑτοῦ,
256 2118 300 2178 ἵνα
322 2117 368 2178 καὶ
396 2119 448 2178 ἀπο
476 2121 522 2178 τοῦ
549 2121 612 2179 θεοῦ
635 2120 679 2178 τὀν
708 2120 802 2194 μισθόν
826 2121 1095 2182 ἑκατονταπλασίονα
1120 2123 1263 2200 ληψωνται
1287 2120 1333 2182 καὶ

50 2241 113 2314 ζωὴν
134 2241 180 2315 τὴν
204 2238 321 2300 αἰώνιον.
347 2239 370 2298 εἰ
394 2239 425 2299 δὲ
447 2243 518 2300 κατοί
533 2261 566 2320 τι,
590 2241 661 2300 κατὰ
683 2245 878 2322 παραχώρησιν
902 2243 964 2302 θεοῦ
987 2243 1033 2304 καὶ
1049 2250 1102 2303 τῶν
1118 2245 1256 2325 ἁμαρτιῶν
1273 2265 1333 2326 μου,

51 2361 167 2433 ἐμπόδιον
193 2365 342 2443 ποιήσωσι,
368 2367 415 2422 τοῦ
442 2363 551 2422 κλεῖσαι
574 2363 608 2422 τὰ
630 2363 809 2443 ριλοίνθρωπα
832 2365 981 2443 σπλάγχνα
1006 2373 1057 2441 τῆς
1084 2366 1165 2446 ἁγίας
1193 2366 1336 2442 βασιλείας

51 2483 130 2564 αυτοῦ,
151 2484 197 2544 καὶ
219 2485 433 2566 παραβλέψηται
454 2485 503 2562 τὴν
526 2485 596 2560 ἐμὴν
619 2487 807 2562 ταπεινότηται
834 2485 880 2546 καὶ
905 2486 1081 2562 ἐλεεινότατα
1102 2535 1284 2551 .......
1289 2537 1335 2569 Ι..

51 2604 169 2680 ἐκέκτητο
200 2611 319 2684 ψυχικῆς
349 2606 429 2666 αῦτοῦ
458 2605 607 2686 σωτηρίας,
635 2611 681 2666 τοῦ
712 2608 750 2682 μὴ
782 2607 952 2686 ἀναστρέψαι
978 2614 1027 2686 τῆς
1056 2609 1126 2684 ἐμῆς
1153 2607 1337 2689 ἀθελρότητος

49 2735 96 2784 τῶν
123 2735 248 2804 μσναγῶν
271 2729 320 2802 τὴν
349 2727 472 2803 τοιαύτην
496 2727 581 2802 μονὴν
608 2733 658 2802 τῆς
684 2727 833 2807 ῦπεραγίας
856 2731 993 2808 θεοτόκου,
1016 2732 1047 2790 τ“ο
1071 2730 1156 2810 Πηλί,
1180 2732 1228 2805 τὴν
1252 2732 1336 2813 ἐντῄ

50 2848 104 2926 Κῷ,
126 2843 157 2923 ἧς
184 2851 267 2927 μέχρι
289 2849 336 2908 καὶ
358 2851 473 2909 θανάτου
497 2871 549 2925 μου
573 2850 705 2910 ἐκοπίασα
727 2850 773 2910 καὶ
795 2850 959 2931 ἠγωνίσθην,
982 2852 1026 2911 ἵνα
1049 2849 1125 2934 δώοῃ
1148 2853 1244 2932 λόγον,
1268 2853 1338 2928 μετὰ

49 2969 93 3042 τὴν
114 2970 258 3050 θπεραγίαν
281 2971 410 3030 θεοτόκον
432 2969 479 3030 καὶ
501 2971 547 3030 τον
569 2972 748 3048 ἠγαπημένον
772 2971 915 3051 Θεολόγον
938 2971 986 3032 καὶ
1009 2973 1068 3048 μετ’
1086 2973 1154 3048 ἐμοῦ
1175 2976 1221 3032 τοῦ
1245 2974 1337 3054 ἁμαρ-

49 3092 190 3151 τωλοῦέν
224 3099 258 3174 τῇ
288 3091 393 3174 φοβερᾷ
418 3094 511 3174 ἡμέρᾳ
537 3098 586 3169 τῆς
615 3093 831 3166 ἀνταποδόσευις.
859 3096 889 3153 τ“ο
918 3094 948 3153 δὲ
975 3096 1099 3154 ταπεινόν
1128 3115 1179 3169 μου
1207 3095 1337 3172 λείψανον

51 3213 149 3288 ἔχουσιν
172 3211 297 3286 ἐξουσίαν
320 3213 345 3272 οἱ
368 3211 485 3290 μοναγοὶ
509 3213 534 3272 οί
556 3217 788 3292 συγκοπιόσαντες
810 3216 870 3290 μετ’
894 3215 960 3290 ἐμοῦ
993 3219 1039 3275 τοῦ
1063 3217 1234 3288 μετατιθέναι
1257 3216 1338 3298 ἐνιῇ

51 3341 126 3415 μονῇ,
141 3336 202 3395 ἔνθα
218 3335 309 3406 ὁθεος
324 3334 453 3394 εῦοδώσοι
465 3336 601 3412 γενέσθαι.
619 3333 663 3394 ἐπὶ
678 3337 761 3414 τούτῳ
774 3335 828 3415 γὰρ
843 3334 890 3394 καί
904 3336 949 3394 τὀν
964 3337 1084 3416 παρόντα
1099 3335 1274 3397 κιιδίκελλον
1290 3344 1339 3413 τῆς

49 3457 109 3534 παρ’
127 3457 188 3532 ἐμοῦ
202 3455 348 3535 γεγονυίας
365 3462 495 3532 μυστικῆς
511 3457 644 3533 διαθήκης
659 3457 693 3515 τὰ
709 3457 888 3535 ἐλλειρθέντα
905 3457 1066 3538 ἀναπληρῶ,
1083 3460 1121 3528 ὡς
1137 3457 1240 3538 εἴρηται
1257 3457 1339 3538 ἐντῷ

53 3576 195 3650 ἐηλωθέντι
228 3578 412 3659 κωδικέλλῳ,
446 3580 602 3658 προέτρεψα
633 3585 767 3658 γραφῆναι
802 3577 874 3658 χειρὶ
903 3579 1049 3658 Γεωργίου,
1079 3579 1259 3660 πρεσβυτέρου
1293 3578 1340 3639 καὶ

51 3700 164 3778 νοταρίου
189 3701 316 3782 Εὐρίπου,
339 3707 386 3760 τοῦ
409 3701 442 3760 ἐκ
464 3685 623 3779 Στροβήλου
654 3699 731 3774 μηνί
755 3701 882 3780 μαρτίῳ
904 3699 1208 3784 πεντεκαιδεκάτη,
1231 3703 1340 3784 ἡμέρᾳ

52 3820 149 3902 τρίτῃ,
170 3825 238 3905 ὥρᾳ
260 3821 295 3902 ζ’,
319 3821 524 3894 ἰνδικτιῶνος
549 3820 585 3898 α’,
610 3823 676 3880 ἔτει
694 3821 792 3906 ,ςχαᾎ
815 3821 862 3882 καί
886 3823 1022 3902 μάρτυρας
1043 3823 1072 3882 ἐν
1089 3821 1161 3902 αὐτῷ
1184 3825 1340 3904 προέτρεψα

53 3945 95 4000 τοῦ
117 3942 263 4025 ὑπογράψαι
286 3941 334 4004 καὶ
356 3946 499 4024 σρραγῖσαι
522 3946 552 4024 †.

148 4064 451 4146 ψΧριοτόδουλος,
474 4066 488 4124 ό
512 4067 545 4125 ἐν
573 4068 738 4143 μοναχοῑς
766 4067 920 4146 εὺτελης,
944 4067 959 4124 ό
981 4070 1035 4126 τοῦ
1058 4067 1200 4144 Λοίτρου,
1231 4063 1341 4146 οἰκείᾳ

52 4185 139 4264 χειρὶ
158 4185 324 4268 προέταξα
347 4182 403 4248 καί
425 4185 580 4260 ὑπέταξα.
604 4190 625 4268 †

151 4308 363 4386 ψΝικόλαος
392 4309 621 4390 πρεσβύτερος
651 4313 665 4368 ὁ
697 4310 1004 4389 Παππαδόπουλος,
1038 4308 1096 4368 ἐπὶ
1128 4308 1174 4386 τῷ
1204 4310 1341 4389 παρόντι

53 4428 244 4508 κωόικέλλῳ
273 4430 387 4510 παρὼν
414 4435 470 4490 τοῦ
493 4435 643 4508 μοναχοῦ
670 4435 768 4511 κυροῦ
791 4431 1037 4511 Χριστοδοῦλου
1063 4429 1119 4490 καί
1141 4423 1221 4509 παρ’
1246 4432 1342 4490 αὐτοῦ

52 4549 248 4627 προτραπεὶς
272 4554 401 4632 μα’ρτυς
423 4553 597 4632 ὑπέγραψα
619 4551 674 4612 καὶ
698 4553 890 4633 ἐσρράγισα.
915 4556 936 4634 †

154 4673 355 4748 ψἸιυοίννης
378 4721 645 4735 .........
674 4674 785 4754 παρὼν
801 4673 882 4750 Ιεἰμί
910 4673 961 4734 ἐπὶ
988 4676 1041 4733 τὀν
1068 4675 1214 4754 παρόντα
1241 4674 1341 4734 κωδί-
