3228 5294
1316 351 1355 413 71

77 541 178 598 Παῦλον
205 540 345 620 δέχεσθαι,
372 539 419 600 καί
443 541 574 601 Ἀπολλὼ
601 543 650 616 τήν
678 541 788 620 ἀρδείαν
819 541 864 600 καί
887 543 920 600 τὰ
944 541 990 601 δύο
1013 542 1103 602 λεπτὰ
1125 549 1174 617 τῆς
1195 545 1285 622 χήρας
1313 541 1359 601 καί

75 665 116 719 τοῦ
128 662 242 720 τελώνου
256 662 306 736 τὴν
320 659 480 721 ταπείνωσιν
496 659 602 722 καὶτοῦ
618 663 754 738 Μανασσῆ
771 663 819 737 τὴν
841 659 1045 745 έξαγόρευσιν».
1066 668 1208 743 τοιγαροῦν
1225 661 1358 742 ἐπιτρέπω

75 781 116 840 καί
130 781 300 859 διατάττομαι
314 783 362 858 τήν
380 783 609 860 έκκλησιαστικὴν
626 782 762 862 ὑμνῳδίαν
777 781 824 842 καί
838 789 927 844 πᾶσαν
948 785 1046 856 ἀπλιῦς
1065 785 1113 860 τὴν
1134 785 1162 844 ἐν
1183 783 1358 863 ψαλμῳδίαις

75 901 115 962 καί
128 907 285 982 προσευχαῖς
301 904 464 964 ἀκολουθίαν
480 904 635 986 προβαίνειν
652 904 680 962 ἐν
692 903 730 984 τῷ
742 903 807 985 ἱερῷ
821 901 868 964 καί
880 905 1021 986 οεβαομίῳ
1037 899 1132 984 τουτῳί
1146 905 1264 985 σεμνείῳ
1279 907 1358 981 ἡμῶν

74 1025 136 1084 κατά
159 1026 187 1084 τδ
209 1026 318 1086 τυπικδν
341 1031 391 1101 τῆς
415 1025 443 1085 ἐν
460 1025 662 1104 Ἱεροσολύμοις
682 1025 788 1104 λαῦρας
808 1030 854 1086 τοῦ
876 1025 951 1087 ὁσίου
973 1028 1074 1106 πατρὸς
1096 1027 1175 1102 ήμῶν
1200 1025 1298 1102 Σάββα
1312 1024 1359 1086 καί

75 1147 187 1225 μεγάλου
201 1153 251 1220 τῆς
266 1147 369 1226 ἐρήμου
385 1149 550 1226 καθηγητοῦ.
572 1145 618 1206 καί
637 1146 708 1206 κατά
727 1154 816 1206 πᾶσαν
837 1149 888 1222 μὲν
909 1147 1071 1224 δεσποτικὴν
1088 1149 1194 1228 ἑορτήν,
1211 1149 1250 1208 ἐτι
1266 1145 1359 1207 δὲκαὶ

74 1267 108 1340 είς
121 1269 164 1340 τὰς
177 1275 225 1342 τῆς
242 1268 323 1346 ἀγίας
338 1273 561 1347 τεσσαρακοστῆς
575 1267 707 1348 κυριοκάς
723 1266 750 1327 αἱ
766 1267 908 1348 ἀγρυττνίαι
924 1269 994 1344 μετὰ
1008 1267 1055 1329 καὶ
1070 1274 1116 1329 τοῦ
1132 1267 1258 1348 μεγάλου
1274 1271 1357 1329 έσπε-

74 1393 144 1468 ρινοῦ,
160 1391 196 1460 ὡς
210 1391 241 1449 τδ
257 1389 443 1464 μνημονευθὲν
461 1386 571 1461 διέξεισι
591 1389 709 1467 τυπικάν,
726 1388 912 1468 ἀπαραβάτως
927 1389 1190 1466 ἐκτελεσθήσονται·
1208 1391 1236 1449 ἐν
1253 1391 1284 1449 δὲ
1300 1393 1359 1462 ταῖς

75 1509 163 1582 ἀλλοις
188 1513 290 1584 πάσαις
315 1515 362 1571 τοῦ
383 1511 484 1592 χρόνου
506 1512 648 1590 κυριακαῖς
667 1508 714 1570 καί
735 1512 795 1582 ταῖς
823 1511 928 1590 ἑορταῖς
951 1509 1193 1592 οίκονομικιίνιεράν
1216 1534 1275 1584 πως
1297 1513 1358 1588 ἤτοι

73 1631 364 1712 ουγκαταβατινιῦτερον
384 1629 446 1711 περὶ
465 1631 514 1703 τάς
530 1631 677 1712 ἀγρυπνίας
693 1630 895 1706 διατεθήσεσθε,
912 1633 1005 1704 καθὼς
1022 1635 1074 1714 ἀρα
1089 1635 1106 1708 ῆ
1122 1638 1169 1694 τοῦ
1187 1636 1358 1712 καθηγουμέ-

73 1773 111 1811 νου
125 1753 253 1834 διάκρισις
270 1753 406 1827 βούλοιτο.
424 1754 580 1828 ἐπισκήπτω
595 1754 680 1812 τοίνυν
695 1754 803 1814 τυπικδν
817 1753 960 1830 ἐκτεθῆναι
974 1759 1024 1830 τῆς
1041 1753 1191 1830 ἐκκλησίας
1205 1755 1266 1830 ήτοι
1281 1777 1357 1815 συνα-

73 1871 150 1952 ξάριον
176 1875 248 1934 κοπά
274 1875 374 1934 λεπτδν
402 1874 504 1950 δηλοῦν
531 1880 620 1935 πᾶσαν
647 1876 696 1950 τῆν
724 1875 758 1934 δι’
783 1875 859 1947 ἔτους
886 1875 1087 1952 ἐκτελουμένην
1115 1878 1171 1948 τοῖς
1203 1875 1357 1957 εἰρημένοις

73 1995 291 2074 Ἱεροσολυμίταις
314 1995 398 2056 είτουν
422 1995 645 2075 Ἃγιοσαββίταις
672 1997 701 2056 ἐν
724 1997 878 2074 ψαλμικαῖς
899 2017 930 2056 τε
952 1996 1000 2056 καί
1023 1997 1158 2068 εὐκτικαῖς
1182 1997 1357 2070 ἀκολουθίαις

74 2113 200 2198 ἀκρίβειαν
223 2119 270 2178 καὶ
297 2119 359 2179 καθ’
380 2121 409 2178 δν
438 2117 588 2200 εἰρήκαμεν
610 2119 706 2198 τρόπον
731 2118 933 2198 έκτιληροῦοθαι
955 2117 1002 2178 καί
1026 2119 1193 2200 ἐνεργεῖσθαι
1212 2121 1276 2200 παρ’
1296 2121 1357 2196 ῦμῖν

72 2243 118 2311 τοῖς
138 2240 282 2314 εὐλοβέοιν
306 2241 436 2319 ἀδελφοῖς
458 2238 506 2300 καὶ
529 2242 634 2313 τέκνοις
657 2261 708 2317 μου
730 2239 776 2299 καί
804 2239 992 2318 φυλάττεσθαι.
1021 2240 1075 2315 ήδη
1100 2239 1131 2300 δὲ
1153 2239 1200 2300 καὶ
1221 2239 1283 2321 περί
1307 2241 1357 2300 ἐκ·

73 2360 150 2437 λογῆς
171 2360 218 2420 καί
240 2360 438 2441 προχειρίσεως
460 2368 513 2421 τῶν
538 2361 607 2436 μετὰ
629 2362 676 2436 τὴν
701 2361 769 2437 ἐμὴν
793 2361 939 2437 ἀποβίωσιν
962 2361 1033 2420 κατὰ
1055 2361 1190 2439 διαδοχὰς
1204 2382 1357 2442 προστησο-

73 2483 149 2553 μένων
170 2483 247 2558 ῦμκῖιν
269 2481 316 2542 καί
337 2485 368 2543 τδ
390 2489 440 2558 τῆς
461 2481 643 2563 ήγουμενείας
666 2481 876 2558 ἀναδεξαμένων
898 2479 1008 2558 ἀξίωμα
1031 2481 1206 2558 διαληπτέον.

165 2603 209 2680 ιη’.
236 2603 331 2684 Κρίσει
351 2611 428 2686 κοινῇ
448 2603 495 2664 καί
514 2607 594 2684 ψήφῳ
616 2609 670 2664 τῶν
689 2625 719 2664 τε
740 2603 892 2684 προκρίτων
911 2611 960 2680 τῆς
980 2603 1164 2683 ἀδελφάτήτος
1184 2602 1231 2663 καί
1250 2605 1358 2663 πάντων

73 2725 158 2797 ἀτελῶς
175 2732 228 2785 τῶν
248 2733 299 2802 τῆς
321 2725 398 2804 ἱεροῖς
417 2727 496 2800 ἡμῶν
517 2730 603 2802 μονῆς
627 2731 757 2803 μοναχῶν
777 2727 826 2800 τήν
845 2730 891 2785 τοῦ
911 2726 1213 2803 καθηγουμενεὺσοντος
1237 2725 1358 2804 ἐκλογὴν

71 2849 212 2927 προβαίνειν
229 2849 411 2922 ἐντέλλομαι·
428 2850 505 2908 τοῦτο
524 2848 578 2927 γὰρ
598 2846 645 2907 καί
666 2847 694 2906 ἐν
709 2854 743 2930 τῇ
759 2853 899 2930 συγγραφή
914 2853 960 2907 τοῦ
976 2847 1034 2923 βίου
1049 2852 1095 2908 τοῦ
1110 2848 1235 2924 μεγάλου
1257 2849 1358 2928 πατρδς

71 2971 139 3042 ἡμῶν
159 2969 311 3048 Παχωμίου
333 2966 380 3027 καί
403 2968 432 3027 ἐν
454 2967 493 3046 τῷ
519 2967 570 3048 βίῳ
593 2973 639 3028 τοῦ
662 2967 735 3028 ὁσίου
757 2966 804 3027 καί
827 2970 991 3048 θεοφορήτου
1017 2969 1119 3048 πατρὸς
1141 2967 1288 3046 Εθθυμίου,
1318 2970 1357 3039 ὡς

72 3091 155 3163 καλῶς
177 3093 242 3170 ἔχον
265 3091 481 3170 προκεκριμένον
516 3091 680 3170 εῦρήκοιμεν,
704 3089 782 3149 ἀλλά
815 3087 862 3149 καί
896 3091 911 3148 δ
941 3091 970 3148 έν
1005 3089 1160 3162 βασιλεῦσιν
1194 3087 1357 3164 ἀείμνηστος

73 3213 246 3283 Ἰουοτινιανδς
273 3212 398 3291 ἐναργῶς
426 3212 494 3271 οῦτω
520 3209 582 3290 περὶ
604 3218 653 3287 τῆς
675 3212 801 3285 τοιαύτης
824 3211 949 3288 ἐκλογῆς
972 3211 1000 3269 έν
1022 3213 1082 3282 ταῖς
1105 3210 1200 3269 ἑαυτοῦ
1221 3210 1356 3285 τεθεσμο-

71 3334 156 3407 θέτηκε
183 3331 330 3406 διατάξεσι.
354 3333 400 3393 τδν
428 3328 474 3392 οὖν
497 3332 651 3410 έκλεγέντα
673 3334 773 3404 πάντες
796 3331 821 3392 οἱ
844 3329 959 3410 ἀδελφοί
981 3329 1303 3410 συμπαραλαμβάνοντες
1326 3332 1355 3390 έν

71 3459 98 3533 τῇ
117 3454 251 3536 ἐκκλησίᾳ
273 3452 429 3514 εἰσιέτωσαν
451 3452 498 3513 καὶ
521 3457 566 3512 τοῦ
589 3452 686 3532 ἱερέως
710 3451 774 3512 εῦλο
807 3473 912 3526 γσαντος
933 3453 979 3512 τάν
1006 3453 1068 3512 θεδν
1094 3454 1231 3533 τριοάγιον
1257 3451 1355 3529 ψαλτή-

73 3593 136 3634 οετοιι
160 3575 234 3655 παρὰ
259 3577 368 3634 πάντων
395 3572 442 3634 καί
468 3572 575 3652 ψαλμοὶ
602 3575 684 3654 τρεῖς,
708 3574 723 3632 δ
744 3575 937 3653 πεντηκοστὸς,
965 3575 980 3631 ὁ
1004 3569 1152 3648 ἑξηκοοτδς
1176 3574 1287 3646 έννατος
1309 3573 1356 3633 καί

72 3695 302 3774 ῖέννενηκοστάς,
330 3695 377 3755 καὶ
405 3693 480 3766 αὖθις
506 3697 653 3774 τρισάγιον,
681 3691 854 3754 ἀπολυτίκιόν
881 3715 912 3753 τε
934 3700 987 3754 τῶν
1011 3695 1097 3772 ἁγίων
1119 3695 1244 3774 πατέρων
1268 3693 1355 3769 καίή

73 3813 130 3889 μετά
153 3816 236 3887 τέλος
264 3816 344 3893 εθχῆ.
374 3811 424 3875 εἶθ’
453 3816 537 3886 οῦτως
563 3814 683 3894 λήψεται
709 3815 757 3890 τήν
784 3815 962 3891 ποιμαντικῆν
991 3815 1093 3896 ῥάβδον
1120 3816 1136 3874 ὁ
1162 3814 1249 3896 ἱερεὺς
1279 3816 1355 3877 ἔνδον

72 3937 115 3994 τῶν
138 3939 216 4020 ἱερῶν
245 3935 397 4014 κιγκλίδων
424 3937 475 4016 πρδ
502 3939 549 3996 τοῦ
576 3935 654 4015 ἀγίου
681 3935 864 4017 θυσιαστηρίου
891 3938 1031 4017 κειμένην,
1063 3935 1110 3997 καὶ
1136 3936 1175 4014 τῷ
1203 3935 1242 4009 εἰς
1269 3939 1355 4014 ἡγου-

73 4061 167 4130 μνείαν
188 4059 359 4141 προκριθέντι
381 4059 479 4134 ταύτην
502 4057 658 4139 έγχειρίσει.
688 4055 734 4118 καί
757 4061 849 4118 τοῦτον
872 4058 1030 4140 ἀσπάσεται,
1054 4052 1113 4118 εἶτα
1135 4056 1254 4134 καθεξῆς
1278 4060 1355 4118 αῦτδν

73 4179 92 4236 τί
114 4179 262 4256 ξθμποιντες
290 4181 455 4242 ἀσπάσονται
487 4179 599 4259 ἀδελφοί
630 4178 676 4240 καί
709 4180 779 4256 μετὰ
804 4181 849 4238 τδν
877 4180 1020 4255 ἀοπαομδν
1048 4179 1200 4259 ἀγαγόντες
1230 4180 1275 4240 τδν
1301 4181 1355 4256 ἤδη

73 4309 213 4380 προεστῶτα
246 4305 398 4382 γενόμενον
431 4301 471 4381 τῳ
504 4301 679 4380 ῆγουμενικῳ
709 4304 796 4382 θρόνῳ
828 4301 1048 4381 ἐγκαθιδρῦσουσι
1080 4303 1275 4381 ἐπιφωνοῦντες
1303 4305 1354 4362 τό·

76 4421 178 4496 τάξιος»
195 4423 243 4484 καὶ
263 4425 466 4504 παρερχόμενοι
486 4417 525 4494 εἷς
547 4426 662 4495 ἕκαστος
681 4424 729 4498 τὴν
749 4425 849 4498 συνήθη
871 4425 1015 4498 μετάνοιαν
1032 4423 1092 4498 μετ’
1109 4422 1258 4498 εὐλαβείας
1272 4428 1355 4498 ποιή-

75 4563 160 4605 τονται.
188 4547 281 4606 ἔκτοτε
311 4539 426 4618 δὀῦτος
454 4544 504 4621 μὲν
528 4547 542 4604 δ
566 4543 701 4625 ἐγκριθεὶς
729 4543 768 4616 εἰς
794 4545 843 4618 τὴν
869 4545 1031 4626 προστασίαν
1054 4545 1184 4620 ποιμένος
1206 4543 1252 4604 καί
1276 4545 1356 4604 διδα-

76 4665 176 4748 σκάλου,
203 4671 328 4747 νρεῖοοον
356 4667 387 4727 δέ
415 4665 499 4727 εἰπεῖν
526 4669 668 4746 πατρδςῆ
696 4666 822 4745 κεφαλῆς
849 4669 943 4748 χώραν
971 4667 1079 4746 ἐπέχων
1101 4669 1209 4726 πάντων
1230 4672 1284 4726 τῶν
1305 4675 1355 4742 τῆς
