3186 5286
269 303 333 368 394

268 500 402 577 legitime
430 500 610 570 eonstiterit,
642 521 765 559 censura
791 501 958 559 huiusmodi
985 501 1102 560 irretire
1130 501 1210 560 dicta
1236 501 1412 561 auctoritate
1440 505 1550 574 curctis,

268 625 302 663 ac
324 605 432 663 deinde
459 605 490 662 in
513 605 654 677 ecclesiis,
683 607 754 664 dum
782 605 855 664 inibi
883 606 984 682 populi
1010 606 1170 664 multitudo
1196 606 1370 666 convenerit
1394 608 1431 665 ad
1459 607 1553 666 divina

268 708 424 767 dominicis
451 713 482 768 et
511 709 578 768 aliis
610 710 727 770 festivis
757 709 870 782 dicbus,
901 709 1167 769 excommunicatos
1200 710 1317 787 publice
1353 711 1497 770 nunciatis
1527 717 1553 769 ct

268 813 385 872 faciatis
407 815 443 873 ab
466 814 533 872 aliis
556 815 691 874 nunciati
713 835 747 874 ac
769 817 805 873 ab
828 815 962 872 omnibus
985 815 1095 873 arctius
1118 814 1237 886 evitari,
1265 816 1358 874 donec
1379 815 1416 872 ad
1443 835 1492 874 eos
1513 835 1552 873 re·

268 919 347 980 versi
375 921 452 978 bona
474 920 623 978 subtracta
649 924 680 978 et
706 920 804 978 furata
826 918 996 978 huiusmodi
1020 919 1131 978 eisdem
1154 919 1343 978 restituerint
1364 925 1415 978 ant
1437 920 1474 978 de
1500 920 1553 977 illis

268 1023 466 1082 satisfecerint
501 1029 701 1101 competenter
733 1029 764 1082 et
795 1025 833 1082 ab
865 1024 1035 1082 huiusmodi
1069 1024 1382 1084 excommunicationis
1414 1025 1554 1082 sententia

268 1129 431 1188 meruerint
457 1129 648 1188 absolutionis
674 1129 851 1188 benefimum
875 1129 1023 1200 obtinere,
1052 1149 1110 1187 non
1137 1129 1319 1188 obstantibus
1344 1129 1394 1206 pie
1420 1130 1553 1188 memorie

267 1233 413 1292 Bonifacii
431 1235 526 1305 VHL,
551 1233 765 1310 predecessoris
781 1233 883 1306 nostri,
908 1229 1049 1314 [litteris]‚
1066 1233 1172 1312 quibus
1187 1239 1318 1305 caretur,
1338 1253 1375 1293 ne
1390 1233 1458 1311 quis
1477 1239 1554 1292 extra

267 1358 346 1397 suam
379 1337 533 1398 civitatem
562 1343 594 1397 et
624 1338 765 1398 diocesim
798 1338 855 1396 nisi
886 1338 918 1396 in
947 1339 1036 1398 certis
1070 1338 1204 1415 exceptis
1234 1338 1348 1396 casibus
1377 1343 1409 1396 et
1439 1338 1471 1396 in
1502 1337 1553 1396 illis

267 1445 345 1502 ultra
367 1463 456 1502 unam
477 1444 588 1502 dietam
610 1443 705 1503 atine
727 1463 779 1502 sue
801 1443 927 1502 diocesis
948 1444 986 1502 ad
1009 1441 1155 1502 iudicium
1175 1447 1325 1514 evocetur,
1348 1461 1401 1502 sea
1422 1463 1461 1502 ne
1483 1442 1553 1500 iudi·

268 1570 314 1608 ces
337 1570 355 1606 a
376 1549 446 1607 sede
468 1548 627 1626 apostolica
650 1548 783 1624 deputati
798 1553 893 1608 'extra
921 1549 996 1620 locs,
1020 1547 1052 1606 in
1075 1547 1180 1626 quibus
1203 1547 1336 1624 deputati
1359 1551 1441 1617 suut,
1462 1551 1554 1605 contra

268 1673 465 1732 quoscumque
489 1655 649 1730 procedere
671 1657 724 1712 aut
745 1652 797 1712 alii
819 1655 869 1714 vel
890 1653 958 1712 aliis
979 1653 1060 1713 vices
1084 1673 1150 1712 suas
1171 1653 1355 1712 summittere
1380 1657 1552 1729 presumant,

268 1759 426 1818 dummodo
448 1760 527 1818 ultra
549 1759 621 1816 duas
643 1757 739 1816 dietas
761 1758 869 1836 aliquis
884 1757 1060 1818 auctoritato
1082 1757 1263 1834 presentium
1285 1777 1343 1816 uon
1365 1758 1511 1828 trabatur,
1529 1761 1553 1813 ct
1578 1761 1579 1768 ’

266 1863 334 1922 aliis
356 1862 521 1939 apostolicis
544 1861 804 1922 constitutionibus
826 1862 992 1941 ceterisque
1015 1861 1170 1922 contrariis
1192 1862 1434 1940 quibuscumque,
1462 1867 1514 1920 ant
1533 1861 1552 1918 si

267 1957 488 2044 occupatoribus
511 1971 542 2025 et
564 1966 794 2026 subtractoribus
817 1967 938 2044 prefatis
961 1968 1009 2027 vel
1031 1965 1184 2045 quibusvis
1206 1965 1272 2026 aliis
1294 1967 1491 2026 communiter
1511 1968 1552 2026 rel

267 2071 388 2132 divisim
417 2093 436 2130 a
462 2072 532 2130 sede
562 2071 696 2148 predicta
724 2071 874 2130 indultum
904 2071 1023 2142 existat,
1059 2072 1137 2149 quod
1167 2070 1316 2142 interdici,
1346 2072 1487 2148 suspendi
1511 2072 1553 2130 rel

266 2175 516 2236 excommunicari
546 2181 598 2235 aut
628 2178 707 2235 ultra
732 2178 782 2236 vel
812 2181 899 2236 extra
924 2181 1006 2236 certa
1033 2177 1097 2236 loos
1123 2177 1161 2236 ad
1188 2175 1332 2234 iudicium
1359 2176 1479 2236 evocari
1503 2196 1552 2234 non

267 2281 379 2358 possint
405 2301 458 2358 per
485 2281 600 2338 litteras
626 2280 798 2358 apostolicas
825 2301 884 2340 non
910 2281 1054 2340 facientes
1080 2283 1197 2358 plenam
1223 2285 1255 2340 et
1276 2299 1447 2357 expressam
1468 2300 1501 2339 ac
1522 2281 1553 2338 dc
1578 2329 1579 2366 ;

265 2387 355 2444 verbo
386 2386 423 2444 sd
454 2387 577 2445 verbum
610 2386 648 2444 de
681 2385 797 2444 indulto
830 2385 1001 2444 huiusmodi
1023 2384 1214 2444 mentionem.
1245 2385 1476 2444 conaauictores
1507 2405 1554 2461 per
1578 2367 1579 2430 i

265 2510 417 2550 consuram
440 2489 667 2550 ecclesiasticam
688 2490 886 2567 appellatione
908 2491 1069 2568 postposita
1090 2490 1304 2567 compescendi.
1578 2467 1579 2484 Χ

371 2595 499 2654 Datum
527 2595 633 2653 Rome
667 2595 756 2672 apud
787 2595 954 2654 Sanctum
984 2595 1142 2666 Petrum,
1176 2614 1265 2654 anno
1298 2593 1553 2654 incarnationis

267 2698 444 2758 dominice
471 2698 663 2758 millesimo
686 2697 1043 2777 quadringentesimo
1070 2699 1293 2775 sexagesimo
1316 2699 1440 2777 primo,
1469 2697 1554 2756 deci·
1578 2689 1579 2776 ]

266 2824 317 2862 mo
340 2803 407 2862 kal.
431 2803 568 2880 aprilis,
592 2803 829 2881 pontificatus
852 2804 964 2862 nostri
987 2823 1077 2862 anno
1101 2808 1235 2882 quarto.

1201 2912 1239 2966 A.
1262 2909 1313 2966 De
1336 2908 1457 2967 Collis.
1578 2909 1579 2912 ’

369 3025 476 3078 Archet.
495 3025 605 3078 membr.
625 3025 708 3078 Bulla
725 3031 766 3078 est
784 3025 929 3093 deperdita.
949 3027 1043 3092 Bsyet
1062 3042 1110 3078 uro
1125 3029 1165 3077 12.
1184 3043 1210 3092 p.
1225 3027 1369 3076 loa-1⁶3.

601 3303 676 3370 vn.
701 3301 927 3388 soro-1502,
952 3355 959 3369 .
984 3355 991 3370 .
1018 3354 1024 3367 .
1050 3355 1056 3368 .
1082 3301 1158 3390 [ms.
1174 3300 1228 3391 u]

265 3477 422 3544 Gregorius,
453 3479 535 3530 abbas
567 3480 721 3529 monasterii
749 3477 776 3528 S.
798 3477 907 3529 loannis
928 3475 1068 3544 Theologi‚
1096 3479 1180 3528 mittit
1205 3475 1349 3528 monachos
1377 3477 1555 3530 Athanasium.

265 3565 433 3617 'l'beodulum
447 3566 649 3633 Maximumque
666 3565 700 3616 cd
717 3565 816 3616 Cbn'sti
833 3564 934 3628 fideles,
952 3571 983 3616 ut
1001 3565 1131 3630 colligant
1149 3563 1335 3630 eleemosynas
1353 3566 1383 3614 in
1402 3565 1554 3616 beneficium
1578 3571 1579 3608 l

705 3652 860 3705 monasterti
878 3667 895 3704 a
912 3653 1007 3704 'Parcis
1026 3653 1124 3704 vexati.
1578 3645 1579 3652 '

370 3860 376 3874 .
402 3859 408 3872 .
434 3857 441 3872 .
465 3810 494 3870 ἐν
516 3811 571 3872 ἔτει
593 3816 642 3887 τῆς
664 3809 718 3871 ἀπὸ
739 3813 786 3870 τοῦ
807 3810 911 3888 κόσμου
932 3809 1047 3883 κτίσεως
1070 3805 1122 3892 fii,
1151 3809 1205 3871 arb
1228 3808 1259 3870 δὲ
1281 3815 1330 3886 τῆς
1353 3817 1487 3894 seplasia
1515 3809 1555 3869 ἐν·

266 3911 480 4000 ανθῘρωπώοεως
503 3911 591 4000 loppss']
621 3915 650 3974 ἐν
680 3921 714 3998 τῇ
738 3914 843 3993 Πάτμῳ
872 3913 919 3975 καὶ
949 3909 1106 4000 ᾶπελύ[θη].
1139 3913 1177 3974 ἔτι
1205 3913 1329 3994 ἐγνώσθη
1352 3917 1430 3994 ἡμῖν,
1459 3915 1497 3974 ὅτι
1523 3932 1555 3981 τις

265 4019 318 4079 ἀπὸ
341 4015 474 4106 Κρή[της]
503 4021 541 4091 ὡς
564 4020 686 4096 pesque
708 4015 811 4095 ἐξῆλθε
832 4024 984 4100 προσαιτῶν
1008 4013 1218 4103 ἑλεημοούνῙην]
1243 4024 1406 4100 ....νῆς,
1430 4021 1460 4079 ὃν
1482 4020 1555 4094 ἡμεῖς
1578 4091 1579 4116 3

266 4125 316 4184 cus
337 4123 461 4202 οἴδαμεν.
486 4124 529 4184 διδ
552 4122 885 4196 sarracenescum
908 4117 1047 4210 liesdac]
1070 4124 1186 4202 τηρεῖτε.

369 4245 390 4323 †
414 4245 591 4325 Γρηγὸριος
613 4244 827 4326 ἁμαρτωλός,
850 4243 1145 4324 ἷερομόναχοςκαὶ
1160 4245 1435 4328 καθηγούμενος,
1458 4243 1511 4304 καὶ
1531 4242 1554 4302 οἱ
1578 4259 1579 4298 r

272 4349 325 4408 σὺν
350 4347 424 4424 ἐμοὶ
447 4347 587 4430 ἀδελφοὶ
609 4351 730 4422 πάντες
751 4348 973 4430 ἱερομὸναχοι
995 4347 1051 4409 καὶ
1074 4347 1226 4427 μοναχοί.
1252 4349 1273 4428 †

369 4475 551 4533 Translati
574 4495 618 4532 ex
639 4474 756 4550 grecis
779 4473 920 4532 litteris
943 4473 979 4532 iu
1000 4474 1171 4532 latinum:
1203 4475 1286 4532 Iesus
1313 4473 1460 4533 Christus.
1490 4475 1579 4570 (ΞΗ

266 4577 364 4654 gorius
386 4579 649 4657 hyeromonaohus‚
673 4577 812 4653 indignus
834 4597 936 4639 servus
955 4579 1022 4650 Dei,
1046 4579 1134 4636 abbas
1157 4577 1188 4636 in
1211 4584 1396 4638 sacrosancto
1419 4585 1554 4638 monaste·
1578 4575 1579 4642 l

266 4681 312 4740 rio
345 4686 377 4740 et
409 4682 549 4743 coenobio
579 4681 680 4740 Sancti
707 4681 827 4742 Ioannis
863 4682 959 4744 insula
989 4685 1116 4754 Patmos,
1154 4683 1290 4742 omnibus
1322 4684 1502 4744 christicolis
1529 4701 1554 4740 as
1578 4649 1579 4688 ¹
