3186 5286
255 603 313 668 VI.
338 599 565 685 6969-1461,
588 601 639 664 23.
664 601 783 666 mensis
808 601 921 683 martii,
946 598 1021 686 [ind.
1046 596 1117 685 IX]

182 779 258 845 Papa
275 779 340 828 Pius
358 777 391 826 11.
411 779 501 828 tuetur
520 775 710 826 monasterium
730 779 757 826 et
776 775 834 826 eius
852 774 923 824 bona
941 777 1034 824 eontra
1052 778 1179 838 raptores.

141 958 214 1016 Pius
237 956 398 1033 episeopus,
423 973 525 1015 servus
548 973 701 1014 servorum
721 953 788 1024 Dei,
812 952 1030 1012 venerabilibus
1051 951 1193 1010 tratribus
1215 951 1335 1010 Creten·

24 1057 82 1144 [si]
118 1068 149 1120 et
177 1056 350 1140 colosenpi]
381 1059 610 1136 archiepiscopis
644 1060 768 1117 salutem
801 1063 833 1116 et
866 1057 1055 1134 apostolicam
1088 1055 1334 1114 benedictionem.

27 1169 97 1226 Sub
121 1165 276 1242 religionis
298 1165 403 1223 habitu
425 1164 473 1242 pie
489 1163 552 1224 vite
575 1163 673 1222 studio
695 1163 867 1222 vacantibus
890 1162 1022 1238 personis
1044 1163 1087 1220 ite
1110 1159 1250 1220 debemus
1272 1177 1335 1218 esse

24 1271 175 1349 propicii,
202 1275 236 1328 nt
258 1272 294 1328 ab
321 1270 402 1328 omni
429 1269 650 1346 perturbatione
672 1287 773 1326 secare
800 1273 831 1326 et
853 1265 1041 1345 oppressione
1064 1267 1147 1326 illese
1170 1261 1206 1323 in
1224 1263 1335 1324 divinis

23 1375 232 1452 beneplacitis
258 1373 442 1452 exequendis
468 1373 624 1432 obstaculis
646 1372 828 1450 quibuslibet
854 1377 1002 1448 nequeant
1027 1371 1213 1450 aliquatenus
1241 1369 1335 1445 impe-

25 1481 104 1539 diri.
134 1479 280 1538 Exhibita
303 1479 451 1556 siqnidem
473 1479 557 1536 nobis
579 1495 673 1554 nuper
694 1495 747 1554 pro
770 1483 853 1553 parte
876 1477 1051 1534 dilectorum
1073 1473 1211 1547 filiorum,
1235 1493 1335 1533 mona-

23 1589 159 1643 chornm
192 1583 363 1642 monasterii
399 1583 498 1641 Sancti
530 1582 673 1641 Iohannis
703 1583 893 1657 Evangeliste
927 1581 1023 1639 insule
1056 1582 1186 1650 Patmos,
1222 1580 1335 1638 ordinis

25 1690 136 1747 Sancti
161 1687 275 1758 Basilii,
300 1689 432 1745 Palmose
455 1686 590 1757 diocesis,
619 1685 729 1763 peticio
756 1685 934 1756 ocntinsbat,
959 1687 1036 1762 quod
1063 1685 1196 1744 nonnulli
1224 1685 1334 1762 iniqni-

25 1795 106 1852 tatis
133 1793 190 1852 filii
216 1792 382 1850 animarum
409 1809 527 1850 suarum
554 1790 657 1849 salutis
683 1791 871 1849 immemores
893 1789 1010 1868 Deique
1036 1789 1144 1848 timore
1173 1791 1334 1866 postposito

26 1903 111 1958 bona
133 1898 171 1956 ad
195 1897 309 1954 dictum
331 1895 542 1954 monasterinm
569 1894 704 1970 legitime
730 1894 912 1971 pertinentia
937 1913 972 1952 ac
994 1893 1094 1952 usibus
1116 1893 1257 1970 ipsorum,
1282 1893 1334 1971 qui

25 2021 159 2061 numero
190 2001 344 2076 sexaginta
370 2001 419 2060 vel
449 1999 528 2058 cirea
549 1997 712 2058 existentes
740 2005 770 2057 ot
800 1999 934 2057 redditus
963 1997 1076 2076 aliquos
1106 2017 1164 2056 non
1192 1999 1334 2056 habentes

25 2110 68 2166 de
99 2106 194 2176 bonis,
223 2125 281 2183 que
308 2105 352 2162 eis
379 2104 428 2182 pia
454 2103 588 2162 fidelium
617 2104 775 2179 largitione
805 2123 858 2180 pro
888 2109 1021 2181 tempore
1051 2104 1252 2162 conceduntur
1281 2103 1333 2161 sub

26 2211 167 2287 regulari
191 2211 378 2269 observantia
401 2211 474 2268 dicti
501 2209 614 2268 ordinis
636 2210 668 2268 in
691 2209 770 2268 dioto
798 2209 975 2268 monasterio
998 2203 1092 2269 vitam
1118 2210 1239 2280 ducant,
1268 2227 1333 2285 per·

28 2337 103 2394 sepe
137 2322 199 2374 tem
225 2315 339 2374 furtive
368 2333 457 2392 qnam
483 2313 631 2374 violenter
653 2316 826 2374 subtrahere
849 2320 880 2374 et
902 2333 1044 2393 oooupare
1072 2315 1206 2392 ipsosque
1234 2333 1333 2372 mona·

27 2425 101 2481 ohos
130 2419 192 2478 illis
215 2421 342 2496 spoliare
364 2439 487 2496 persepe
506 2425 688 2495 presumunt,
713 2420 744 2478 in
765 2421 931 2480 animarum
953 2421 1143 2498 spoliatorum
1163 2419 1333 2478 huiusmodi

31 2527 202 2605 pericnlum
224 2531 255 2584 et
277 2524 448 2582 monasterii
467 2537 505 2583 'ao
528 2525 737 2584 monachorum
759 2526 959 2602 predictorum
982 2545 1039 2583 non
1063 2525 1212 2584 modicum
1234 2524 1333 2600 prein-

30 2633 158 2691 dicium.
187 2631 286 2694 Quare
309 2647 361 2706 pro
384 2634 468 2706 parte
492 2629 699 2688 monachorum
719 2629 919 2708 predictorum
934 2630 1136 2701 asserentium,
1161 2630 1334 2708 quoddam

31 2737 171 2794 infideles
195 2735 314 2793 illarum
340 2734 470 2810 partium
497 2735 560 2792 loca
582 2733 777 2792 finitimorum
799 2734 933 2794 fidelium
960 2753 1012 2812 pro
1035 2739 1168 2810 tempore
1190 2734 1333 2793 invadere

31 2849 61 2900 et
89 2860 236 2918 occupare
262 2841 427 2916 damnaque
455 2839 654 2910 diversimode
684 2839 743 2896 illis
769 2839 881 2897 inferre
908 2843 1075 2914 procurant,
1107 2838 1164 2914 ipsi
1195 2838 1330 2896 monachi

30 2948 154 3004 illorum
181 2945 344 3004 adventum
360 2949 402 3001 -et
429 2963 597 3020 progressus
624 2942 762 3019 vigilanti
789 2943 888 3000 studio
914 2941 1050 3000 fidelibus
1079 2937 1229 3020 pref[atis]
1260 2942 1331 3000 inti-

29 3071 115 3110 mare
139 3053 298 3127 procurant
325 3048 425 3126 sicque
446 3047 549 3106 fideles
571 3048 650 3126 ipsos
671 3069 690 3106 a
711 3023 850 3123 gravibus
872 3047 1011 3124 periculis
1033 3052 1064 3104 et
1086 3045 1332 3104 intollerabilibns

29 3155 150 3215 damnis
178 3158 359 3231 preservant,
387 3153 471 3212 nobis
498 3153 558 3212 fuit
582 3153 740 3212 humiliter
766 3153 971 3229 supplicatum,
1000 3155 1034 3208 ut
1061 3151 1092 3208 in
1115 3149 1266 3227 premissis
1288 3149 1331 3208 eis

29 3265 200 3338 opportune
224 3257 379 3334 providere
403 3258 440 3315 do
467 3257 651 3333 benignitate
674 3257 832 3334 apostolica
854 3257 1052 3333 dignaremur.
1083 3256 1144 3313 Nos
1166 3253 1260 3330 igitur
1281 3273 1331 3312 cu·

30 3367 160 3442 pientes,
189 3367 223 3420 nt
245 3381 318 3440 qnos
341 3362 398 3420 Dei
420 3361 512 3420 timor
533 3367 564 3420 et
587 3363 731 3422 virtutum
754 3361 867 3438 premia
889 3383 907 3419 a
928 3361 1005 3419 malo
1029 3381 1085 3419 non
1107 3365 1256 3432 revocant,
1280 3361 1331 3417 ad·

29 3471 180 3528 iectarnm
202 3465 431 3542 exaggeratione
457 3469 489 3524 et
510 3466 745 3526 adiiciendarum
768 3486 910 3544 penarum
936 3465 1096 3525 formidine
1124 3465 1260 3524 cohibeat
1286 3485 1330 3523 se-

29 3574 146 3634 veritas
175 3570 347 3648 discipline,
380 3569 569 3629 fraternitate
598 3575 698 3630 vestre
731 3591 784 3647 per
813 3571 973 3648 apostoliea
1006 3571 1116 3648 scripta
1148 3571 1329 3641 mandamus,

30 3677 175 3756 quatinus
197 3676 321 3735 rossel
350 3675 425 3733 alter
446 3679 579 3735 vestrum
605 3693 659 3752 per
681 3695 732 3736 vos
753 3676 803 3736 vel
831 3674 923 3734 alium
953 3695 1006 3734 ssu
1035 3674 1107 3734 alios
1138 3675 1273 3733 omnibns
1301 3679 1332 3733 et

30 3781 158 3858 singulis
184 3786 246 3838 tam
275 3779 405 3858 partium
432 3781 603 3838 earumdem
630 3780 748 3852 incolis,
773 3800 861 3860 qnam
886 3779 953 3839 aliis
976 3781 1207 3860 quibuscumque
1234 3781 1330 3838 cuins-

30 3905 159 3966 cumque
181 3885 297 3962 gradus,
322 3883 434 3942 ordinis
457 3885 506 3944 vel
528 3883 707 3944 conditionis
729 3883 870 3957 existant,
894 3905 931 3944 ne
954 3885 991 3944 de
1014 3889 1112 3944 cetero
1135 3885 1239 3963 quovis
1262 3904 1330 3962 qne-

30 3993 87 4050 sito
113 3992 210 4050 colore
234 3990 345 4049 directe
367 3992 417 4050 vel
439 3987 595 4061 indimota,
620 3993 715 4070 palam
737 3991 787 4052 vel
809 3991 932 4062 occulte,
960 4009 1015 4068 per
1036 4009 1067 4048 se
1088 3991 1137 4050 vel
1164 3989 1256 4048 alium
1279 4011 1331 4048 seu

30 4097 107 4154 alios
137 4098 214 4154 bona
243 4093 412 4153 huiusmodi
447 4095 483 4154 ad
515 4095 628 4154 dietum
658 4095 868 4154 monasterium
902 4101 933 4154 et
963 4095 1092 4174 ipsorum
1122 4096 1330 4152 monachorum

30 4220 103 4258 usus
131 4198 353 4278 quomodolibet
385 4199 566 4276 pertinentia
595 4205 626 4257 et
655 4199 819 4276 spectantia
847 4199 955 4271 furari,
985 4219 1089 4276 rapere
1111 4199 1160 4258 vel
1190 4217 1331 4274 occupare

31 4325 85 4362 sou
116 4324 165 4362 eos
188 4303 381 4382 quovismodo
411 4303 471 4362 illis
501 4304 628 4380 spoliare
658 4309 709 4362 aut
739 4303 811 4361 talia
840 4303 1022 4381 perpetranti
1053 4303 1218 4363 consentire
1244 4303 1330 4362 auxi-

31 4410 154 4478 liumre,
183 4407 338 4466 consilium
360 4409 408 4466 vel
430 4407 564 4467 favorem
587 4413 718 4484 prestare
741 4413 919 4486 presumant,
943 4409 997 4466 snb
1019 4408 1331 4467 excommunicationis

30 4531 109 4590 pena
135 4511 313 4570 auctoritate
339 4517 438 4570 nostra
461 4511 625 4571 districtius
651 4513 797 4572 inhibere.
828 4514 868 4572 Et
890 4512 1097 4571 nichilominus
1120 4513 1185 4585 ubi,
1213 4515 1330 4590 quando

31 4624 61 4676 et
78 4617 217 4695 quotiens
239 4615 401 4693 expediens
423 4617 516 4676 fuerit
538 4621 569 4676 et
591 4636 644 4694 pro
666 4621 750 4694 parte
773 4601 981 4676 monachorum
996 4617 1196 4695 predictorum
1211 4619 1330 4678 fueritis

31 4720 172 4800 requisiti
196 4739 248 4778 seu
269 4721 345 4779 alter
366 4727 499 4780 vestrum
522 4721 614 4780 fuerit
640 4722 811 4802 requisitus,
839 4742 897 4794 eos,
922 4723 973 4800 qui
996 4728 1097 4782 contra
1119 4723 1224 4782 fecisse
1245 4723 1330 4783 robis
