3184 5288
440 792 563 856 XXVI.
590 789 846 876 (6653-1145),
869 813 979 856 mense
1002 793 1125 875 martio,
1148 789 1213 856 ind.
1231 791 1321 856 VIII.

234 978 386 1044 Imperator
415 974 527 1028 Manuel
552 975 696 1028 Comnenus
714 974 892 1043 precantibus
921 973 1057 1028 monaches
1087 973 1227 1043 confirmat
1257 975 1431 1044 exemptiones
1461 977 1518 1028 ουίυ-

232 1097 326 1132 norum
349 1079 507 1132 monasterii
528 1079 555 1131 ιἰι
578 1079 668 1132 imula
695 1079 765 1132 Lero
788 1095 925 1132 concessas
952 1079 987 1132 αὑ
1014 1078 1108 1132 Alexio
1132 1080 1155 1132 I.
1182 1081 1319 1147 Οοοιτισπο,
1348 1079 1478 1150 donatque
1501 1081 1520 1134 α’

579 1183 648 1236 alios
670 1201 716 1237 εσσε
738 1183 843 1237 colonos
866 1189 999 1252 exemptos
1021 1201 1040 1236 α
1062 1183 1180 1236 tribulis.

337 1351 359 1409 1.
384 1349 506 1424 Δέηοις
536 1348 738 1410 Θεοκτίστου
773 1354 923 1427 μοναχοῡ
961 1348 1017 1408 καί
1052 1351 1306 1427 καθηγουμένου
1336 1355 1395 1426 τῆς
1428 1357 1518 1426 μονῆς
1584 1398 1585 1404 ,

231 1472 311 1552 προς
332 1473 386 1530 τὀν
410 1473 638 1552 αὐτοκράτορα
660 1471 821 1545 Μανουὴλ
843 1471 1026 1546 Κομνηνόν.

334 1612 354 1690 †
377 1609 544 1686 Τολμῶντες
568 1607 592 1668 οί
616 1606 719 1681 ἀνάξιοι
743 1607 789 1670 καί
812 1611 936 1682 εὑτελεῑς
959 1609 1053 1670 δοῦλοι
1075 1615 1124 1684 τῆς
1147 1614 1278 1689 κραταιᾶς
1300 1607 1347 1668 καί
1371 1609 1451 1700 άγίας
1473 1609 1518 1683 βα-

231 1730 336 1802 σιλείας
359 1751 407 1790 σου
436 1729 564 1811 δεόμεθα,
590 1731 706 1790 δέσποτα
729 1733 808 1807 ήμῶν
831 1733 907 1810 άγιε·
936 1732 950 1790 ό
974 1731 1002 1790 ἐν
1026 1721 1180 1804 βασιλεῦσιν
1211 1729 1372 1806 ἀείμνηστος
1403 1731 1519 1805 βασιλέα,

229 1851 276 1912 καί
297 1855 408 1924 πάππος
429 1861 478 1929 τῆς
501 1855 659 1931 θεσστεροῡς
686 1850 732 1912 καί
755 1853 837 1932 ἁγίας
864 1848 1007 1926 βασιλείας
1031 1874 1086 1933 σου,
1114 1853 1196 1932 κυρὺς
1223 1849 1354 1926 Ἀλέξιος
1376 1853 1391 1910 δ
1414 1854 1519 1928 Κομνη-

229 1975 284 2053 νός,
308 1973 455 2049 ἀναμαθῶν
478 1975 526 2050 τὴν
549 1977 699 2054 προσοῦσαν
722 1973 788 2048 ἡμῖν
813 1974 918 2034 ἔνδειαν
941 1972 987 2033 καὶ
1003 1974 1116 2053 ἀπορίαν
1131 1971 1178 2033 καί
1195 1974 1281 2032 αὑτῶν
1296 1979 1349 2032 τῶν
1373 1973 1519 2052 ἀναγκαίων

231 2095 381 2175 ὑστέρησιν,
405 2095 538 2167 παντοίως
563 2095 746 2175 ἐχειραγώγει
768 2096 852 2173 ἡμᾶς,
880 2093 926 2154 καὶ
949 2095 1095 2171 μετὰτῶν
1118 2092 1216 2154 ἄλλων
1240 2096 1271 2154 δὲ
1293 2101 1387 2155 πασῶν
1411 2096 1519 2170 ἐλεημσ·
1584 2151 1585 2156 ,

229 2221 323 2296 συνῶν,
348 2208 385 2274 ὧν
408 2217 476 2294 πρός
498 2217 572 2292 ήμάς
596 2212 761 2296 ἐνεδείξατο,
792 2215 838 2276 καί
863 2213 1034 2288 ἑξκουσσείαν
1062 2215 1201 2296 παροίκων
1229 2216 1347 2276 δεκαδὺο
1376 2217 1519 2296 ἐλευθέρων
1584 2247 1585 2278 ;

229 2359 258 2397 τε
292 2335 339 2396 καί
372 2337 480 2396 ἀτελῶν
512 2335 558 2396 καί
590 2339 659 2414 μήτε
690 2344 742 2416 γῆν
774 2335 842 2398 ἰδίαν
874 2337 1004 2418 ἐχόντων,
1035 2340 1106 2414 μήτε
1136 2341 1182 2397 τοὺ
1212 2337 1341 2413 δημοσίου
1372 2337 1519 2417 ἐδωρήσατο
1582 2367 1585 2400 τ

228 2461 303 2538 ἡμῖν,
327 2460 397 2518 ὥστε
421 2457 552 2518 ἀνοικίσαι
574 2457 669 2531 αὑτοὺς
691 2459 720 2518 ἐν
743 2463 799 2532 τοῖς
821 2463 962 2539 προσοὺτιν
987 2459 1053 2534 ἡμῖν
1077 2459 1213 2534 ἀκινήτοις
1230 2461 1259 2518 ἐν
1274 2467 1307 2542 τῇ
1323 2461 1398 2539 νήσῳ
1421 2459 1518 2538 Λέρνῳ,

230 2582 275 2652 σὺς
297 2578 345 2640 καί
368 2577 547 2653 ἐνοικίσαντες
570 2578 616 2640 καί
640 2582 722 2660 μέχρι
744 2587 794 2663 τῇς
817 2580 895 2661 δεῦρο
918 2583 1085 2658 κατέχοντες
1108 2582 1315 2662 ὑπερευχόμεθα
1339 2581 1390 2656 μὲν
1413 2579 1458 2640 καί
1479 2584 1519 2639 τοὺ

229 2703 390 2778 ἀειμνήστου
423 2703 539 2782 κράτους
571 2699 674 2761 ἐκείνου
707 2701 753 2761 καί
788 2709 836 2777 τῆς
867 2703 1026 2781 θεοστεροὺς
1058 2702 1201 2776 βασιλείας
1221 2724 1278 2764 σου.
1307 2703 1337 2762 οὑ
1365 2708 1468 2782 μικρῶς
1493 2702 1518 2760 δὲ

228 2823 291 2882 καθ’
305 2825 418 2882 ἕκαστον
440 2824 539 2901 χρόνον
563 2822 728 2900 όχλοὺμενοί
748 2843 777 2882 τε
797 2821 843 2882 καί
860 2823 1042 2898 διασειόμενοι
1064 2823 1139 2903 παρά
1160 2829 1213 2882 τῶν
1236 2823 1307 2883 κατὰ
1329 2823 1441 2902 καιρσὺς
1461 2844 1519 2902 πρα-

228 2947 331 3025 κτόρων
354 2951 402 3020 τῆς
425 2947 505 3020 νήσου
529 2945 622 3020 Σάμου
646 2944 691 3004 διὰ
712 2946 742 3005 τδ
766 2945 804 3020 μὴ
832 2945 921 3025 ῥητῶς
945 2945 973 3004 ἐν
996 2944 1035 3023 τῷ
1057 2947 1183 3023 γεγονότι
1205 2947 1269 3022 ήμῑν
1296 2945 1371 3026 παρὰ
1397 2949 1444 3004 τοῦ
1465 2944 1518 3003 ἀει-

229 3068 347 3143 μνήστου
369 3069 479 3126 πάππου
501 3071 550 3142 τῆς
574 3065 720 3141 βασιλείας
743 3086 789 3126 σου
815 3065 1013 3148 χρυσσβοὺλλῳ
1042 3067 1171 3145 σιγιλλίῳ
1198 3064 1331 3146 περὶτῆς
1355 3063 1520 3138 ἐξκουσσείας

229 3195 283 3248 τῶν
309 3189 435 3249 τοισότυιν
464 3187 600 3269 παροίκων
623 3189 805 3268 ζευγαράτους
832 3188 928 3260 αὑτοὺς
956 3188 1144 3264 ὀνομάζεσθαι,
1173 3187 1240 3248 ἀλλ’
1257 3187 1355 3260 ἁπλῶς
1381 3188 1520 3268 παροίκους

228 3306 267 3388 τῷ
289 3308 371 3388 κοινῷ
394 3308 485 3384 λιμένι
508 3307 555 3368 καί
578 3315 677 3390 σωτῆρι
699 3312 806 3370 πάντων
829 3316 883 3369 τῶν
908 3311 1109 3386 χειμιζομένιυν
1137 3309 1175 3388 τῷ
1202 3311 1341 3388 θεοοτερεῖ
1362 3311 1455 3390 κράτει
1475 3314 1519 3383 τῆς

229 3430 372 3506 βασιλείας
395 3451 451 3510 σου,
474 3431 678 3510 προστρέχομεν
701 3429 747 3489 καὶ
771 3431 890 3505 δεόμεθα
916 3432 1043 3508 γενέσθαι
1070 3433 1135 3507 ήμϊν
1157 3431 1245 3506 τίμιον
1272 3429 1318 3490 καί
1345 3430 1519 3511 προσκυνητδν

229 3555 312 3628 αὑτῆς
337 3553 509 3633 πρόσταγμα,
533 3555 578 3610 τοῦ
603 3553 699 3626 μηκέτι
722 3551 837 3628 δχλησίν
860 3573 918 3612 τινα
940 3551 1094 3631 ὑφίστασθαι
1120 3552 1194 3633 παρὰ
1220 3557 1273 3612 τῶν
1296 3555 1454 3632 πρακτόρων
1475 3556 1519 3626 τῆς

228 3675 322 3748 Σάμου
350 3675 443 3732 ἕνεκεν
457 3679 520 3758 Ιτῶν
541 3674 694 3752 προσόντων
717 3675 781 3749 ήμῖν
805 3674 915 3734 δώδεκα
936 3675 1074 3753 παροίκων
1103 3677 1286 3755 ζευγαράτιυν.
1313 3677 1381 3753 πρός
1405 3674 1447 3734 ἐπὶ
1467 3674 1520 3732 τοί-

227 3817 283 3866 τοις
312 3793 432 3870 δεόμεθα
457 3794 503 3855 καί
535 3793 617 3855 εἰσέτι
647 3794 842 3874 ὑφαπλῳθῆναι
871 3799 936 3872 ήμῖν
967 3799 1011 3856 τόν
1040 3798 1120 3857 ἔλεον
1149 3801 1200 3872 τῆς
1230 3795 1374 3872 βασιλείας
1401 3816 1447 3855 σου
1479 3793 1521 3854 καί

229 3915 378 3997 βραβεῦσαι
400 3918 465 3992 ήμῑν
487 3914 534 3976 καὶ
558 3917 666 3997 ἐτέρους
693 3916 839 3998 παροίκους
865 3920 1046 3998 ζευγαράτσυς
1063 3901 1192 3996 ἀτελεῖς,
1220 3916 1267 3978 καὶ
1290 3920 1361 3993 μήτε
1383 3922 1435 3996 γῆν
1458 3915 1521 3975 ἰδίαν
1584 3949 1585 3984 γ

229 4039 355 4118 έχοντας,
379 4039 449 4113 μήτε
472 4037 510 4117 τῷ
534 4038 658 4118 δημοσίῳ
680 4041 789 4111 πάντως
812 4040 1047 4119 ἐπεγνωσμένους,
1072 4041 1150 4109 όσους
1174 4040 1206 4098 ἐκ
1225 4041 1288 4099 θεοῦ
1308 4039 1441 4120 όδηγηθῇ,
1457 4040 1521 4096 ὥστε
1584 4039 1585 4086 ἶ

229 4159 357 4219 ἐνοικίσαι
392 4159 487 4231 αὑτοὺς
515 4159 543 4218 ἐν
574 4164 630 4232 τοῖς
660 4158 731 4220 οὑσιν
761 4161 826 4235 ήμῑν
854 4159 1009 4238 οὑδαμινσῑς
1037 4161 1173 4236 ἀκινήτοις
1201 4161 1230 4220 ἐν
1257 4167 1290 4243 τῇ
1317 4163 1391 4240 νήσῳ
1424 4161 1521 4238 Αέρνῳ,

227 4280 274 4341 καί
291 4283 320 4341 οὑ
331 4282 491 4356 παυσόμεθα
506 4280 552 4341 καὶ
569 4280 642 4342 αὑτσί
656 4285 742 4356 ποιεῖν
758 4283 820 4343 καθ’
838 4285 955 4359 ἑκάστην
970 4285 1075 4364 ἡμέραν
1091 4285 1226 4362 τριοάγισν
1242 4282 1308 4364 ὑπὲρ
1320 4289 1370 4358 τῆς
1386 4279 1522 4358 βασιλείας
1584 4273 1585 4312 ³

229 4425 274 4463 σου
287 4401 333 4462 καί
350 4405 460 4482 θερμῶς
474 4405 557 4479 αὑτής
573 4405 778 4484 ὑπερεὺχεοθαι,
790 4399 823 4479 ἧς
842 4405 880 4476 ιὺς
896 4403 989 4464 δοῦλοι
1006 4399 1110 4476 ἀνάξιοι
1126 4403 1314 4480 τολμήσαντες
1332 4403 1483 4480 ἐδεήθημεν
1495 4402 1546 4489 5³,

331 4527 352 4604 †
371 4527 492 4600 Δέησις
508 4524 709 4586 Θεοκτίστου
730 4533 879 4602 μοναχοὺ
904 4527 1061 4596 εὑτελοὺς
1076 4523 1131 4584 καί
1151 4530 1213 4584 τῶν
1229 4525 1356 4584 λοιπῶν
1373 4529 1523 4600 μονοιχῶν

228 4652 289 4707 τῶν
307 4647 392 4729 ἐντῇ
409 4646 550 4727 δουλικῇ
566 4667 621 4706 σου
644 4651 729 4728 μονῇ
752 4651 790 4728 τῇ
815 4647 847 4706 ἐν
863 4653 900 4730 τῇ
917 4649 1013 4726 ’νήσῳ
1036 4645 1156 4726 Πάτμῳ
1180 4646 1308 4708 δοὺλων
1332 4643 1482 4719 ἀναξίων,
1505 4646 1523 4720 †
