3186 5286
1279 376 1344 438 405

56 569 231 642 Rogatorum
261 573 376 645 captam
406 569 497 628 inisse
528 575 641 646 partem
672 570 782 628 tenoris
809 569 1001 646 infrascripti,
1025 571 1184 631 videlicet:
1213 573 1268 630 cha
1291 593 1344 649 pcr

54 677 133 746 gratu
156 672 381 732 dimostratione
404 675 471 732 dall'
489 675 656 734 amorarcla
679 673 778 732 animo
802 675 879 732 dalla
901 667 944 732 δί*
964 679 1063 732 nostra
1086 695 1170 735 verso
1192 675 1214 733 li
1234 670 1271 736 1⁴¹³
1293 697 1343 753 pa·

55 778 95 834 dri
117 777 149 835 di
173 778 204 836 S.
228 777 376 836 Giorunni
399 778 429 835 di
454 779 569 854 Pstino,
601 785 631 836 ct
653 797 706 854 per
728 780 824 837 usarle
847 781 878 838 di
901 780 1000 856 quella
1023 779 1126 853 gratis,
1158 781 1236 838 dalle
1258 783 1344 858 quule

53 901 119 938 sono
150 881 319 940 meritevoli
349 901 403 958 pcr
428 883 457 940 la
487 881 628 958 integritd
654 883 730 940 della
761 885 823 940 loro
849 883 914 944 vitu
936 889 967 942 et
988 903 1042 960 per
1063 883 1085 942 li
1110 884 1198 942 buoni
1221 889 1252 942 et
1274 881 1343 944 utili

54 986 176 1060 scrvitij,
208 987 264 1044 che
286 988 386 1044 hanno
409 993 539 1063 prestato
562 993 593 1046 ot
616 995 752 1064 prestuno
775 988 805 1046 in
829 989 897 1064 ogni
922 989 1083 1058 occasione,
1107 1009 1188 1047 come
1211 990 1235 1046 si
1259 985 1276 1046 ὸ
1299 989 1343 1048 in-

53 1097 109 1148 tcso
141 1091 219 1148 delle
250 1091 465 1168 supplicatione
496 1097 526 1150 ct
557 1093 697 1150 scritture
727 1093 801 1150 hora
829 1094 904 1151 lette
934 1093 1004 1152 delli
1035 1093 1218 1170 proveditori
1248 1093 1342 1152 nostri

53 1215 132 1272 scprs
155 1195 166 1254 i
190 1195 263 1270 datij
287 1203 318 1254 et
340 1197 446 1274 cinque
468 1197 541 1272 savij
565 1199 623 1256 alls
645 1197 816 1266 marcentia,
847 1199 903 1256 che
933 1197 1113 1256 usseriscono
1140 1217 1238 1256 essere
1267 1199 1343 1266 bene

53 1301 79 1358 di
105 1299 279 1378 esaudirgli‚
308 1301 352 1358 sis
378 1319 514 1359 concessu
541 1301 708 1360 assentione
736 1302 766 1360 di
791 1301 872 1360 datio
899 1303 929 1360 di
954 1303 1003 1360 dci
1025 1302 1120 1361 barile
1143 1302 1172 1358 di
1196 1302 1268 1360 vino
1290 1321 1343 1378 per

52 1407 159 1464 cedaun
176 1405 334 1482 mariuarc,
359 1406 413 1463 che
429 1403 533 1466 veniri
555 1407 586 1466 in
609 1410 713 1484 questa
735 1403 807 1464 cittis
830 1425 915 1482 sopra
937 1405 960 1464 li
983 1407 1025 1466 sei
1048 1405 1165 1467 vasselli
1189 1407 1237 1464 del
1260 1407 1343 1464 detto

52 1510 226 1568 monasterio
257 1510 288 1566 di
312 1511 341 1567 S.
366 1510 514 1570 Giovanni
538 1511 569 1568 di
592 1511 708 1582 Patino‚
739 1512 861 1570 essendo
892 1514 963 1587 pero
992 1511 1086 1569 tanuti
1117 1511 1173 1570 essi
1201 1509 1341 1568 meriusri

51 1615 148 1688 giurar
170 1621 356 1690 sagramento
378 1616 406 1672 al
429 1615 511 1672 datio
534 1616 582 1672 dcl
604 1615 685 1685 rino,
709 1616 764 1672 ohc
787 1618 843 1674 essi
867 1615 916 1673 doi
936 1616 1030 1674 burile
1050 1615 1132 1674 siano
1153 1615 1182 1671 di
1199 1617 1261 1672 loro
1277 1633 1342 1691 prc-

51 1719 113 1794 pria
135 1719 257 1796 ragione
281 1725 312 1778 et
334 1739 388 1796 per
410 1739 461 1778 suo
485 1720 642 1797 particolar
663 1739 811 1778 consumo.
848 1719 946 1784 Quare
976 1719 1153 1778 auctoritate
1180 1719 1341 1796 supradicti

50 1823 163 1881 consilii
188 1825 359 1882 mandamus
382 1825 475 1896 vobis,
499 1831 533 1882 nt
556 1825 755 1902 supradictam
777 1831 892 1901 purtem
916 1825 1078 1884 observetis
1100 1831 1132 1882 ct
1150 1826 1187 1883 ab
1206 1824 1342 1882 omnibus

50 1927 264 1986 inviolabiliter
286 1929 436 1988 observari
458 1929 584 1988 faciatis.
619 1931 731 1987 Dataa
759 1929 795 1986 in
823 1935 943 1988 nostro
970 1930 1089 1986 ducali
1114 1929 1258 2005 palutio,
1283 1928 1342 1986 die

49 2031 119 2090 XX.
141 2032 246 2110 iunii,
270 2033 472 2092 indictione
495 2035 615 2104 tertia,
641 2035 831 2092 MDLXXX.

777 2137 890 2194 Mario
914 2139 1102 2202 Otthobon‚
1127 2137 1296 2212 segretaric.

150 2236 259 2288 Arctet.
285 2239 393 2288 membr.
418 2253 479 2288 curn
503 2237 593 2304 sigilio
616 2237 712 2300 ducali,
737 2240 764 2287 in
790 2253 844 2304 quo
870 2247 910 2288 est
933 2241 1023 2304 imago
1047 2238 1073 2288 Β.
1098 2237 1170 2288 Petri
1198 2243 1226 2286 ct
1253 2237 1340 2287 Pauli.

48 2323 152 2373 Primus
170 2339 263 2375 versus
281 2325 390 2374 tabulae
408 2327 522 2392 scriptus
540 2331 581 2375 sat
598 2326 695 2376 litteris
713 2327 809 2376 aureis.
829 2325 861 2376 0.
880 2327 976 2391 Rayat,
994 2341 1019 2390 p.
1037 2326 1183 2375 235-236.

240 2523 333 2588 XIX.
358 2524 584 2608 lior-1594,
607 2524 658 2590 29.
681 2529 801 2592 mensis
824 2527 949 2610 augusti
973 2522 1049 2612 [iud.
1067 2522 1153 2610 VH].

48 2645 152 2696 llarcus
166 2623 299 2698 Antonius
311 2647 482 2714 conterinus,
501 2649 621 2714 provisor
638 2649 706 2698 arcis
724 2649 820 2710 Sudae,
839 2649 963 2710 affirmat,
976 2663 1004 2698 se
1018 2649 1151 2712 recepisse
1169 2663 1186 2696 a
1204 2647 1342 2696 monachis

143 2739 229 2786 totum
247 2735 410 2786 trumentum
430 2735 556 2786 metochii
576 2733 702 2786 Csiumse
721 2751 768 2801 pro
787 2736 993 2786 necessitatibus
1012 2734 1136 2802 praesidii
1155 2735 1231 2784 ercis.

150 2865 232 2934 Noi,
257 2865 374 2921 Marco
398 2865 485 2919 Ant⁰
508 2861 711 2932 Contemni,
736 2882 798 2936 per
819 2863 852 2918 la
875 2855 984 2920 Sere*
1007 2853 1114 2934 Sigtil
1137 2860 1172 2916 di
1196 2859 1342 2916 Vcnctia

47 2969 282 3046 provcditore
305 2969 401 3026 della
423 2967 582 3026 fortezza
605 2967 639 3024 di
663 2965 764 3024 Suda.

150 3073 305 3132 Fuccicmo
328 3072 396 3130 sede
420 3091 437 3130 a
459 3071 653 3150 qualsisoglie
675 3072 704 3130 le
727 3075 862 3147 presente
885 3075 984 3128 nostre
1006 3067 1232 3146 pervenirenno,
1259 3067 1341 3144 quel·

44 3185 147 3237 mente
169 3177 308 3236 habiamo
330 3195 457 3252 perusa
481 3175 511 3233 di
535 3181 639 3254 questo
661 3177 791 3252 presidio
814 3176 952 3233 mandato
972 3195 990 3232 a
1009 3173 1134 3250 piglierc
1151 3177 1228 3230 tutto
1244 3172 1265 3228 il
1281 3171 1340 3228 fcr-

44 3289 155 3354 mento,
179 3283 234 3340 ohe
258 3282 282 3338 si
305 3281 458 3339 ritrovava
480 3280 551 3338 nelli
575 3280 717 3354 magasini
742 3279 812 3337 dclli
836 3278 955 3338 calciari
979 3279 1028 3336 dcl
1051 3279 1176 3336 Calamc.
1209 3277 1244 3334 In
1268 3295 1340 3353 quo-

44 3409 110 3446 rum
136 3387 224 3445 fidem
248 3391 305 3443 cic.

151 3492 227 3548 Dat.
253 3491 348 3547 nella
371 3491 531 3546 lori-ezra
553 3488 647 3544 dcllc
671 3488 771 3558 suda,
797 3487 822 3544 li
849 3493 898 3545 29.
924 3489 1056 3562 Agostc
1081 3479 1199 3568 [leisc.

799 3593 902 3650 Marc.
928 3593 1014 3648 Anu
1036 3589 1235 3662 couterini,

742 3697 801 3754 Fr³
823 3695 1018 3773 Peregrini,
1041 3694 1288 3753 cancellarius.

150 3800 258 3851 Archet.
271 3799 353 3849 churt.
367 3813 427 3847 cum
445 3796 542 3864 sigillo.
556 3797 650 3862 Bayat‚
669 3813 693 3862 p.
711 3797 758 3845 lte
777 3795 883 3846 Feuille
902 3795 935 3845 de
954 3796 1047 3860 papier
1065 3809 1098 3844 en
1117 3793 1224 3854 double,
1243 3811 1267 3860 p.
1284 3796 1340 3842 140.

263 3997 339 4062 XX.
364 3995 589 4080 llos-1596,
613 3997 641 4059 c.
666 3997 785 4060 mensis
808 3993 947 4058 octobris
972 3989 1048 4080 [ind.
1073 3992 1127 4082 Xl.

42 4127 167 4176 Marinus
179 4123 331 4182 (trimanus,
354 4121 406 4170 dux
421 4121 603 4180 Venestorum,
622 4119 762 4168 continuat
781 4116 925 4168 monachos
944 4117 1098 4168 monasterii
1118 4119 1143 4168 S.
1164 4117 1292 4166 lchcnnis
1311 4117 1340 4168 li-

88 4214 155 4262 bere
174 4225 252 4276 pcsse
270 4208 387 4258 vendere
405 4208 569 4257 frumentum
589 4205 790 4266 metochiorum,
809 4221 879 4269 quae
898 4203 1035 4269 possident
1054 4205 1081 4252 in
1100 4203 1190 4252 insula
1208 4203 1294 4254 Creta.

152 4336 285 4394 Marinus
306 4333 457 4402 (immane,
482 4332 538 4390 Dei
562 4331 657 4406 gratia
684 4331 745 4388 dux
769 4329 962 4388 Venetiarum
985 4335 1052 4401 etc„
1076 4329 1222 4386 nobilibus
1244 4335 1274 4387 et
1297 4349 1341 4386 sa-

41 4443 198 4520 pientibus
221 4439 296 4498 viris
319 4439 418 4498 Marco
440 4439 570 4507 Bollane,
602 4437 639 4493 de
662 4455 713 4494 suo
740 4435 877 4492 mandato
901 4434 1090 4511 proveditorc
1114 4435 1202 4504 Sude,
1227 4439 1257 4492 et
1279 4453 1341 4490 suc·
1435 4475 1437 4480 .

40 4547 210 4608 caesoribus
232 4543 379 4612 fidelibus,
404 4541 521 4602 dilectis
543 4542 668 4598 sulutem
688 4545 719 4598 et
738 4538 906 4598 dilectionis
926 4539 1074 4596 effectum.
1100 4538 1132 4596 ci
1154 4540 1250 4596 hanno
1267 4538 1342 4594 lette

40 4671 166 4729 esporre
197 4669 250 4708 con
281 4650 343 4706 loro
375 4645 582 4724 supplicationi
614 4645 622 4702 i
657 4643 814 4704 reverendi
843 4643 977 4702 monachi
1003 4643 1031 4700 di
1057 4643 1113 4700 San
1139 4641 1284 4700 Giovanni
1310 4641 1339 4700 di

40 4759 163 4827 Paline,
195 4755 250 4812 che
279 4753 461 4830 possedendo
498 4751 554 4810 ossi
586 4771 639 4828 pcr
667 4748 870 4808 antichissime
904 4747 1083 4806 concessioni
1115 4748 1163 4806 nel
1190 4747 1341 4804 territorio
