3184 5288
266 333 329 398 154

263 529 397 609 τριότητα,
421 529 465 587 ίνα
489 529 523 588 δι’
541 531 623 606 αἰιῆς
645 529 691 590 καί
714 534 818 614 τηρηθῄ
841 532 887 592 καὶ
910 535 990 614 κριθῇ
1012 532 1059 592 καί
1081 531 1297 601 ἀποκατάστασις
1311 530 1424 606 γένηται
1439 527 1473 588 δι’
1487 531 1553 604 ἠμε-

263 649 348 710 δαπού
378 653 571 726 οημειιύματος
597 653 669 712 κατὰ
690 655 739 729 τὴν
760 661 809 729 τῆς
833 655 967 731 ἀληθείας
989 654 1144 734 διάγνωσιν,
1166 653 1248 730 ἡμεῖς
1272 651 1303 711 δὲ
1326 651 1455 722 θέλοντες
1477 651 1554 728 άμρω

262 771 297 830 τέ
323 773 394 850 μέρη
421 773 635 852 παραγενέσθαι,
660 773 684 835 οἱ
707 775 863 850 Λάμπωνες
890 775 937 836 καί
964 771 1038 848 αύθις
1063 781 1164 855 πρῶτοι
1189 773 1258 854 πρός
1279 775 1354 848 ἡμᾶς
1375 774 1553 852 παρεγένοντο

260 900 293 974 τῇ
316 893 543 976 προπαρελθούοη
566 901 681 977 κυριακῇ
706 895 840 956 ἐλθόντων
863 895 910 956 καί
932 897 965 956 τά
987 895 1048 976 περὶ
1071 902 1116 956 τού
1140 895 1365 970 ἀνακαλουμένου
1386 895 1451 974 παρ’
1468 897 1553 966 αύτοῖς

260 1019 370 1094 γονικού
397 1017 483 1074 αὐτῶν
510 1016 649 1096 χωραφίου
677 1017 899 1099 διενοχλούντων,
927 1021 976 1080 ούκ
1001 1018 1181 1094 ἠθελήσαμεν
1209 1016 1240 1077 δέ
1261 1017 1344 1092 ἡμεῖς
1371 1016 1484 1096 ἀπουσίᾳ
1509 1023 1553 1075 τοῦ

260 1139 359 1216 μέρους
386 1144 435 1214 τῆς
462 1143 549 1214 μονῆς
574 1141 663 1218 κρῖναι
686 1142 906 1220 μονοπροοιύπως
932 1143 980 1217 τὴν
1006 1141 1130 1214 τοιαύτην
1152 1139 1286 1218 ὑπόθεσιν,
1309 1139 1402 1210 καθὼς
1424 1135 1470 1198 καὶ
1491 1137 1551 1198 ούέὲ

260 1257 362 1317 δίκαιον
385 1255 428 1336 ἦν,
450 1261 526 1333 όμως
547 1261 758 1340 έρωτηματικιῖις
784 1261 831 1322 καί
854 1264 892 1334 ὡς
916 1260 960 1321 ἐπί
983 1261 1127 1342 δοκιμασίᾳ
1149 1260 1211 1332 τούς
1233 1260 1295 1334 μεθ’
1310 1261 1390 1335 ἡμῶν
1413 1259 1551 1340 συνεδρια-

259 1381 389 1454 ζομένους
420 1381 480 1454 μετ’
509 1381 641 1456 ἐπιτιμίου
668 1382 802 1462 ἠράμεθα
834 1381 918 1444 εἰπεῖν
945 1385 960 1442 ό
986 1385 1090 1444 καθένα
1116 1383 1226 1460 τούτων,
1255 1380 1326 1440 εἴτι
1355 1379 1403 1440 καὶ
1436 1381 1551 1440 σύνοιδεν

258 1499 302 1559 ἐπὶ
331 1503 361 1561 τό
397 1501 518 1563 ἐπίδικον
550 1501 623 1564 τουτὶ
655 1507 811 1584 χωράριον·
843 1505 919 1578 εύθύς
949 1509 964 1565 ό
993 1511 1040 1566 τού
1068 1506 1203 1584 ἡμετέρου
1233 1504 1339 1584 κλήρου
1369 1511 1550 1584 πρωτοπαπάς

258 1623 379 1702 Μιχαὴλ
401 1623 489 1704 ἱερεύς
512 1625 526 1683 ό
548 1629 595 1684 τού
617 1625 689 1702 Νίκη
716 1624 823 1706 πρῶτος
852 1630 960 1687 πάντων
991 1625 1176 1704 ἀπελογίσατο
1206 1627 1291 1698 ούτως
1319 1624 1413 1706 είπιύν,
1436 1627 1476 1686 ότι
1505 1627 1550 1684 «τό

255 1748 395 1824 χωράφιον
426 1747 499 1827 αύτό,
529 1747 560 1806 τό
589 1749 712 1806 κάτωθεν
741 1755 790 1825 τῆς
820 1748 883 1808 όόού
912 1755 962 1824 τῆς
991 1749 1198 1828 Σταυροπηγῆς,
1228 1747 1325 1819 καλῶς
1359 1745 1475 1822 οἴδαμεν
1507 1747 1552 1807 καὶ

255 1869 436 1948 γινώσκομεν,
460 1869 499 1928 ότι
522 1875 576 1928 τῶν
598 1871 724 1930 τοιούτων
750 1872 912 1946 Λαμπώνων
936 1869 991 1930 ἐστί
1013 1873 1134 1950 γονικόν,
1158 1871 1192 1930 δι’
1209 1864 1240 1928 ού
1262 1868 1309 1930 καί
1333 1869 1466 1945 ἐκαμιύθη
1487 1871 1550 1948 παρ’

256 1987 318 2064 ἐμοί
345 1989 416 2064 μετὰ
442 1991 490 2064 τὴν
518 1991 621 2051 ἅλωσιν
650 1997 699 2068 τῆς
728 1987 824 2072 χώρας
845 1995 934 2068 ἡμῶν,
962 1999 1015 2052 τῶν
1044 1993 1201 2072 Παλατίων,
1228 1992 1321 2066 κοινὴν
1349 1993 1424 2070 ἔχων
1453 1993 1501 2065 την
1523 2011 1551 2049 τι

254 2107 428 2192 κατασπορόιν
458 2112 530 2188 μετὰ
557 2118 605 2174 τού
635 2114 803 2194 αύταόέλρου
832 2119 879 2175 τοῦ
910 2120 1033 2193 μοναχού
1061 2116 1157 2176 Λουκᾶ
1185 2113 1289 2174 ἐκείνου
1315 2117 1363 2173 τού
1386 2113 1550 2191 Λάμπωνος,

254 2238 300 2292 τού
326 2233 481 2312 λεγομένου
504 2235 661 2313 Βοράχου»,
690 2237 720 2294 τό
748 2237 813 2295 αύτό
840 2235 887 2296 καί
914 2237 1036 2312 Νοιήτας
1062 2239 1077 2295 ό
1105 2235 1251 2311 Κουλύκης
1278 2235 1378 2314 ἔλεγεν
1409 2235 1449 2294 ότι
1481 2239 1550 2293 «τῶν

254 2355 420 2428 Λαμπώνιον
453 2353 508 2414 ἐστὶ
534 2357 643 2434 γονικόν
674 2355 722 2416 καί
755 2357 852 2436 δικαίῳ
887 2358 973 2418 αύτῶν
1001 2359 1105 2433 ἔκαμνε
1131 2361 1207 2416 τούτο
1237 2359 1252 2416 ό
1279 2357 1299 2415 Γ
1301 2356 1452 2432 ουλίελμος
1477 2361 1550 2436 κύρις
1584 2443 1585 2446 γ

204 2503 210 2514 ·
254 2474 411 2556 Θεόδωρος,
439 2478 478 2547 ὡς
501 2475 574 2553 ἔχων
600 2477 673 2553 κάμέ
696 2477 742 2538 καί
765 2479 860 2551 αύτούς
881 2478 1058 2560 παροίκους».
1082 2479 1116 2537 τά
1139 2481 1220 2554 ὅμοια
1232 2479 1344 2548 ’τούτοις
1371 2477 1419 2538 καὶ
1441 2477 1466 2538 οί
1487 2479 1549 2538 λοι-

253 2595 299 2656 ποί
335 2595 434 2676 ἔλεγον
468 2599 530 2670 τούς
556 2598 717 2675 Λάμπωνας
748 2599 772 2659 οί
798 2602 899 2672 πάντες
930 2601 1147 2675 ἀνακαλούμενοι
1181 2601 1381 2680 κληρονόμους.
1413 2601 1428 2658 ό
1458 2599 1489 2660 δέ
1517 2619 1549 2676 γε

252 2720 479 2794 πανεντιμότατος
505 2723 580 2798 κύρις
602 2721 733 2797 Ἰωάννης
756 2723 771 2780 ό
794 2722 921 2798 Πισοίπης
947 2721 993 2782 καὶ
1016 2724 1031 2780 ό
1053 2725 1182 2802 πράκτωρ
1205 2721 1365 2800 Παλατίων,
1387 2725 1462 2802 κύρις
1486 2721 1547 2780 Ἰω-

253 2845 336 2918 άννης
358 2843 373 2900 ό
395 2841 618 2922 θῖυόαιμονίτζης,
649 2843 696 2903 καί
727 2845 821 2924 ἑτέραν
848 2843 914 2925 ύπὲρ
940 2849 986 2905 τού
1014 2845 1132 2904 τοιούτου
1162 2843 1302 2924 χωραρίου
1332 2844 1456 2903 ύπόθεσιν
1484 2844 1547 2919 ἡμῖν

253 2961 437 3044 ἀφηγήσαντο,
458 2965 542 3036 ούτως
563 2962 693 3044 εἰπόντες,
714 2967 753 3025 ότι
776 2969 840 3025 «τού
856 2970 979 3044 μοναχού
995 2967 1089 3025 Λουκά
1113 2965 1217 3025 ἐκείνου
1238 2969 1285 3024 τού
1301 2965 1459 3040 Λάμπωνος
1481 2963 1548 3024 κατὰ

251 3087 296 3146 τόν
318 3087 427 3166 πέρυσιν
449 3088 543 3166 καιρόν
566 3091 804 3168 ψυχορραγούντος
832 3087 860 3146 έν
887 3095 920 3169 τῇ
946 3083 1027 3168 χώρα
1053 3089 1136 3170 ταύτῃ
1169 3092 1223 3146 τῶν
1250 3085 1398 3145 Παλατίων
1427 3083 1465 3155 είς
1488 3083 1545 3144 ἐτά-

251 3213 345 3287 σκεψιν
384 3207 464 3268 αὐτοῦ
495 3211 719 3288 παρεγενόμεθα,
757 3209 897 3289 παρόντων
934 3207 981 3267 καὶ
1014 3213 1067 3266 τῶν
1101 3205 1367 3285 μεγαλοδοξοτάτων
1401 3209 1545 3286 ουντρόρων

249 3331 339 3408 ἡμῶν,
363 3333 409 3387 τού
431 3349 461 3388 τε
484 3329 666 3408 λογαριαοτοΰ
688 3334 769 3408 κυρού
791 3329 911 3406 Μιχαὴλ
933 3333 979 3389 τοῦ
1001 3329 1136 3404 Βασιλίκη
1163 3329 1210 3388 καὶ
1237 3333 1284 3389 τού
1305 3327 1544 3406 πρωτοβεοτιαοίου

250 3454 332 3528 κυρυύ
361 3449 508 3529 Γεωργίου,
538 3449 585 3509 καί
615 3451 825 3526 ἐιαταττομένου
853 3453 947 3511 τούτου
975 3451 1121 3530 ἐγγράφως
1146 3449 1180 3510 τόι
1206 3451 1267 3510 κατ’
1291 3451 1371 3510 αύτόν
1393 3449 1542 3524 ἠκούσαμεν

250 3570 469 3645 καταλιμπάνειν
495 3572 562 3652 πρός
584 3572 633 3646 τὴν
660 3571 813 3646 σεβασμίαν
836 3573 923 3647 μονὴν
945 3579 995 3648 τῆς
1018 3573 1198 3648 Χιονιομένης
1219 3574 1299 3652 χάριν
1322 3571 1542 3646 καταθεσηματος

251 3691 331 3750 αὐτοῦ
361 3691 407 3750 καί
438 3693 618 3770 μνημοσύνου,
648 3695 787 3773 χωράριον
812 3693 944 3752 πινακίων
970 3691 1002 3765 ἓξ
1032 3693 1085 3753 ἀπό
1112 3700 1162 3769 τῆς
1188 3692 1321 3769 όλότητος
1348 3692 1477 3768 δηλονότι
1502 3695 1542 3750 τού

248 3813 388 3894 χωραρίου
410 3819 460 3888 τῆς
476 3814 612 3892 Βρύσεως,
631 3813 691 3888 ἤτοι
712 3815 743 3873 τό
767 3813 915 3891 άόελρικόν
939 3815 1046 3875 αὐτοῦ.»
1075 3813 1115 3885 τίς
1139 3814 1170 3875 δὲ
1192 3821 1246 3874 τῶν
1269 3815 1462 3895 συμπαρόντων
1484 3817 1541 3888 ἡμῖν

249 3933 359 4014 εἴρηκεν
383 3933 463 4012 αύτῷ·
487 3934 642 4010 ἠκούσαμεν
666 3934 757 3994 δοῦναί
779 3955 812 3996 σε
835 3934 900 3995 αἰτό
921 3956 987 3996 ποτε
1008 3937 1076 4017 πρός
1096 3938 1146 4012 τὴν
1169 3937 1256 4013 μονὴν
1277 3942 1324 3998 τού
1348 3936 1426 4015 άγίου
1450 3937 1541 3996 Ἰωάν-

248 4075 312 4116 νου·
329 4057 344 4114 ό
359 4055 401 4135 δέ,
427 4057 499 4137 «ναί,
523 4056 750 4137 άνταπεκρίνατο·
776 4056 925 4138 άποκαρείς
946 4059 1000 4138 γὰρ
1028 4059 1118 4120 ἐκεῖσε
1141 4059 1170 4119 ἐν
1192 4060 1338 4137 ύποοχέσει
1360 4065 1407 4120 τού
1430 4059 1539 4120 Καλου-

247 4173 331 4256 χάτη,
353 4177 388 4236 νόι
411 4178 469 4256 ἔχω
492 4161 647 4254 οἰκονομίαν
670 4177 716 4238 καί
739 4178 897 4260 ἀνάπαυσιν,
922 4180 1012 4241 ἔδιδον
1034 4181 1098 4240 αύτό
1127 4179 1173 4242 καὶ
1201 4181 1275 4241 άλλο
1299 4181 1370 4242 εἴτι
1394 4177 1471 4260 είχον
1493 4181 1540 4240 ἀπό

247 4300 295 4359 τού
317 4297 375 4374 βίου
391 4319 452 4380 μου,
473 4301 512 4372 ὡς
535 4300 566 4360 δὲ
590 4301 650 4376 μετ’
674 4299 769 4378 όλίγον
793 4301 845 4378 οὺχ
867 4294 943 4382 εὗρον
968 4301 1124 4381 ἀνάπαυσιν,
1147 4302 1225 4362 ἀλλὰ
1248 4303 1361 4378 μᾶλλον
1382 4300 1430 4362 καί
1454 4303 1539 4381 όχλη-

248 4441 298 4499 σιν,
327 4419 504 4496 άνελαβόμην
526 4421 574 4481 καί
601 4422 663 4480 &ab
689 4419 738 4479 καί
765 4417 840 4480 ἄλλο
863 4421 935 4482 εἴτι
963 4411 1082 4497 δέδωκα,
1105 4423 1153 4483 καί
1177 4423 1300 4499 ἀπῆλθον
1326 4431 1360 4506 τῇ
1384 4424 1473 4506 βουλῇ
1498 4419 1540 4482 καί

247 4541 361 4616 θελήσει
388 4541 436 4601 καὶ
464 4543 543 4602 αλεού
570 4542 604 4618 δὴ
631 4541 736 4600 ἐκείνου
762 4546 810 4602 τού
832 4542 1002 4620 Καλουχάτη
1032 4544 1153 4620 ἀμείβων
1180 4545 1233 4606 ἀπό
1260 4545 1323 4606 τότε
1346 4545 1379 4606 έκ
1401 4547 1484 4606 τόπου
1505 4542 1540 4612 είς

246 4665 339 4722 τότ-ον.
369 4660 428 4721 ἐπεὶ
455 4661 486 4722 δὲ
513 4665 544 4722 τό
570 4663 652 4734 τέλος
677 4669 726 4738 τῆς
754 4665 827 4741 ζωῆς
857 4683 908 4738 μου
934 4668 1101 4741 κατήντησεν
1125 4665 1164 4738 είς
1192 4667 1242 4742 την
1264 4669 1351 4742 μονὴν
1377 4675 1427 4744 τῆς
1450 4669 1538 4728 Χιονι-
