3186 5286
243 346 307 410 376

244 538 350 620 στηρίου
372 543 419 598 τοῦ
442 538 529 618 άγίου,
554 536 664 610 ἐνδόξου
687 537 733 597 καὶ
756 541 930 616 πανευρήμου
953 537 1106 596 ἀποστόλου
1128 535 1174 596 καί
1198 537 1393 614 εὐαγγελιστοῦ
1413 537 1536 594 ’ίωάννον

244 665 291 721 τοῦ
308 659 466 738 θεολόγον·
485 661 642 738 ἐνερανίσθη
659 659 712 740 γὰρ
728 661 793 734 ῆμῑν
808 659 1002 738 πατριαρχικδν
1020 658 1156 718 συνοδικύν
1172 656 1349 736 σιγιλλιῶδες
1364 659 1482 736 γρόμμα
1496 662 1536 716 τοῦ

245 781 369 858 ἀοιδίμου
393 781 421 840 ἐν
443 784 623 860 πατριάρχαις
639 780 956 852 Κωνσταντινουπόλεως
971 779 1136 840 ’ίωαννικίου
1156 781 1430 855 ἀναμιμνησκόμενον
1450 780 1536 858 ἐτέρου

244 904 442 984 πρεσβυγενούς
461 907 656 982 πατριαρχικού
678 902 818 962 συνοδικσύ
838 896 1032 980 σιγιλλιῶδσυς
1053 896 1237 985 [γράμματος]
1254 905 1300 960 τοῦ
1316 899 1440 976 ἀοιδίμου
1456 902 1535 959 Κων-

244 1025 492 1095 σταντινουπόλεως
512 1027 677 1103 πατριάρχου
695 1024 874 1102 Καλλινίκου,
898 1023 1114 1098 ἐπιβεβαιοῶντος
1138 1023 1216 1082 άλλα
1230 1024 1432 1104 προγενέστερα
1445 1025 1533 1102 γράμ-

245 1167 318 1222 ματα
340 1151 393 1204 τῶν
416 1146 504 1205 πάλαι
527 1145 657 1218 ἀοιδίμων
679 1151 864 1225 πατριαρχῶν,
891 1144 1116 1218 διαλαμβάνοντα
1139 1147 1225 1204 πάντα
1247 1140 1281 1204 τὰ
1303 1145 1437 1204 ἀνέκαθεν
1460 1145 1534 1222 ριλο-

244 1269 391 1342 τιμηθέντα
419 1269 554 1346 προνόμια
582 1267 626 1326 διά
649 1287 679 1326 τε
705 1266 921 1344 χρυσοβούλλων
944 1267 1038 1343 λόγων
1062 1265 1212 1338 βασιλικῶν
1235 1263 1282 1325 καὶ
1305 1265 1349 1324 διὰ
1371 1263 1536 1343 γραμμάτων

245 1387 450 1467 πατριαρχικῶν
471 1387 655 1463 σιγιλλιωδῶν
675 1393 707 1467 τῇ
729 1388 840 1468 ῥηθείσῃ
862 1386 923 1468 ἱερᾷ
946 1392 1030 1466 μονῇ·
1054 1387 1099 1445 τύν
1114 1387 1168 1466 γάρ
1192 1386 1290 1460 εὐσεβῆ
1314 1385 1433 1460 βασιλέα
1453 1386 1534 1446 Ἀλέ-

246 1508 303 1582 ξιον
327 1509 471 1584 Κομνηνύν
499 1509 705 1588 χρυσόβουλλον
729 1510 901 1590 δωρήσασθαι
929 1509 967 1587 τῷ
994 1511 1104 1589 κτήτορι
1125 1515 1174 1590 τῆς
1198 1509 1280 1584 αὐτῆς
1303 1515 1404 1584 μονῆς,
1428 1511 1536 1586 μοναχῲ

246 1629 449 1710 Χριστσδσύλῳ,
481 1629 515 1690 δι’
539 1624 569 1690 οὐ
600 1631 793 1710 έπιβραβεύσαι
822 1631 905 1711 ταύιη
933 1636 1020 1689 πᾶσαν
1050 1628 1217 1710 ἐλευθερίαν,
1250 1629 1410 1704 αὐτονομίαν
1437 1651 1467 1689 τε
1495 1629 1536 1689 καὶ

248 1750 474 1812 αὐτοδεσπστείαν
502 1753 547 1810 σύν
576 1749 743 1834 ἁπαξαπάση
770 1759 802 1834 τῆ
836 1754 911 1832 νήσῳ
938 1752 1042 1830 Πάτμῳ
1070 1751 1140 1826 μετά
1165 1757 1214 1827 τῆς
1242 1751 1311 1827 όλης
1337 1757 1471 1830 περιοχῆς
1496 1750 1537 1810 καί

246 1874 450 1954 διακρατήσεως
470 1875 553 1950 αὐτῆς
570 1873 612 1933 ἐπ’
630 1873 800 1954 ἀναραιρέτῳ
822 1871 869 1932 καί
889 1873 1010 1949 διηνεκεῖ
1033 1871 1176 1952 δεσποτεία
1198 1871 1244 1933 καὶ
1267 1875 1403 1953 κυρτότητι
1425 1874 1535 1952 ἀτελῶς,

247 1995 358 2075 ἁβαρῶς
380 1995 427 2055 καί
449 1999 539 2069 πάσης
562 1995 785 2074 ἀπηλλαγμένης
807 2001 964 2074 σεκρετικῆς
988 1997 1173 2073 συζητήσεως,
1198 1997 1271 2067 ὅπως
1293 1996 1311 2070 ή
1330 2015 1360 2054 τε
1383 1995 1448 2074 παρ’
1466 1996 1537 2054 αὐτοῦ

248 2117 391 2196 ἐγερθεῖοα
419 2117 490 2192 μονὴ
521 2115 566 2176 καὶ
596 2116 621 2174 οἱ
648 2117 692 2174 ὐπ’
716 2115 795 2175 αὐτόν
823 2114 940 2193 μοναχοί
967 2117 1105 2194 κατέχωσι
1135 2114 1181 2175 καὶ
1209 2116 1360 2185 δεσπόζωσι
1387 2117 1437 2190 τὴν
1463 2123 1536 2190 νῆσον

248 2239 346 2312 ταύτην
368 2239 467 2318 κυρίως
493 2235 539 2298 καὶ
567 2239 715 2310 αὐθεντῶς,
740 2237 924 2316 ἀναραιρέτως
946 2258 975 2296 τε
998 2235 1043 2296 καί
1068 2235 1183 2310 αἰωνίως
1205 2237 1267 2296 καθ’
1291 2236 1402 2308 έαυτούς
1426 2237 1537 2296 διοικού-

248 2381 325 2435 μενοι
354 2359 402 2419 καὶ
430 2361 636 2434 διευθυνόμενοι.
669 2360 736 2438 πρός
766 2361 832 2438 όπερ
864 2358 1006 2432 βασιλικόν
1035 2359 1242 2438 χρυσόβουλλον
1270 2357 1429 2434 ἐπιδοθῆναι
1457 2360 1484 2418 ἐν
1509 2367 1536 2439 τῆ

248 2489 318 2564 μονῇ
341 2484 402 2540 τότε
429 2479 476 2540 καί
502 2480 697 2559 πατριαρχικύν
725 2480 903 2557 σιγιλλιῶδες
926 2475 1064 2563 [γράμμα]
1087 2483 1133 2538 τοῦ
1156 2484 1236 2560 κυροῦ
1260 2481 1387 2539 Ἰωάννου
1409 2480 1456 2540 καί
1479 2481 1537 2559 ἐρε-

250 2600 299 2677 ξῆς
328 2601 376 2662 καί
401 2603 465 2681 παρ’
489 2600 586 2661 ἀλλων
612 2607 798 2681 πατριαρχῶν,
821 2603 917 2659 Λουκά
939 2621 1011 2679 ρασι,
1039 2601 1161 2684 Συμεὼν,
1187 2602 1307 2680 ’ίωάσαρ
1333 2601 1381 2661 καί
1404 2602 1539 2683 Κυριλλσυ

248 2723 295 2783 καί
326 2724 421 2782 ἀλλων
449 2724 687 2801 μεταγενεστέρων
714 2724 762 2797 τἠν
790 2723 1027 2802 σταυροττηγιακὴν
1056 2719 1133 2794 ἀξίαν
1162 2723 1374 2803 διακρατόνοντα
1399 2729 1446 2784 τοῦ
1473 2723 1540 2803 ἱεροί

248 2845 341 2906 τούτου
368 2843 561 2924 μοναστηρίου·
590 2847 715 2920 σέμνυμα
736 2839 789 2925 γάρ
818 2839 887 2903 εἶναι
915 2848 997 2903 ταῦτα
1023 2851 1056 2926 πῆ
1079 2840 1213 2925 περιδόξῳ
1241 2851 1311 2926 μονῆ
1339 2846 1539 2926 προσαρμυσθὲν

249 2967 298 3026 ὑπό
327 2967 472 3041 βασιλικῆς
500 2965 654 3044 εὐσεβείας,
682 2968 720 3025 ότι
748 2969 762 3026 ό
787 2966 939 3040 ἐπιστήθιος
963 2965 1066 3036 ἐκεῖνος
1089 2966 1213 3040 μαθητὴς
1234 2965 1282 3024 καί
1305 2966 1460 3038 ἀπόστολος
1483 2967 1539 3024 Ἰω-

251 3087 332 3162 άννης
355 3089 370 3146 ὐ
390 3087 533 3166 Θεολόγος
557 3088 585 3146 ἐν
610 3089 675 3168 αὐτῇ
698 3094 730 3169 τῆ
753 3091 828 3167 νήσῳ
851 3089 881 3146 τύ
904 3087 975 3166 ἱερόν
998 3088 1165 3167 συνέγραψεν
1190 3088 1362 3166 εὐαγγέλιον.
1387 3089 1456 3168 πρύς
1479 3088 1539 3146 ἀνα-

250 3211 362 3269 καίνισιν
390 3207 435 3268 οὖν
458 3207 504 3268 καὶ
526 3209 626 3268 τούτων
648 3215 702 3268 τῶν
727 3209 942 3287 ἐμρανισθέντων
965 3210 1031 3282 ήμῖν
1055 3208 1176 3288 ἀρχαίων
1200 3207 1353 3288 σιγιλλίων,
1381 3209 1475 3280 καθὼς
1502 3207 1540 3268 καί

249 3332 301 3411 πρύ
329 3333 436 3390 πάντων
464 3332 612 3409 γράφοντες
641 3325 685 3390 διὰ
711 3333 757 3389 τοῦ
783 3334 918 3409 παρόντος
945 3332 1078 3409 ἡμετέρου
1108 3335 1304 3410 πατριαρχικοῡ
1333 3330 1381 3390 καὶ
1412 3329 1541 3390 συνοὲικού

251 3451 446 3529 σιγιλλιῶδους
468 3453 634 3530 γράμματος
657 3451 862 3528 ἀποφαινόμεθα
885 3451 1032 3522 συνσδικῶς
1055 3451 1125 3525 μετὰ
1147 3450 1200 3510 τῶν
1220 3449 1281 3530 περὶ
1300 3454 1376 3526 ῆμσίς
1396 3452 1540 3531 ίερωτάτων

252 3573 402 3652 ἀρχιερέων
428 3571 475 3630 καί
503 3571 665 3653 ὐπερτίμων,
692 3579 746 3632 τῶν
777 3574 803 3632 ἐν
832 3574 902 3652 ἁγίῳ
924 3574 1055 3648 πνεύματι
1080 3573 1227 3650 ἀγαπητῶν
1249 3575 1329 3648 ήμῶν
1353 3573 1479 3652 ἀδελρῶν
1500 3570 1541 3630 καί1

252 3695 479 3774 συλλειτουργῶν,
508 3695 551 3752 ἵνα
578 3696 608 3752 τό
636 3693 778 3774 εἰρημένον
807 3695 879 3773 ἱερόν
906 3688 954 3754 καί
980 3695 1128 3770 σεβάσμιον
1152 3697 1341 3774 μονοστήριον,
1364 3697 1396 3754 τό
1419 3695 1540 3770 σεμνυνό-

253 3835 335 3890 μενον
361 3819 408 3874 τοῶ
433 3815 519 3894 άγίου,
550 3813 659 3888 ἐνδόξου
687 3815 733 3874 καί
756 3819 931 3894 πανευρήμου
955 3817 1107 3876 ἀποστόλου
1133 3815 1180 3875 καί
1204 3816 1401 3894 εὐαγγελιστοῦ
1425 3817 1540 3875 ’ίωάννσν

252 3943 298 3998 τοῦ
321 3936 466 4014 Θεσλόγου
489 3938 519 3994 τύ
543 3937 572 3994 ἐν
594 3944 627 4018 τῆ
649 3939 723 4014 νήσῳ
749 3935 852 4015 Πάτμῳ
877 3939 947 4013 μετὰ
971 3942 1077 3998 πάντων
1099 3943 1152 3995 τῶν
1175 3940 1320 4011 κτημάτων
1347 3935 1395 3996 καί
1418 3938 1539 4016 πραγμά-

252 4079 306 4118 των
335 4056 381 4118 καὶ
404 4057 600 4137 ἀριερωμσίτων
624 4059 712 4136 αὐτοῦ,
741 4065 857 4132 κινητῶν
879 4080 910 4118 τε
937 4059 982 4119 καί
1012 4060 1156 4138 ἀκινήτων,
1183 4065 1236 4117 τῶν
1259 4079 1289 4116 τε
1311 4057 1367 4133 ήδη
1396 4059 1478 4117 όντων
1502 4054 1541 4114 καὶ

253 4185 306 4238 τῶν
330 4177 464 4238 είσὲπειτα
486 4181 746 4258 προσγενησομένων
770 4181 811 4260 άν,
835 4182 874 4252 ῶς
897 4181 1028 4239 ἀνέκαθεν
1051 4179 1098 4238 καὶ
1121 4177 1152 4252 ἐξ
1176 4180 1278 4258 ἀρχῆς,
1303 4181 1371 4238 σύτω
1394 4179 1441 4240 καί
1464 4177 1500 4249 εἰς
1516 4177 1541 4234 τό

255 4297 320 4375 ἑξῆς
344 4301 449 4358 ἅπαντα
471 4302 568 4379 χρόνον
592 4302 699 4383 ὐποίρχῃ
722 4301 769 4362 καὶ
792 4302 909 4378 λέγηται
933 4300 978 4359 καὶ
1002 4301 1076 4381 παρὰ
1100 4304 1207 4360 πάντων
1228 4303 1396 4380 γινῶσκηται
1419 4303 1541 4378 ἡμέτερον

254 4424 459 4501 πατριαρχικόν,
488 4425 732 4504 σταυροπηγιακόν,
764 4423 930 4501 ἀδοόλωτον,
960 4421 1168 4497 ἀκαταπάτητον
1195 4421 1241 4482 καί
1269 4421 1344 4494 ὅλως
1368 4423 1543 4500 ἀνενόχλητον

255 4543 319 4622 παρ’
344 4543 492 4602 οὑτινοσοῦν
515 4546 668 4622 προσώπου,
699 4544 847 4623 ἱερωμένου
875 4547 893 4617 ῆ
923 4543 1030 4623 λαϊκσῦ,
1065 4545 1303 4620 μνημονευομένου
1339 4545 1368 4602 ἐν
1403 4543 1474 4619 αὐτῷ
1505 4543 1543 4598 τοῦ

256 4667 398 4723 καιονικού
429 4668 623 4742 πατριαρχικού
656 4665 799 4742 όνόματος,
836 4664 901 4742 ἕχον
934 4663 980 4722 καὶ
1013 4667 1042 4725 τ“ο
1075 4668 1220 4744 προνόμιον
1254 4667 1325 4724 κατὰ
1354 4663 1543 4746 πατριαρχικήν
