<?xml version="1.0" encoding="UTF-8"?>
<!DOCTYPE html PUBLIC "-//W3C//DTD XHTML 1.0 Transitional//EN"
    "http://www.w3.org/TR/xhtml1/DTD/xhtml1-transitional.dtd">
<html xmlns="http://www.w3.org/1999/xhtml" xml:lang="en" lang="en">
 <head>
  <title>
</title>
<meta http-equiv="Content-Type" content="text/html;charset=utf-8" />
  <meta name='ocr-system' content='tesseract 3.04.00' />
  <meta name='ocr-capabilities' content='ocr_page ocr_carea ocr_par ocr_line ocrx_word'/>
</head>
<body>
  <div class='ocr_page' id='page_1' title='image "./actaetdiplomata02miklgoog_0324.png"; bbox 0 0 3162 5278; ppageno 0'>
   <div class='ocr_carea' id='block_1_1' title="bbox 1269 381 1334 444">
    <p class='ocr_par' dir='ltr' id='par_1_1' title="bbox 1269 381 1334 444">
     <span class='ocr_line' id='line_1_1' title="bbox 1269 381 1334 444; baseline 0 0"><span class='ocrx_word' id='word_1_1' title='bbox 1269 381 1334 444; x_wconf 81' lang='lat'>309</span> 
     </span>
    </p>
   </div>
   <div class='ocr_carea' id='block_1_2' title="bbox 39 570 1334 3692">
    <p class='ocr_par' dir='ltr' id='par_1_2' title="bbox 40 570 1334 2720">
     <span class='ocr_line' id='line_1_2' title="bbox 50 570 1334 656; baseline 0.002 -26"><span class='ocrx_word' id='word_1_2' title='bbox 50 571 147 642; x_wconf 67' lang='grc' dir='ltr'>ἑαυτοὺς</span> <span class='ocrx_word' id='word_1_3' title='bbox 176 570 217 643; x_wconf 82' lang='grc' dir='ltr'>είς</span> <span class='ocrx_word' id='word_1_4' title='bbox 246 572 371 647; x_wconf 76' lang='grc' dir='ltr'>τοιαύτην</span> <span class='ocrx_word' id='word_1_5' title='bbox 400 571 546 652; x_wconf 76' lang='grc' dir='ltr'>ὑπουργίαν</span> <span class='ocrx_word' id='word_1_6' title='bbox 576 573 637 632; x_wconf 84' lang='grc' dir='ltr'>κατ’</span> <span class='ocrx_word' id='word_1_7' title='bbox 667 573 795 649; x_wconf 84' lang='grc' dir='ltr'>οθδεμίαν</span> <span class='ocrx_word' id='word_1_8' title='bbox 823 575 962 654; x_wconf 89' lang='grc' dir='ltr'>πρόφασιν,</span> <span class='ocrx_word' id='word_1_9' title='bbox 994 575 1068 645; x_wconf 81' lang='grc' dir='ltr'>ὅπως</span> <span class='ocrx_word' id='word_1_10' title='bbox 1098 574 1226 656; x_wconf 78' lang='grc' dir='ltr'>φυλαχθῇ</span> <span class='ocrx_word' id='word_1_11' title='bbox 1256 575 1271 632; x_wconf 89' lang='grc' dir='ltr'>ό</span> <span class='ocrx_word' id='word_1_12' title='bbox 1303 572 1334 647; x_wconf 81' lang='grc' dir='ltr'>ἐξ</span> 
     </span>
     <span class='ocr_line' id='line_1_3' title="bbox 50 692 1333 775; baseline 0.003 -25"><span class='ocrx_word' id='word_1_13' title='bbox 50 693 128 772; x_wconf 73' lang='grc' dir='ltr'>ἀρχῆς</span> <span class='ocrx_word' id='word_1_14' title='bbox 160 695 241 766; x_wconf 75' lang='grc' dir='ltr'>τόπος</span> <span class='ocrx_word' id='word_1_15' title='bbox 275 697 320 752; x_wconf 87' lang='grc' dir='ltr'>τοῦ</span> <span class='ocrx_word' id='word_1_16' title='bbox 351 693 533 774; x_wconf 90' lang='grc' dir='ltr'>μοναστηρίου</span> <span class='ocrx_word' id='word_1_17' title='bbox 564 695 684 772; x_wconf 82' lang='grc' dir='ltr'>καθαρός</span> <span class='ocrx_word' id='word_1_18' title='bbox 718 692 765 754; x_wconf 88' lang='grc' dir='ltr'>καὶ</span> <span class='ocrx_word' id='word_1_19' title='bbox 795 694 974 771; x_wconf 87' lang='grc' dir='ltr'>ἀμετάθετος·</span> <span class='ocrx_word' id='word_1_20' title='bbox 1008 695 1055 754; x_wconf 85' lang='grc' dir='ltr'>ἐάν</span> <span class='ocrx_word' id='word_1_21' title='bbox 1083 695 1137 775; x_wconf 83' lang='grc' dir='ltr'>γάρ</span> <span class='ocrx_word' id='word_1_22' title='bbox 1170 699 1217 755; x_wconf 86' lang='grc' dir='ltr'>καὶ</span> <span class='ocrx_word' id='word_1_23' title='bbox 1248 695 1333 755; x_wconf 83' lang='grc' dir='ltr'>ἐνίοτε</span> 
     </span>
     <span class='ocr_line' id='line_1_4' title="bbox 49 815 1334 898; baseline 0.002 -24"><span class='ocrx_word' id='word_1_24' title='bbox 49 817 137 893; x_wconf 72' lang='grc' dir='ltr'>ἔφθασε</span> <span class='ocrx_word' id='word_1_25' title='bbox 163 816 291 892; x_wconf 85' lang='grc' dir='ltr'>γενέσθαι</span> <span class='ocrx_word' id='word_1_26' title='bbox 321 817 352 875; x_wconf 81' lang='grc' dir='ltr'>τό</span> <span class='ocrx_word' id='word_1_27' title='bbox 381 819 500 876; x_wconf 89' lang='grc' dir='ltr'>τοιοῦτον</span> <span class='ocrx_word' id='word_1_28' title='bbox 527 816 634 876; x_wconf 82' lang='grc' dir='ltr'><strong>ἐναντία</strong></span> <span class='ocrx_word' id='word_1_29' title='bbox 661 821 707 878; x_wconf 83' lang='grc' dir='ltr'>τοῦ</span> <span class='ocrx_word' id='word_1_30' title='bbox 736 815 825 876; x_wconf 90' lang='grc' dir='ltr'>πάλαι</span> <span class='ocrx_word' id='word_1_31' title='bbox 851 817 941 898; x_wconf 87' lang='grc' dir='ltr'>τῦτισυ,</span> <span class='ocrx_word' id='word_1_32' title='bbox 974 817 1036 876; x_wconf 89' lang='grc' dir='ltr'>δέον</span> <span class='ocrx_word' id='word_1_33' title='bbox 1067 816 1262 892; x_wconf 75' lang='grc' dir='ltr'>ἐμπεδωθῆναι</span> <span class='ocrx_word' id='word_1_34' title='bbox 1288 820 1334 876; x_wconf 91' lang='grc' dir='ltr'>τοῦ</span> 
     </span>
     <span class='ocr_line' id='line_1_5' title="bbox 47 937 1333 1020; baseline 0.002 -24"><span class='ocrx_word' id='word_1_35' title='bbox 47 940 133 997; x_wconf 77' lang='grc' dir='ltr'>λοιποῦ</span> <span class='ocrx_word' id='word_1_36' title='bbox 159 937 206 997; x_wconf 86' lang='grc' dir='ltr'>καί</span> <span class='ocrx_word' id='word_1_37' title='bbox 234 939 370 1016; x_wconf 81' lang='grc' dir='ltr'>ἀπρακτον</span> <span class='ocrx_word' id='word_1_38' title='bbox 399 937 535 1012; x_wconf 86' lang='grc' dir='ltr'>διαμεῖναι</span> <span class='ocrx_word' id='word_1_39' title='bbox 562 937 633 997; x_wconf 77' lang='grc' dir='ltr'>κατὰ</span> <span class='ocrx_word' id='word_1_40' title='bbox 654 939 705 1010; x_wconf 89' lang='grc' dir='ltr'>τάς</span> <span class='ocrx_word' id='word_1_41' title='bbox 726 939 926 1016; x_wconf 80' lang='grc' dir='ltr'>προειρημένας</span> <span class='ocrx_word' id='word_1_42' title='bbox 949 938 1136 1010; x_wconf 72' lang='grc' dir='ltr'>διακελεύσεις</span> <span class='ocrx_word' id='word_1_43' title='bbox 1159 945 1213 998; x_wconf 83' lang='grc' dir='ltr'>τῶν</span> <span class='ocrx_word' id='word_1_44' title='bbox 1235 959 1333 1020; x_wconf 91' lang='grc' dir='ltr'>πατρι-</span> 
     </span>
     <span class='ocr_line' id='line_1_6' title="bbox 48 1059 1334 1140; baseline 0.002 -22"><span class='ocrx_word' id='word_1_45' title='bbox 48 1067 157 1138; x_wconf 84' lang='grc' dir='ltr'>αρχικιῦν</span> <span class='ocrx_word' id='word_1_46' title='bbox 180 1059 351 1140; x_wconf 84' lang='grc' dir='ltr'>ἀποφάσεων,</span> <span class='ocrx_word' id='word_1_47' title='bbox 375 1060 474 1120; x_wconf 79' lang='grc' dir='ltr'>όπόταν</span> <span class='ocrx_word' id='word_1_48' title='bbox 495 1059 526 1118; x_wconf 88' lang='grc' dir='ltr'>δὲ</span> <span class='ocrx_word' id='word_1_49' title='bbox 549 1059 630 1138; x_wconf 81' lang='grc' dir='ltr'>χρεία</span> <span class='ocrx_word' id='word_1_50' title='bbox 652 1061 764 1138; x_wconf 75' lang='grc' dir='ltr'>γένηται</span> <span class='ocrx_word' id='word_1_51' title='bbox 787 1060 957 1138; x_wconf 82' lang='grc' dir='ltr'>χειροτονίας</span> <span class='ocrx_word' id='word_1_52' title='bbox 977 1062 1048 1132; x_wconf 77' lang='grc' dir='ltr'>τινὀς</span> <span class='ocrx_word' id='word_1_53' title='bbox 1069 1059 1117 1119; x_wconf 90' lang='grc' dir='ltr'>καί</span> <span class='ocrx_word' id='word_1_54' title='bbox 1140 1059 1334 1140; x_wconf 74' lang='grc' dir='ltr'>ἀρχιερατικῆς</span> 
     </span>
     <span class='ocr_line' id='line_1_7' title="bbox 45 1180 1333 1262; baseline 0.001 -23"><span class='ocrx_word' id='word_1_55' title='bbox 45 1183 181 1260; x_wconf 77' lang='grc' dir='ltr'>ῦπουργῖας</span> <span class='ocrx_word' id='word_1_56' title='bbox 209 1183 237 1240; x_wconf 85' lang='grc' dir='ltr'>ἐν</span> <span class='ocrx_word' id='word_1_57' title='bbox 264 1181 304 1258; x_wconf 81' lang='grc' dir='ltr'>τῷ</span> <span class='ocrx_word' id='word_1_58' title='bbox 327 1180 508 1260; x_wconf 86' lang='grc' dir='ltr'>μοναστηρίῳ,</span> <span class='ocrx_word' id='word_1_59' title='bbox 535 1181 702 1260; x_wconf 76' lang='grc' dir='ltr'>προσκαλεῖν</span> <span class='ocrx_word' id='word_1_60' title='bbox 730 1181 783 1262; x_wconf 84' lang='grc' dir='ltr'>ἔχῃ</span> <span class='ocrx_word' id='word_1_61' title='bbox 810 1183 825 1240; x_wconf 85' lang='grc' dir='ltr'>ό</span> <span class='ocrx_word' id='word_1_62' title='bbox 852 1182 1004 1258; x_wconf 82' lang='grc' dir='ltr'>ἡγούμενος</span> <span class='ocrx_word' id='word_1_63' title='bbox 1033 1180 1076 1240; x_wconf 79' lang='grc' dir='ltr'>ἐπὶ</span> <span class='ocrx_word' id='word_1_64' title='bbox 1102 1181 1219 1261; x_wconf 76' lang='grc' dir='ltr'>τούτοις,</span> <span class='ocrx_word' id='word_1_65' title='bbox 1247 1183 1278 1240; x_wconf 84' lang='grc' dir='ltr'>όν</span> <span class='ocrx_word' id='word_1_66' title='bbox 1301 1185 1333 1240; x_wconf 83' lang='grc' dir='ltr'>ἀν</span> 
     </span>
     <span class='ocr_line' id='line_1_8' title="bbox 46 1301 1333 1384; baseline 0.002 -23"><span class='ocrx_word' id='word_1_67' title='bbox 46 1303 180 1378; x_wconf 79' lang='grc' dir='ltr'>ἐθελήσειε</span> <span class='ocrx_word' id='word_1_68' title='bbox 207 1309 260 1362; x_wconf 82' lang='grc' dir='ltr'>τῶν</span> <span class='ocrx_word' id='word_1_69' title='bbox 288 1304 438 1383; x_wconf 79' lang='grc' dir='ltr'>ἀρχιερέων</span> <span class='ocrx_word' id='word_1_70' title='bbox 464 1303 601 1362; x_wconf 85' lang='grc' dir='ltr'>ἐπιτελεῖν</span> <span class='ocrx_word' id='word_1_71' title='bbox 627 1301 662 1361; x_wconf 85' lang='grc' dir='ltr'>τόι</span> <span class='ocrx_word' id='word_1_72' title='bbox 689 1303 867 1383; x_wconf 76' lang='grc' dir='ltr'>ἀρχιερατικὰ</span> <span class='ocrx_word' id='word_1_73' title='bbox 893 1301 980 1384; x_wconf 88' lang='grc' dir='ltr'>χωρίς</span> <span class='ocrx_word' id='word_1_74' title='bbox 1008 1304 1094 1378; x_wconf 87' lang='grc' dir='ltr'>μόνης</span> <span class='ocrx_word' id='word_1_75' title='bbox 1121 1310 1170 1379; x_wconf 81' lang='grc' dir='ltr'>τῆς</span> <span class='ocrx_word' id='word_1_76' title='bbox 1192 1307 1238 1361; x_wconf 90' lang='grc' dir='ltr'>τοῦ</span> <span class='ocrx_word' id='word_1_77' title='bbox 1261 1303 1333 1384; x_wconf 80' lang='grc' dir='ltr'>ἱεροῦ</span> 
     </span>
     <span class='ocr_line' id='line_1_9' title="bbox 45 1423 1333 1506; baseline -0.001 -22"><span class='ocrx_word' id='word_1_78' title='bbox 45 1429 177 1505; x_wconf 73' lang='grc' dir='ltr'>σινθρονου</span> <span class='ocrx_word' id='word_1_79' title='bbox 208 1425 434 1505; x_wconf 80' lang='grc' dir='ltr'>ἑγκαθιδρῦσεως.</span> <span class='ocrx_word' id='word_1_80' title='bbox 466 1425 496 1496; x_wconf 84' lang='grc' dir='ltr'>ός</span> <span class='ocrx_word' id='word_1_81' title='bbox 520 1425 545 1484; x_wconf 79' lang='grc' dir='ltr'>δ’</span> <span class='ocrx_word' id='word_1_82' title='bbox 567 1429 598 1482; x_wconf 83' lang='grc' dir='ltr'>ἀν</span> <span class='ocrx_word' id='word_1_83' title='bbox 626 1425 677 1502; x_wconf 83' lang='grc' dir='ltr'>όψί</span> <span class='ocrx_word' id='word_1_84' title='bbox 699 1445 765 1483; x_wconf 86' lang='grc' dir='ltr'>ποτε</span> <span class='ocrx_word' id='word_1_85' title='bbox 791 1423 919 1506; x_wconf 82' lang='grc' dir='ltr'>τολμήσῃ</span> <span class='ocrx_word' id='word_1_86' title='bbox 941 1426 1016 1506; x_wconf 76' lang='grc' dir='ltr'>παρὰ</span> <span class='ocrx_word' id='word_1_87' title='bbox 1042 1431 1126 1484; x_wconf 87' lang='grc' dir='ltr'>ταῦτα</span> <span class='ocrx_word' id='word_1_88' title='bbox 1148 1425 1182 1485; x_wconf 84' lang='grc' dir='ltr'>τὰ</span> <span class='ocrx_word' id='word_1_89' title='bbox 1204 1447 1333 1505; x_wconf 86' lang='grc' dir='ltr'>γεγραμ-</span> 
     </span>
     <span class='ocr_line' id='line_1_10' title="bbox 44 1545 1332 1626; baseline 0.002 -22"><span class='ocrx_word' id='word_1_90' title='bbox 44 1551 105 1620; x_wconf 74' lang='grc' dir='ltr'>μένα</span> <span class='ocrx_word' id='word_1_91' title='bbox 131 1552 241 1622; x_wconf 80' lang='grc' dir='ltr'>ποιῆσαι</span> <span class='ocrx_word' id='word_1_92' title='bbox 268 1547 315 1606; x_wconf 89' lang='grc' dir='ltr'>καί</span> <span class='ocrx_word' id='word_1_93' title='bbox 342 1545 405 1606; x_wconf 87' lang='grc' dir='ltr'>καθ’</span> <span class='ocrx_word' id='word_1_94' title='bbox 430 1546 581 1620; x_wconf 81' lang='grc' dir='ltr'>οἱονδήιινα</span> <span class='ocrx_word' id='word_1_95' title='bbox 608 1547 705 1624; x_wconf 78' lang='grc' dir='ltr'>τρόπον</span> <span class='ocrx_word' id='word_1_96' title='bbox 733 1545 881 1626; x_wconf 76' lang='grc' dir='ltr'>ἀνατρέψαι</span> <span class='ocrx_word' id='word_1_97' title='bbox 908 1547 957 1618; x_wconf 87' lang='grc' dir='ltr'>τάς</span> <span class='ocrx_word' id='word_1_98' title='bbox 979 1547 1127 1625; x_wconf 70' lang='grc' dir='ltr'>ἀποφάσεις</span> <span class='ocrx_word' id='word_1_99' title='bbox 1150 1553 1203 1606; x_wconf 87' lang='grc' dir='ltr'>τιῦν</span> <span class='ocrx_word' id='word_1_100' title='bbox 1226 1547 1332 1607; x_wconf 89' lang='grc' dir='ltr'>παλαι-</span> 
     </span>
     <span class='ocr_line' id='line_1_11' title="bbox 43 1666 1333 1750; baseline -0.001 -23"><span class='ocrx_word' id='word_1_101' title='bbox 43 1675 123 1746; x_wconf 85' lang='grc' dir='ltr'>γενιῦν</span> <span class='ocrx_word' id='word_1_102' title='bbox 145 1671 318 1750; x_wconf 71' lang='grc' dir='ltr'>γραμμάτων</span> <span class='ocrx_word' id='word_1_103' title='bbox 344 1666 392 1728; x_wconf 88' lang='grc' dir='ltr'>καί</span> <span class='ocrx_word' id='word_1_104' title='bbox 419 1666 459 1738; x_wconf 88' lang='grc' dir='ltr'>είς</span> <span class='ocrx_word' id='word_1_105' title='bbox 487 1667 613 1726; x_wconf 75' lang='grc' dir='ltr'>δουλείαν</span> <span class='ocrx_word' id='word_1_106' title='bbox 636 1667 696 1726; x_wconf 85' lang='grc' dir='ltr'>τινὰ</span> <span class='ocrx_word' id='word_1_107' title='bbox 722 1669 891 1747; x_wconf 81' lang='grc' dir='ltr'>καταγαγεῖν</span> <span class='ocrx_word' id='word_1_108' title='bbox 919 1667 967 1741; x_wconf 84' lang='grc' dir='ltr'>τὴν</span> <span class='ocrx_word' id='word_1_109' title='bbox 996 1667 1153 1748; x_wconf 78' lang='grc' dir='ltr'>ἐλευθερίαν</span> <span class='ocrx_word' id='word_1_110' title='bbox 1175 1671 1221 1727; x_wconf 87' lang='grc' dir='ltr'>τοῦ</span> <span class='ocrx_word' id='word_1_111' title='bbox 1245 1687 1333 1742; x_wconf 88' lang='grc' dir='ltr'>μονα-</span> 
     </span>
     <span class='ocr_line' id='line_1_12' title="bbox 43 1786 1333 1870; baseline 0.002 -24"><span class='ocrx_word' id='word_1_112' title='bbox 43 1793 141 1870; x_wconf 79' lang='grc' dir='ltr'>στηρίου</span> <span class='ocrx_word' id='word_1_113' title='bbox 156 1795 174 1866; x_wconf 78' lang='grc' dir='ltr'>ἢ</span> <span class='ocrx_word' id='word_1_114' title='bbox 192 1791 343 1868; x_wconf 82' lang='grc' dir='ltr'>ἐνοχλῆσαι</span> <span class='ocrx_word' id='word_1_115' title='bbox 358 1792 414 1861; x_wconf 80' lang='grc' dir='ltr'>τοῖς</span> <span class='ocrx_word' id='word_1_116' title='bbox 439 1789 467 1848; x_wconf 87' lang='grc' dir='ltr'>ἐν</span> <span class='ocrx_word' id='word_1_117' title='bbox 491 1787 563 1868; x_wconf 74' lang='grc' dir='ltr'>αὐτῷ</span> <span class='ocrx_word' id='word_1_118' title='bbox 586 1788 765 1863; x_wconf 84' lang='grc' dir='ltr'>ἀσκουμένοις</span> <span class='ocrx_word' id='word_1_119' title='bbox 787 1793 805 1864; x_wconf 77' lang='grc' dir='ltr'><strong>ἢ</strong></span> <span class='ocrx_word' id='word_1_120' title='bbox 828 1791 941 1864; x_wconf 80' lang='grc' dir='ltr'>ζητῆσαι</span> <span class='ocrx_word' id='word_1_121' title='bbox 962 1790 1033 1848; x_wconf 82' lang='grc' dir='ltr'>πολὺ</span> <span class='ocrx_word' id='word_1_122' title='bbox 1048 1793 1066 1864; x_wconf 77' lang='grc' dir='ltr'>ἢ</span> <span class='ocrx_word' id='word_1_123' title='bbox 1082 1789 1177 1868; x_wconf 83' lang='grc' dir='ltr'>ἀλίγον</span> <span class='ocrx_word' id='word_1_124' title='bbox 1201 1786 1231 1862; x_wconf 80' lang='grc' dir='ltr'>ἐξ</span> <span class='ocrx_word' id='word_1_125' title='bbox 1255 1791 1333 1849; x_wconf 77' lang='grc' dir='ltr'>αυτοῦ</span> 
     </span>
     <span class='ocr_line' id='line_1_13' title="bbox 43 1908 1333 1990; baseline 0.001 -22"><span class='ocrx_word' id='word_1_126' title='bbox 43 1913 206 1990; x_wconf 71' lang='grc' dir='ltr'>νοσφίσασθαι</span> <span class='ocrx_word' id='word_1_127' title='bbox 233 1915 252 1986; x_wconf 74' lang='grc' dir='ltr'>η</span> <span class='ocrx_word' id='word_1_128' title='bbox 280 1910 463 1989; x_wconf 79' lang='grc' dir='ltr'>ἀποστερῆσαί</span> <span class='ocrx_word' id='word_1_129' title='bbox 481 1931 506 1970; x_wconf 91' lang='grc' dir='ltr'>τι</span> <span class='ocrx_word' id='word_1_130' title='bbox 535 1916 589 1969; x_wconf 89' lang='grc' dir='ltr'>τιῦν</span> <span class='ocrx_word' id='word_1_131' title='bbox 616 1910 811 1990; x_wconf 87' lang='grc' dir='ltr'>ἀφιερωμάτων</span> <span class='ocrx_word' id='word_1_132' title='bbox 842 1913 931 1990; x_wconf 81' lang='grc' dir='ltr'>αῦτοῦ,</span> <span class='ocrx_word' id='word_1_133' title='bbox 959 1911 1055 1982; x_wconf 75' lang='grc' dir='ltr'>ὁποίοις</span> <span class='ocrx_word' id='word_1_134' title='bbox 1085 1914 1122 1970; x_wconf 81' lang='grc' dir='ltr'>ὢν</span> <span class='ocrx_word' id='word_1_135' title='bbox 1152 1908 1257 1983; x_wconf 81' lang='grc' dir='ltr'>τάξεως</span> <span class='ocrx_word' id='word_1_136' title='bbox 1286 1911 1333 1970; x_wconf 90' lang='grc' dir='ltr'>καί</span> 
     </span>
     <span class='ocr_line' id='line_1_14' title="bbox 43 2030 1329 2112; baseline -0.001 -20"><span class='ocrx_word' id='word_1_137' title='bbox 43 2033 142 2109; x_wconf 70' lang='grc' dir='ltr'>βαθμοῦ</span> <span class='ocrx_word' id='word_1_138' title='bbox 161 2035 174 2093; x_wconf 85' lang='grc' dir='ltr'>ό</span> <span class='ocrx_word' id='word_1_139' title='bbox 196 2037 329 2112; x_wconf 90' lang='grc' dir='ltr'>τοιοῦτος,</span> <span class='ocrx_word' id='word_1_140' title='bbox 353 2033 540 2112; x_wconf 79' lang='grc' dir='ltr'>ἀφωρισμένος</span> <span class='ocrx_word' id='word_1_141' title='bbox 564 2030 604 2106; x_wconf 83' lang='grc' dir='ltr'>εἴη</span> <span class='ocrx_word' id='word_1_142' title='bbox 626 2031 679 2090; x_wconf 80' lang='grc' dir='ltr'>ἀπό</span> <span class='ocrx_word' id='word_1_143' title='bbox 700 2033 762 2090; x_wconf 91' lang='grc' dir='ltr'>θεοῦ</span> <span class='ocrx_word' id='word_1_144' title='bbox 786 2033 874 2111; x_wconf 87' lang='grc' dir='ltr'>κυρίου</span> <span class='ocrx_word' id='word_1_145' title='bbox 896 2036 1114 2112; x_wconf 78' lang='grc' dir='ltr'>παντοκράτορος</span> <span class='ocrx_word' id='word_1_146' title='bbox 1137 2031 1184 2092; x_wconf 87' lang='grc' dir='ltr'>καὶ</span> <span class='ocrx_word' id='word_1_147' title='bbox 1206 2053 1329 2111; x_wconf 87' lang='grc' dir='ltr'>κατηρα-</span> 
     </span>
     <span class='ocr_line' id='line_1_15' title="bbox 42 2148 1333 2234; baseline -0.001 -21"><span class='ocrx_word' id='word_1_148' title='bbox 42 2157 117 2228; x_wconf 82' lang='grc' dir='ltr'>μένος</span> <span class='ocrx_word' id='word_1_149' title='bbox 140 2154 186 2214; x_wconf 90' lang='grc' dir='ltr'>καί</span> <span class='ocrx_word' id='word_1_150' title='bbox 210 2155 405 2234; x_wconf 84' lang='grc' dir='ltr'>ἀτυγχώρητσς</span> <span class='ocrx_word' id='word_1_151' title='bbox 431 2151 479 2212; x_wconf 87' lang='grc' dir='ltr'>καί</span> <span class='ocrx_word' id='word_1_152' title='bbox 502 2148 604 2225; x_wconf 87' lang='grc' dir='ltr'>ἀλυτος</span> <span class='ocrx_word' id='word_1_153' title='bbox 630 2153 698 2227; x_wconf 85' lang='grc' dir='ltr'>μετὰ</span> <span class='ocrx_word' id='word_1_154' title='bbox 721 2155 846 2234; x_wconf 86' lang='grc' dir='ltr'>θάνατον,</span> <span class='ocrx_word' id='word_1_155' title='bbox 874 2152 920 2213; x_wconf 89' lang='grc' dir='ltr'>καὶ</span> <span class='ocrx_word' id='word_1_156' title='bbox 943 2155 962 2230; x_wconf 84' lang='grc' dir='ltr'>ἡ</span> <span class='ocrx_word' id='word_1_157' title='bbox 985 2153 1063 2234; x_wconf 86' lang='grc' dir='ltr'>μερίς</span> <span class='ocrx_word' id='word_1_158' title='bbox 1086 2156 1167 2214; x_wconf 80' lang='grc' dir='ltr'>αὺτοῦ</span> <span class='ocrx_word' id='word_1_159' title='bbox 1194 2153 1263 2230; x_wconf 81' lang='grc' dir='ltr'>μετὰ</span> <span class='ocrx_word' id='word_1_160' title='bbox 1287 2157 1333 2213; x_wconf 89' lang='grc' dir='ltr'>τοῦ</span> 
     </span>
     <span class='ocr_line' id='line_1_16' title="bbox 42 2273 1334 2358; baseline 0.001 -26"><span class='ocrx_word' id='word_1_161' title='bbox 42 2277 133 2353; x_wconf 76' lang='grc' dir='ltr'>Ίοίδα,</span> <span class='ocrx_word' id='word_1_162' title='bbox 162 2275 208 2336; x_wconf 82' lang='grc' dir='ltr'>καί</span> <span class='ocrx_word' id='word_1_163' title='bbox 233 2277 305 2356; x_wconf 72' lang='grc' dir='ltr'>εὖροι</span> <span class='ocrx_word' id='word_1_164' title='bbox 327 2277 372 2334; x_wconf 79' lang='grc' dir='ltr'>τόν</span> <span class='ocrx_word' id='word_1_165' title='bbox 397 2275 459 2334; x_wconf 79' lang='grc' dir='ltr'>θεόν</span> <span class='ocrx_word' id='word_1_166' title='bbox 487 2275 620 2334; x_wconf 80' lang='grc' dir='ltr'>ἀντίδικον</span> <span class='ocrx_word' id='word_1_167' title='bbox 648 2276 728 2334; x_wconf 77' lang='grc' dir='ltr'>αὐτοῦ</span> <span class='ocrx_word' id='word_1_168' title='bbox 756 2274 785 2333; x_wconf 86' lang='grc' dir='ltr'>ἐν</span> <span class='ocrx_word' id='word_1_169' title='bbox 812 2282 845 2357; x_wconf 81' lang='grc' dir='ltr'>τῇ</span> <span class='ocrx_word' id='word_1_170' title='bbox 868 2275 960 2358; x_wconf 78' lang='grc' dir='ltr'>ἡμέρᾳ</span> <span class='ocrx_word' id='word_1_171' title='bbox 985 2281 1035 2350; x_wconf 71' lang='grc' dir='ltr'>τῆς</span> <span class='ocrx_word' id='word_1_172' title='bbox 1061 2275 1177 2354; x_wconf 89' lang='grc' dir='ltr'>κρίσεως</span> <span class='ocrx_word' id='word_1_173' title='bbox 1204 2273 1252 2334; x_wconf 90' lang='grc' dir='ltr'>καὶ</span> <span class='ocrx_word' id='word_1_174' title='bbox 1273 2278 1334 2347; x_wconf 84' lang='grc' dir='ltr'>ταῖς</span> 
     </span>
     <span class='ocr_line' id='line_1_17' title="bbox 41 2393 1334 2480; baseline 0.002 -26"><span class='ocrx_word' id='word_1_175' title='bbox 41 2403 177 2477; x_wconf 80' lang='grc' dir='ltr'>πατρικαῖς</span> <span class='ocrx_word' id='word_1_176' title='bbox 211 2396 258 2456; x_wconf 88' lang='grc' dir='ltr'>καί</span> <span class='ocrx_word' id='word_1_177' title='bbox 289 2397 442 2468; x_wconf 84' lang='grc' dir='ltr'>συνοδικαίς</span> <span class='ocrx_word' id='word_1_178' title='bbox 474 2397 551 2476; x_wconf 85' lang='grc' dir='ltr'>ἀραῖς</span> <span class='ocrx_word' id='word_1_179' title='bbox 581 2395 715 2468; x_wconf 80' lang='grc' dir='ltr'>ὑπόδικος.</span> <span class='ocrx_word' id='word_1_180' title='bbox 750 2397 811 2456; x_wconf 77' lang='grc' dir='ltr'>ὅθεν</span> <span class='ocrx_word' id='word_1_181' title='bbox 842 2394 881 2468; x_wconf 84' lang='grc' dir='ltr'>εἰς</span> <span class='ocrx_word' id='word_1_182' title='bbox 912 2393 1026 2468; x_wconf 78' lang='grc' dir='ltr'>ἔνδειξιν</span> <span class='ocrx_word' id='word_1_183' title='bbox 1056 2395 1178 2472; x_wconf 81' lang='grc' dir='ltr'>ἀπελῦθη</span> <span class='ocrx_word' id='word_1_184' title='bbox 1209 2403 1242 2478; x_wconf 81' lang='grc' dir='ltr'>τῇ</span> <span class='ocrx_word' id='word_1_185' title='bbox 1272 2397 1334 2480; x_wconf 85' lang='grc' dir='ltr'>ίερᾷ</span> 
     </span>
     <span class='ocr_line' id='line_1_18' title="bbox 40 2516 1331 2601; baseline 0.003 -26"><span class='ocrx_word' id='word_1_186' title='bbox 40 2521 115 2601; x_wconf 75' lang='grc' dir='ltr'>ταῦτη</span> <span class='ocrx_word' id='word_1_187' title='bbox 147 2525 216 2600; x_wconf 81' lang='grc' dir='ltr'>μονῇ</span> <span class='ocrx_word' id='word_1_188' title='bbox 247 2517 293 2578; x_wconf 90' lang='grc' dir='ltr'>καὶ</span> <span class='ocrx_word' id='word_1_189' title='bbox 323 2521 354 2578; x_wconf 73' lang='grc' dir='ltr'>τό</span> <span class='ocrx_word' id='word_1_190' title='bbox 384 2519 470 2596; x_wconf 71' lang='grc' dir='ltr'>παρὀν</span> <span class='ocrx_word' id='word_1_191' title='bbox 502 2516 744 2597; x_wconf 73' lang='grc' dir='ltr'>ἑπιβεβαιωπηριον</span> <span class='ocrx_word' id='word_1_192' title='bbox 775 2519 970 2598; x_wconf 77' lang='grc' dir='ltr'>πατριαρχικόν</span> <span class='ocrx_word' id='word_1_193' title='bbox 1001 2517 1178 2597; x_wconf 84' lang='grc' dir='ltr'>σιγιλλιῶδες</span> <span class='ocrx_word' id='word_1_194' title='bbox 1205 2521 1331 2599; x_wconf 85' lang='grc' dir='ltr'>γράμμα.</span> 
     </span>
     <span class='ocr_line' id='line_1_19' title="bbox 41 2636 627 2720; baseline 0 -22"><span class='ocrx_word' id='word_1_195' title='bbox 41 2639 154 2720; x_wconf 47' lang='grc' dir='ltr'>,αχπηᾎ</span> <span class='ocrx_word' id='word_1_196' title='bbox 178 2636 275 2720; x_wconf 84' lang='grc' dir='ltr'>μαίῳ,</span> <span class='ocrx_word' id='word_1_197' title='bbox 300 2640 510 2710; x_wconf 87' lang='grc' dir='ltr'>ίνδικτιιῦνσς</span> <span class='ocrx_word' id='word_1_198' title='bbox 535 2639 580 2700; x_wconf 89' lang='grc' dir='ltr'>ια’.</span> <span class='ocrx_word' id='word_1_199' title='bbox 605 2641 627 2719; x_wconf 91' lang='lat'>†</span> 
     </span>
    </p>

    <p class='ocr_par' dir='ltr' id='par_1_3' title="bbox 39 2759 1351 3450">
     <span class='ocr_line' id='line_1_20' title="bbox 138 2759 1332 2842; baseline -0.003 -20"><span class='ocrx_word' id='word_1_200' title='bbox 138 2764 159 2842; x_wconf 87' lang='lat'><strong>†</strong></span> <span class='ocrx_word' id='word_1_201' title='bbox 183 2761 409 2840; x_wconf 78' lang='grc' dir='ltr'>Καλλίνικος,</span> <span class='ocrx_word' id='word_1_202' title='bbox 435 2761 520 2840; x_wconf 81' lang='grc' dir='ltr'>ἐλέῳ</span> <span class='ocrx_word' id='word_1_203' title='bbox 543 2764 617 2821; x_wconf 89' lang='grc' dir='ltr'>θεοῦ</span> <span class='ocrx_word' id='word_1_204' title='bbox 641 2759 905 2841; x_wconf 87' lang='grc' dir='ltr'>ἀρχιεπίσκοπος</span> <span class='ocrx_word' id='word_1_205' title='bbox 928 2763 1332 2842; x_wconf 86' lang='grc' dir='ltr'>Κωνσταντινουπόλεως,</span> 
     </span>
     <span class='ocr_line' id='line_1_21' title="bbox 41 2883 917 2963; baseline 0 -21"><span class='ocrx_word' id='word_1_206' title='bbox 41 2885 123 2956; x_wconf 66' lang='grc' dir='ltr'>Νέας</span> <span class='ocrx_word' id='word_1_207' title='bbox 147 2886 293 2962; x_wconf 81' lang='grc' dir='ltr'>Ῥώμης,</span> <span class='ocrx_word' id='word_1_208' title='bbox 315 2883 371 2944; x_wconf 84' lang='grc' dir='ltr'>καί</span> <span class='ocrx_word' id='word_1_209' title='bbox 395 2883 631 2957; x_wconf 82' lang='grc' dir='ltr'>οίκουμενικός</span> <span class='ocrx_word' id='word_1_210' title='bbox 653 2887 873 2963; x_wconf 81' lang='grc' dir='ltr'>πατριάρχης.</span> <span class='ocrx_word' id='word_1_211' title='bbox 897 2885 917 2962; x_wconf 87' lang='lat'>†</span> 
     </span>
     <span class='ocr_line' id='line_1_22' title="bbox 40 3003 1333 3086; baseline -0.004 -21"><span class='ocrx_word' id='word_1_212' title='bbox 40 3009 56 3071; x_wconf 73' lang='grc' dir='ltr'>ί</span> <span class='ocrx_word' id='word_1_213' title='bbox 79 3007 112 3064; x_wconf 87' lang='lat'>‘0</span> <span class='ocrx_word' id='word_1_214' title='bbox 139 3007 275 3082; x_wconf 81' lang='grc' dir='ltr'>Ἐφέσου</span> <span class='ocrx_word' id='word_1_215' title='bbox 299 3006 504 3078; x_wconf 85' lang='grc' dir='ltr'>Ἀθανάσιος.</span> <span class='ocrx_word' id='word_1_216' title='bbox 529 3007 550 3084; x_wconf 70' lang='grc' dir='ltr'>ί·</span> <span class='ocrx_word' id='word_1_217' title='bbox 711 3009 732 3086; x_wconf 83' lang='lat'><em>†</em></span> <span class='ocrx_word' id='word_1_218' title='bbox 755 3005 791 3062; x_wconf 83' lang='lat'>&#39;0</span> <span class='ocrx_word' id='word_1_219' title='bbox 808 3003 1012 3083; x_wconf 84' lang='grc' dir='ltr'>Ἡρακλείας</span> <span class='ocrx_word' id='word_1_220' title='bbox 1028 3005 1295 3084; x_wconf 87' lang='grc' dir='ltr'>Βαρθολομαῖος.</span> <span class='ocrx_word' id='word_1_221' title='bbox 1312 3007 1333 3083; x_wconf 90' lang='lat'>†</span> 
     </span>
     <span class='ocr_line' id='line_1_23' title="bbox 40 3125 1256 3210; baseline -0.002 -23"><span class='ocrx_word' id='word_1_222' title='bbox 40 3129 112 3200; x_wconf 75' lang='lat'>†&#39;0</span> <span class='ocrx_word' id='word_1_223' title='bbox 136 3130 268 3210; x_wconf 77' lang='grc' dir='ltr'>Σερρῶν</span> <span class='ocrx_word' id='word_1_224' title='bbox 292 3127 472 3207; x_wconf 85' lang='grc' dir='ltr'>Κῦριλλος.</span> <span class='ocrx_word' id='word_1_225' title='bbox 497 3131 517 3208; x_wconf 92' lang='lat'>†</span> <span class='ocrx_word' id='word_1_226' title='bbox 711 3129 732 3206; x_wconf 95' lang='lat'>†</span> <span class='ocrx_word' id='word_1_227' title='bbox 756 3127 790 3186; x_wconf 84' lang='lat'>‘0</span> <span class='ocrx_word' id='word_1_228' title='bbox 815 3126 1034 3202; x_wconf 79' lang='grc' dir='ltr'>Χαλκηδόνος</span> <span class='ocrx_word' id='word_1_229' title='bbox 1057 3126 1211 3201; x_wconf 79' lang='grc' dir='ltr'>Κλήμης.</span> <span class='ocrx_word' id='word_1_230' title='bbox 1235 3125 1256 3203; x_wconf 91' lang='lat'>†</span> 
     </span>
     <span class='ocr_line' id='line_1_24' title="bbox 39 3247 1192 3329; baseline -0.002 -21"><span class='ocrx_word' id='word_1_231' title='bbox 39 3251 110 3324; x_wconf 79' lang='lat'>†‘0</span> <span class='ocrx_word' id='word_1_232' title='bbox 139 3295 294 3311; x_wconf 91' lang='grc'><strong>.....</strong></span> <span class='ocrx_word' id='word_1_233' title='bbox 320 3249 509 3329; x_wconf 85' lang='grc' dir='ltr'>Πορφθριος.</span> <span class='ocrx_word' id='word_1_234' title='bbox 534 3250 555 3326; x_wconf 94' lang='lat'>†</span> <span class='ocrx_word' id='word_1_235' title='bbox 712 3251 732 3328; x_wconf 69' lang='grc' dir='ltr'>ί·</span> <span class='ocrx_word' id='word_1_236' title='bbox 756 3249 791 3306; x_wconf 86' lang='lat'>‘0</span> <span class='ocrx_word' id='word_1_237' title='bbox 816 3247 929 3307; x_wconf 84' lang='grc' dir='ltr'>Ῥόδου</span> <span class='ocrx_word' id='word_1_238' title='bbox 954 3247 1145 3326; x_wconf 82' lang='grc' dir='ltr'>Παρθένιος.</span> <span class='ocrx_word' id='word_1_239' title='bbox 1171 3247 1192 3324; x_wconf 95' lang='lat'>†</span> 
     </span>
     <span class='ocr_line' id='line_1_25' title="bbox 39 3369 1271 3450; baseline -0.002 -20"><span class='ocrx_word' id='word_1_240' title='bbox 39 3373 109 3437; x_wconf 66' lang='grc' dir='ltr'>θλ)</span> <span class='ocrx_word' id='word_1_241' title='bbox 134 3421 142 3436; x_wconf 87' lang='grc'>,</span> <span class='ocrx_word' id='word_1_242' title='bbox 173 3421 180 3434; x_wconf 90' lang='grc'>.</span> <span class='ocrx_word' id='word_1_243' title='bbox 211 3421 217 3433; x_wconf 97' lang='grc'>.</span> <span class='ocrx_word' id='word_1_244' title='bbox 247 3419 254 3432; x_wconf 94' lang='grc'>.</span> <span class='ocrx_word' id='word_1_245' title='bbox 281 3373 417 3450; x_wconf 83' lang='grc' dir='ltr'>Πατρῶν</span> <span class='ocrx_word' id='word_1_246' title='bbox 442 3419 448 3432; x_wconf 94' lang='grc'>.</span> <span class='ocrx_word' id='word_1_247' title='bbox 478 3417 485 3432; x_wconf 97' lang='grc'>.</span> <span class='ocrx_word' id='word_1_248' title='bbox 515 3419 521 3430; x_wconf 95' lang='grc'>.</span> <span class='ocrx_word' id='word_1_249' title='bbox 551 3417 555 3428; x_wconf 96' lang='grc'>.</span> <span class='ocrx_word' id='word_1_250' title='bbox 580 3373 601 3450; x_wconf 95' lang='lat'>†</span> <span class='ocrx_word' id='word_1_251' title='bbox 712 3371 732 3448; x_wconf 83' lang='lat'>†</span> <span class='ocrx_word' id='word_1_252' title='bbox 757 3370 791 3428; x_wconf 85' lang='lat'>‘0</span> <span class='ocrx_word' id='word_1_253' title='bbox 816 3370 1011 3445; x_wconf 82' lang='grc' dir='ltr'>Μυτιλήνης</span> <span class='ocrx_word' id='word_1_254' title='bbox 1035 3369 1271 3448; x_wconf 67' lang='grc' dir='ltr'>Γρηγόρισς.γ</span> 
     </span>
    </p>

    <p class='ocr_par' dir='ltr' id='par_1_4' title="bbox 137 3489 1271 3692">
     <span class='ocr_line' id='line_1_26' title="bbox 711 3489 1271 3570; baseline -0.007 -19"><span class='ocrx_word' id='word_1_255' title='bbox 711 3492 732 3568; x_wconf 93' lang='lat'>†</span> <span class='ocrx_word' id='word_1_256' title='bbox 755 3491 790 3550; x_wconf 87' lang='grc' dir='ltr'><strong>Ὁ</strong></span> <span class='ocrx_word' id='word_1_257' title='bbox 814 3490 999 3570; x_wconf 86' lang='grc' dir='ltr'>Δυρραχίου</span> <span class='ocrx_word' id='word_1_258' title='bbox 1023 3489 1225 3564; x_wconf 81' lang='grc' dir='ltr'>Νικόδημος.</span> <span class='ocrx_word' id='word_1_259' title='bbox 1250 3490 1271 3567; x_wconf 95' lang='lat'>†</span> 
     </span>
     <span class='ocr_line' id='line_1_27' title="bbox 137 3619 926 3692; baseline -0.006 -15"><span class='ocrx_word' id='word_1_260' title='bbox 137 3623 282 3692; x_wconf 75' lang='lat' dir='ltr'>.·{rcketyp.</span> <span class='ocrx_word' id='word_1_261' title='bbox 308 3641 368 3675; x_wconf 84' lang='grc' dir='ltr'>συιιι</span> <span class='ocrx_word' id='word_1_262' title='bbox 390 3621 465 3676; x_wconf 82' lang='grc' dir='ltr'>όυίίιι</span> <span class='ocrx_word' id='word_1_263' title='bbox 485 3621 624 3690; x_wconf 77' lang='lat' dir='ltr'>plumbea.</span> <span class='ocrx_word' id='word_1_264' title='bbox 650 3619 725 3673; x_wconf 70' lang='lat' dir='ltr'><strong><em>Hor.</em></strong></span> <span class='ocrx_word' id='word_1_265' title='bbox 744 3619 785 3672; x_wconf 87' lang='lat' dir='ltr'>II.</span> <span class='ocrx_word' id='word_1_266' title='bbox 809 3637 858 3671; x_wconf 79' lang='grc' dir='ltr'>ιινο</span> <span class='ocrx_word' id='word_1_267' title='bbox 876 3619 926 3672; x_wconf 82' lang='grc'>56.</span> 
     </span>
    </p>
   </div>
   <div class='ocr_carea' id='block_1_3' title="bbox 250 3989 1118 4075">
    <p class='ocr_par' dir='ltr' id='par_1_5' title="bbox 250 3989 1118 4075">
     <span class='ocr_line' id='line_1_28' title="bbox 250 3989 1118 4075; baseline -0.009 -15"><span class='ocrx_word' id='word_1_268' title='bbox 250 3997 454 4060; x_wconf 82' lang='lat' dir='ltr'>CXXXVII.</span> <span class='ocrx_word' id='word_1_269' title='bbox 480 3993 705 4075; x_wconf 75' lang='grc'>7203-1695,</span> <span class='ocrx_word' id='word_1_270' title='bbox 728 4014 839 4056; x_wconf 80' lang='lat' dir='ltr'>mense</span> <span class='ocrx_word' id='word_1_271' title='bbox 863 3991 947 4074; x_wconf 86' lang='lat' dir='ltr'><strong>iulio,</strong></span> <span class='ocrx_word' id='word_1_272' title='bbox 971 3989 1035 4054; x_wconf 92' lang='lat' dir='ltr'><strong>ind.</strong></span> <span class='ocrx_word' id='word_1_273' title='bbox 1060 3989 1118 4052; x_wconf 82' lang='grc' dir='ltr'>ΠΙ.</span> 
     </span>
    </p>
   </div>
   <div class='ocr_carea' id='block_1_4' title="bbox 36 4137 1334 4522">
    <p class='ocr_par' dir='ltr' id='par_1_6' title="bbox 42 4137 1334 4212">
     <span class='ocr_line' id='line_1_29' title="bbox 42 4137 1334 4212; baseline -0.008 -15"><span class='ocrx_word' id='word_1_274' title='bbox 42 4147 201 4200; x_wconf 73' lang='grc' dir='ltr'>Ριιίιίιιτσίια</span> <span class='ocrx_word' id='word_1_275' title='bbox 225 4145 373 4198; x_wconf 70' lang='lat' dir='ltr'>Callinicus</span> <span class='ocrx_word' id='word_1_276' title='bbox 394 4144 435 4197; x_wconf 85' lang='lat' dir='ltr'>H.</span> <span class='ocrx_word' id='word_1_277' title='bbox 460 4151 484 4198; x_wconf 78' lang='grc' dir='ltr'>σι</span> <span class='ocrx_word' id='word_1_278' title='bbox 511 4143 629 4212; x_wconf 70' lang='lat' dir='ltr'><em>synodus</em></span> <span class='ocrx_word' id='word_1_279' title='bbox 657 4143 746 4194; x_wconf 72' lang='lat' dir='ltr'><em>iubent</em></span> <span class='ocrx_word' id='word_1_280' title='bbox 768 4141 962 4210; x_wconf 76' lang='lat' dir='ltr'><em>metropolitas,</em></span> <span class='ocrx_word' id='word_1_281' title='bbox 995 4140 1043 4208; x_wconf 83' lang='grc' dir='ltr'>φυί</span> <span class='ocrx_word' id='word_1_282' title='bbox 1070 4137 1177 4190; x_wconf 75' lang='lat' dir='ltr'><strong><em>sedibus</em></strong></span> <span class='ocrx_word' id='word_1_283' title='bbox 1209 4137 1266 4188; x_wconf 80' lang='grc' dir='ltr'>ειιίν</span> <span class='ocrx_word' id='word_1_284' title='bbox 1295 4153 1334 4188; x_wconf 84' lang='lat' dir='ltr'>re-</span> 
     </span>
    </p>

    <p class='ocr_par' dir='ltr' id='par_1_7' title="bbox 41 4243 1334 4318">
     <span class='ocr_line' id='line_1_30' title="bbox 41 4243 1334 4318; baseline -0.003 -20"><span class='ocrx_word' id='word_1_285' title='bbox 41 4253 170 4318; x_wconf 73' lang='lat' dir='ltr'><em>nuntiant,</em></span> <span class='ocrx_word' id='word_1_286' title='bbox 204 4251 231 4302; x_wconf 84' lang='grc' dir='ltr'>ίιι</span> <span class='ocrx_word' id='word_1_287' title='bbox 263 4249 452 4301; x_wconf 73' lang='lat' dir='ltr'><em>monasterinm</em></span> <span class='ocrx_word' id='word_1_288' title='bbox 481 4247 509 4300; x_wconf 79' lang='lat' dir='ltr'>S.</span> <span class='ocrx_word' id='word_1_289' title='bbox 537 4247 649 4298; x_wconf 85' lang='grc' dir='ltr'>Ιοιιιιιιιέ</span> <span class='ocrx_word' id='word_1_290' title='bbox 675 4246 793 4298; x_wconf 77' lang='lat' dir='ltr'>secedere</span> <span class='ocrx_word' id='word_1_291' title='bbox 822 4245 910 4313; x_wconf 74' lang='lat' dir='ltr'><em>ibique</em></span> <span class='ocrx_word' id='word_1_292' title='bbox 939 4243 1071 4311; x_wconf 77' lang='grc' dir='ltr'>νσίίιριιιιιιι</span> <span class='ocrx_word' id='word_1_293' title='bbox 1098 4247 1213 4294; x_wconf 74' lang='lat' dir='ltr'><em>aetatem</em></span> <span class='ocrx_word' id='word_1_294' title='bbox 1245 4257 1334 4310; x_wconf 61' lang='lat' dir='ltr'><strong><em>agere,</em></strong></span> 
     </span>
    </p>

    <p class='ocr_par' dir='ltr' id='par_1_8' title="bbox 36 4345 1333 4522">
     <span class='ocr_line' id='line_1_31' title="bbox 36 4345 1333 4422; baseline -0.008 -16"><span class='ocrx_word' id='word_1_295' title='bbox 36 4354 122 4420; x_wconf 70' lang='lat' dir='ltr'><strong><em>facere</em></strong></span> <span class='ocrx_word' id='word_1_296' title='bbox 158 4359 344 4410; x_wconf 70' lang='lat' dir='ltr'><em>testamentum</em></span> <span class='ocrx_word' id='word_1_297' title='bbox 380 4359 403 4405; x_wconf 82' lang='grc' dir='ltr'>σι</span> <span class='ocrx_word' id='word_1_298' title='bbox 437 4351 527 4422; x_wconf 77' lang='grc' dir='ltr'>ίιφιινε</span> <span class='ocrx_word' id='word_1_299' title='bbox 553 4357 662 4419; x_wconf 79' lang='lat' dir='ltr'><em>partem</em></span> <span class='ocrx_word' id='word_1_300' title='bbox 696 4351 823 4402; x_wconf 76' lang='lat' dir='ltr'><strong><em>bonorum</em></strong></span> <span class='ocrx_word' id='word_1_301' title='bbox 853 4347 980 4400; x_wconf 68' lang='lat' dir='ltr'><em>ecclesiae</em></span> <span class='ocrx_word' id='word_1_302' title='bbox 1011 4345 1333 4417; x_wconf 73' lang='grc' dir='ltr'>(θυείαιιίίιισροίίίαιιαε,</span> 
     </span>
     <span class='ocr_line' id='line_1_32' title="bbox 433 4454 939 4522; baseline -0.01 -13"><span class='ocrx_word' id='word_1_303' title='bbox 433 4457 465 4509; x_wconf 85' lang='lat' dir='ltr'>de</span> <span class='ocrx_word' id='word_1_304' title='bbox 487 4457 581 4510; x_wconf 69' lang='lat' dir='ltr'><em>ceteris</em></span> <span class='ocrx_word' id='word_1_305' title='bbox 603 4473 666 4508; x_wconf 81' lang='lat' dir='ltr'><strong><em>vero</em></strong></span> <span class='ocrx_word' id='word_1_306' title='bbox 688 4455 769 4508; x_wconf 73' lang='lat' dir='ltr'><em>libere</em></span> <span class='ocrx_word' id='word_1_307' title='bbox 792 4454 939 4522; x_wconf 70' lang='grc' dir='ltr'>ιίιίιριοιιετε.</span> 
     </span>
    </p>
   </div>
   <div class='ocr_carea' id='block_1_5' title="bbox 137 4597 1335 4687">
    <p class='ocr_par' dir='ltr' id='par_1_9' title="bbox 137 4597 1335 4687">
     <span class='ocr_line' id='line_1_33' title="bbox 137 4597 1335 4687; baseline -0.008 -20"><span class='ocrx_word' id='word_1_308' title='bbox 137 4611 158 4687; x_wconf 83' lang='lat'><em>†</em></span> <span class='ocrx_word' id='word_1_309' title='bbox 182 4605 408 4684; x_wconf 86' lang='grc' dir='ltr'>Καλλίνικος,</span> <span class='ocrx_word' id='word_1_310' title='bbox 434 4603 520 4684; x_wconf 87' lang='grc' dir='ltr'>ἐλέῳ</span> <span class='ocrx_word' id='word_1_311' title='bbox 544 4606 620 4663; x_wconf 90' lang='grc' dir='ltr'>θεοῦ</span> <span class='ocrx_word' id='word_1_312' title='bbox 643 4603 910 4683; x_wconf 88' lang='grc' dir='ltr'>ἀρχιεπίσκοπος</span> <span class='ocrx_word' id='word_1_313' title='bbox 932 4597 1335 4678; x_wconf 85' lang='grc' dir='ltr'>Κωνσταντινσυπόλεως,</span> 
     </span>
    </p>
   </div>
   <div class='ocr_carea' id='block_1_6' title="bbox 41 4720 920 4806">
    <p class='ocr_par' dir='ltr' id='par_1_10' title="bbox 41 4720 920 4806">
     <span class='ocr_line' id='line_1_34' title="bbox 41 4720 920 4806; baseline -0.007 -18"><span class='ocrx_word' id='word_1_314' title='bbox 41 4731 124 4803; x_wconf 66' lang='grc' dir='ltr'>Νέας</span> <span class='ocrx_word' id='word_1_315' title='bbox 148 4733 293 4806; x_wconf 80' lang='grc' dir='ltr'>Ῥώμης,</span> <span class='ocrx_word' id='word_1_316' title='bbox 318 4720 374 4786; x_wconf 88' lang='grc' dir='ltr'>καί</span> <span class='ocrx_word' id='word_1_317' title='bbox 397 4725 631 4800; x_wconf 79' lang='grc' dir='ltr'>οἰκουμενικδς</span> <span class='ocrx_word' id='word_1_318' title='bbox 653 4727 874 4804; x_wconf 82' lang='grc' dir='ltr'>πατριάρχης.</span> <span class='ocrx_word' id='word_1_319' title='bbox 900 4725 920 4802; x_wconf 86' lang='lat'>†</span> 
     </span>
    </p>
   </div>
   <div class='ocr_carea' id='block_1_7' title="bbox 0 0 1586 5278">
    <p class='ocr_par' dir='ltr' id='par_1_11' title="bbox 0 0 1586 5278">
     <span class='ocr_line' id='line_1_35' title="bbox 0 0 1586 5278; baseline 0 1"><span class='ocrx_word' id='word_1_320' title='bbox 0 0 1586 5278; x_wconf 95' lang='lat' dir='ltr'> </span> 
     </span>
    </p>
   </div>
  </div>
 </body>
</html>
