3184 5288
1276 378 1335 442 127

60 569 95 626 ἀιά
116 569 206 646 χειρὸς
234 569 356 646 Μιχσιήλ
385 568 481 648 ἱερέως
507 567 554 628 καὶ
581 565 782 649 ταβουλλσιρίσυ
808 575 858 644 τῆς
885 573 965 642 νήσου
988 571 1101 650 Κρήτης
1126 573 1172 629 τσύ
1196 570 1338 644 Λιμενίτου

58 687 124 764 μηνὶ
151 689 359 769 ρεβρουαρίῳ
388 687 596 764 ίνδιιιτιῶνος
620 688 669 772 ια’,
694 692 787 762 ἔτους
809 689 898 772 ,ςψά
920 691 1083 772 παρουσίᾳ
1105 697 1167 750 τῶν
1193 691 1337 771 ύπσγρα-

57 813 167 886 ύάντων
190 813 371 892 μαρτύρων.
395 813 416 890 †

144 935 164 1012 †
187 933 355 1014 Ἰωάννης,
379 935 519 1008 εύτελὴς
542 933 653 1015 ἱερεύς
674 932 730 994 ιιαὶ
756 935 920 1014 κληρινιδς
945 940 1004 1010 τῆς
1027 936 1216 1012 ἁγιωτάτης
1242 931 1337 1015 ἁρχι-

58 1062 225 1132 επισιιοπῆς
252 1061 317 1132 τῆς
347 1057 589 1136 μητροπόλεως
616 1057 751 1137 Κρήτης
777 1054 839 1116 ιιαὶ
866 1057 1044 1136 δστιάρισς,
1068 1057 1082 1114 ὁ
1106 1057 1338 1137 Ματζιτζήρης

57 1178 177 1255 πάρειμι
200 1175 253 1236 ἐπί
276 1184 313 1260 τῇ
341 1179 488 1260 παρούσῃ
515 1179 646 1260 καθαρᾷ
674 1177 828 1258 διαπράσι
854 1177 917 1237 τῶν
945 1177 1255 1258 ἀναγεγραμμένων
1283 1178 1338 1238 δύο

57 1297 213 1376 τεμαχίων
237 1293 411 1374 άμπελίων
438 1299 493 1360 καί
520 1305 557 1381 τῃ
586 1299 676 1360 δύσει
699 1305 762 1360 τῶν
790 1299 874 1359 ὀκτὼ
897 1302 1118 1380 νομισμάτων,
1142 1301 1184 1371 ὡς
1207 1302 1241 1360 τδ
1262 1301 1339 1379 ύρος

57 1418 149 1492 δηλεῖ,
172 1418 228 1478 ιιαί
252 1426 424 1500 μαρτυρῶν
447 1421 631 1500 ὑπέγραψα.
656 1423 676 1501 †

144 1545 165 1620 †
188 1541 356 1622 Ἰωάννης,
373 1542 512 1616 εύτελὴς
528 1541 637 1622 ἱερεύς
652 1544 666 1602 ἀ
682 1542 907 1622 ίίοθύπουλος,
922 1545 1060 1620 πάρειμι
1072 1541 1123 1602 ἐπὶ
1135 1549 1173 1624 τῇ
1190 1544 1338 1625 παρούσῃ

56 1661 215 1741 διαπράσει
237 1668 300 1722 τῶν
319 1664 633 1744 ἀναγεγραμμένων
657 1663 711 1725 δύο
731 1663 901 1743 τεμαχίων
921 1661 1095 1740 ἀμπελίων
1115 1663 1169 1724 καὶ
1188 1671 1225 1747 τῇ
1247 1665 1339 1725 δόσει

55 1789 106 1842 τῶν
127 1783 210 1844 ἀτιτὼ
233 1788 455 1866 νομισμάτων,
484 1787 527 1857 ὡς
550 1788 584 1846 τδ
606 1787 683 1866 ύρος
706 1785 804 1866 διλεῖ,
832 1785 887 1846 καὶ
915 1793 1086 1866 μαρτυρῶν
1109 1787 1292 1866 ὑπέγραψα.
1316 1789 1338 1866 †

144 1905 393 1986 ήΝιιιηράρος,
428 1906 569 1982 εὐτελὴς
601 1905 725 1986 ἱερεύς
754 1909 769 1965 ὁ
796 1909 1008 1988 Καλάθετος,
1041 1910 1179 1987 πάρειμι
1210 1907 1268 1967 ἐπὶ
1297 1915 1338 1990 τῇ

55 2029 188 2108 παρούσῃ
223 2027 400 2107 διαπράσει
426 2034 494 2086 τῶν
525 2029 834 2108 ἀναγεγραμμένων
867 2029 927 2089 δύο
956 2029 1126 2107 τεμαχίων
1160 2029 1339 2104 ἀμπελίων

55 2147 100 2205 καὶ
120 2155 156 2229 τῇ
179 2149 272 2208 δόσει
293 2155 356 2208 τῶν
380 2149 465 2209 ὀκτὼ
488 2153 710 2232 νομισμάτων,
738 2151 780 2222 ὡς
802 2153 836 2210 rb
858 2151 934 2230 ύρος
958 2150 1066 2232 δηλοῖ,
1089 2149 1145 2210 ιιαὶ
1168 2157 1340 2232 μαρτυρῶν

56 2270 227 2348 Ιἀπέγραψα.
252 2273 273 2350 †

146 2393 448 2472 ήΚωνσταντῖνος,
477 2393 617 2468 εὐτελὴς
645 2391 755 2472 ἱερεύς
782 2391 838 2453 καί
860 2393 1111 2473 ταβουλλάριος
1133 2394 1148 2452 δ
1171 2393 1338 2473 Μούρλος,

55 2511 269 2591 προσκληθείς
296 2513 383 2592 παρά
409 2519 472 2574 τῶν
499 2513 690 2589 ἑκθεμένων
717 2515 774 2590 τὴν
801 2521 971 2595 παροῦσαν
995 2515 1170 2596 διάπρασιν
1192 2519 1254 2574 τῶν
1279 2515 1339 2591 ἀμ-

56 2633 167 2694 τελίων
188 2634 245 2693 καὶ
267 2634 387 2710 ταύτην
410 2635 521 2707 αὺτοῖς
544 2635 753 2712 ύπαναγνούς
775 2635 831 2696 καί
854 2637 1068 2717 ἑρμηνεύσας,
1093 2635 1191 2708 εἰδὼς
1213 2634 1268 2696 καί
1284 2636 1339 2712 τὴν

56 2757 236 2832 καταβολὴν
260 2763 322 2816 τῶν
345 2757 430 2816 ὀκτὼ
452 2760 666 2833 νομισμάτων
689 2759 899 2837 τρικεράλων
921 2758 1084 2832 παλαιῶν,
1110 2759 1295 2838 ύπέγραψα.
1319 2761 1339 2838 γι

147 2881 167 2958 †
191 2877 226 2937 Ὀ
249 2877 395 2958 γραρεύς
421 2882 476 2938 τού
503 2880 600 2956 ύρσυς
629 2880 778 2958 Μιχαήλ,
807 2880 949 2955 εύτελὴς
975 2879 1086 2959 ίερεύς
1112 2878 1168 2939 καί
1194 2878 1339 2954 ταβουλ-

56 2997 162 3079 λάριος
187 3006 246 3075 τῆς
274 3002 372 3074 νήσου
395 3000 529 3080 Κρήτης
556 3001 785 3080 ἀΛιμενίτης,
813 2998 985 3082 μαρτυρῶν
1011 2999 1066 3062 καὶ
1094 3001 1190 3071 αύτδς
1217 2999 1341 3076 ὁμοίως

57 3119 228 3200 Ιἀπέγραψα.
254 3123 274 3200 †

148 3248 291 3319 Archetyp.
312 3250 542 3306 membranaceum
566 3249 643 3304 Κίον.
667 3267 716 3306 τινα
738 3253 786 3306 88.

235 3587 377 3653 XXXV.
403 3587 655 3674 (6704-1195),
678 3610 789 3654 mense
812 3586 944 3672 octobn‘,
968 3587 1032 3654 ind.
1057 3588 1148 3654 XIV.

61 3765 183 3825 Ὶύίύιιιιαί
204 3772 371 3826 maritimum
389 3771 531 3826 demetitur
544 3771 712 3842 peculiarem
729 3789 825 3826 navem
844 3789 994 3828 carceream
1012 3775 1174 3827 mamartert'o
1188 3791 1241 3844 per
1254 3773 1342 3842 privi-

167 3875 239 3946 leqia
261 3877 455 3946 impmataram
478 3895 497 3932 a
521 3877 628 3930 tributis
652 3883 808 3947 exemptam,
834 3877 970 3948 traditque
993 3894 1050 3932 eam
1073 3877 1218 3932 monachia.

150 4097 252 4176 ήΤῆς
283 4095 434 4172 σεβασμίσις
465 4102 550 4172 μονῆς
580 4101 630 4171 τῆς
658 4096 742 4178 ἐντῃ
770 4099 844 4175 νήσῳ
872 4097 984 4171 Πάτμου
1015 4070 1190 4173 διακειμένης
1220 4093 1268 4156 καὶ
1299 4095 1341 4154 ἐπ’

60 4210 158 4290 ἑνίματι
185 4219 345 4295 τιμωμένης
375 4221 421 4280 τού
444 4217 606 4298 ἐπιστηθίσυ,
628 4217 810 4298 ἠγαπημένον
841 4219 962 4293 μαθητού
989 4217 1027 4296 τῷ
1054 4224 1153 4297 σωτῆρι
1181 4217 1236 4298 θεῷ
1262 4218 1341 4292 ήμιύν

61 4333 140 4408 Ἰησοῦ
161 4338 268 4419 Χριστῷ
295 4336 342 4400 καί
369 4339 566 4418 εὐαγγελιστοῦ
590 4340 718 4400 Ἰωάννου
745 4341 877 4420 παρθένου
904 4343 949 4399 τοῦ
977 4337 1132 4420 Θεολύγσυ,
1159 4339 1342 4418 πορισαμένης

60 4459 241 4534 mmmm
270 4465 317 4520 τσύ
341 4461 369 4520 ἐν
398 4460 521 4542 μακαρίᾳ
546 4467 580 4542 τῇ
608 4457 689 4534 λήξει
716 4460 839 4536 ἀοιδίμου
868 4459 1005 4535 βασιλέως
1034 4463 1116 4540 κυρού
1143 4456 1268 4532 Ἀλεξίου
1297 4464 1343 4520 πού

62 4575 202 4662 Κσμνηνού,
231 4582 403 4663 διοριζόμενσι
431 4583 505 4660 ἔχειν
532 4583 580 4656 τὴν
607 4581 730 4656 τοιαύτην
759 4582 844 4657 μονὴν
874 4577 1046 4654 ἐξηουσσείαν
1073 4580 1222 4662 πλοιαρίων
1252 4587 1342 4661 τριῶν,

64 4698 96 4770 μὴ
120 4703 388 4782 ν.αταγεγραμμὲνων
418 4705 481 4776 τοῖς·
505 4703 682 4779 δημοσιαιιοῑς
712 4701 832 4782 ιιώδιξιν,
861 4703 945 4763 ὄντων
972 4725 1001 4763 τε
1032 4707 1185 4782 χωρήοεως
1216 4703 1343 4781 χιλιάδος
