3184 5288
257 347 318 412 150

254 542 433 604 Βαοιλείου
463 544 675 617 ἀναγνώστου
701 543 756 598 τοῦ
783 541 920 619 Ἀρώνη,
948 538 1003 598 καὶ
1034 539 1208 618 ὑπέγραψα
1239 538 1292 597 διὰ
1318 545 1381 597 τῶν
1408 559 1535 618 παρατυ-

253 667 379 744 χόντων
403 657 580 742 μαρτίἰρων.

378 803 475 882 Σίγνον
523 801 671 896 Βασιλείου
769 795 866 876 Σίγνον
919 797 1047 859 Ἰωάννου
1160 799 1257 874 Σίγνον
1291 797 1445 888 ήΓεωργίου

363 931 408 986 τοῦ
431 927 487 984 Βυ-
547 923 643 994 τζίνου.
754 927 800 981 τοῦ
823 921 878 982 υίοῖι
941 922 1029 981 αθτοῡ.
1141 925 1187 981 τοῦ
1210 902 1293 1000 Καί
1340 926 1412 982 ντοῡ.

571 1061 668 1139 Σίγιον
729 1059 842 1138 Σεργίου
959 1059 1056 1136 Σίγνον
1095 1057 1239 1135 ζἸωοίννου

542 1192 588 1243 τοῦ
611 1179 692 1254 Ναξ-
749 1184 823 1258 ιώτή.
952 1187 998 1241 τοῦ
1023 1183 1071 1241 Bt·
1094 1176 1243 1262 ήσταίρχου.

357 1315 500 1384 Archetyp.
519 1313 625 1366 ιιιοιιιίιτ.
650 1313 781 1381 scriptum
803 1317 912 1364 exeunte
934 1329 1003 1364 οααυ.
1022 1311 1105 1380 ΧΠ,
1128 1316 1158 1364 ut
1180 1310 1296 1364 videtur.
1313 1311 1390 1363 Flor.
1408 1327 1455 1362 uro
1473 1313 1531 1362 104.

496 1597 617 1662 XLIV.
642 1595 869 1678 6714-1206,
893 1619 1003 1660 mense
1026 1597 1151 1680 martio,
1174 1595 1238 1660 ind.
1262 1595 1304 1660 X.

254 1731 408 1800 Stephanus
431 1728 677 1800 Ιίιιρίοοίεμίιαιιίίσ
705 1733 729 1780 σί
755 1745 825 1780 uxor
852 1728 909 1780 εἰμι
937 1727 1038 1781 domm
1066 1727 1226 1780 monasterio
1248 1728 1340 1780 υάιοσυ
1363 1733 1389 1780 σί
1410 1727 1492 1779 domos
1512 1727 1536 1778 ἱιι

800 1832 892 1884 ιἰιειιώι
916 1833 1003 1885 Ma.

404 1988 424 2064 †
448 1987 612 2063 Στέφανος
634 1983 796 2057 σεβαστθς
819 1983 833 2040 ὁ
858 1979 1150 2060 Ἁγιοστερανίτης
1172 1978 1351 2060 προέταξε.
1375 1981 1396 2058 †

760 2121 857 2198 Σίγνιον
886 2119 889 2199 Ι
929 2117 1030 2194 Ἄννης

645 2264 650 2272 ·
734 2247 783 2318 τῆς
805 2244 873 2316 θμο-
887 2230 1071 2322 ζζώγουαθτοῦ.

356 2364 376 2440 †
400 2361 448 2419 Ἐν
471 2362 583 2434 ὀνόματι
604 2365 649 2420 τοῦ
671 2365 774 2443 πατρὸς
801 2362 847 2423 καὶ
869 2367 917 2423 τοῦ
938 2363 994 2423 υίοῦ
1017 2362 1063 2423 καὶ
1085 2369 1132 2423 τοῦ
1154 2365 1232 2442 ἁγίου
1254 2365 1415 2440 πνεύματος.
1439 2365 1537 2440 Στέρα-

251 2505 299 2555 νος
321 2481 454 2555 οεβαοτθς
477 2482 491 2540 θ
515 2483 748 2562 ’λγιοστερανίτής
771 2484 817 2544 καὶ
841 2482 924 2546 Ἄννα
946 2488 965 2562 ἡ
988 2487 1124 2562 θμόζυγος
1148 2486 1236 2563 αὐτοῦ,
1261 2479 1298 2542 ὧν
1321 2487 1336 2544 θ
1360 2486 1411 2560 μὲν
1433 2485 1477 2559 τὴν
1499 2483 1538 2543 οί-

252 2606 329 2664 κείαν
350 2606 499 2684 προταγήν,
523 2605 539 2678 ή
565 2605 595 2663 δὲ
617 2605 662 2665 τθν
685 2605 773 2680 τίμιον
799 2605 846 2665 καὶ
869 2607 1000 2678 ζωοποίον
1025 2609 1137 2686 σταυρθν
1161 2607 1189 2666 ἐν
1213 2606 1286 2688 ἀρχῇ
1308 2611 1354 2666 τοῦ
1376 2607 1454 2686 θρους
1476 2605 1537 2664 ἱέιο-
1578 2691 1579 2694 γ

251 2726 352 2805 χείρως
379 2729 541 2800 ποιήσαντες
567 2727 597 2785 τ“ο
625 2728 710 2806 παρθν
738 2733 787 2804 τῆς
813 2725 1001 2808 προσενέξεως
1031 2725 1077 2787 καί
1105 2727 1278 2808 ἀφιερώσεως
1306 2729 1442 2808 έγγραρον
1467 2729 1538 2802 ήμῶν
1578 2755 1579 2758 ¹

252 2855 304 2907 τῶν
331 2847 477 2927 κατωτέρω
505 2847 744 2923 δηλωθησομένων
771 2844 944 2924 ἀμπελώνων
967 2851 1097 2925 τιθέμεθα
1124 2847 1171 2909 καί
1193 2853 1322 2925 ποιοῦμεν
1350 2847 1478 2920 ἑκουσίως
1498 2846 1540 2907 καὶ

252 2969 472 3044 ἀμεταμελήτως
509 2971 576 3047 προς
614 2969 644 3028 σὲ
681 2972 727 3029 τὀν
763 2972 966 3030 πανοοιώτατον
1004 2967 1210 3048 καθηγούμενον
1240 2976 1288 3046 τῆς
1321 2969 1472 3046 οεβσομίας
1501 2969 1540 3028 καί

252 3091 332 3170 ἁγίας
366 3096 451 3167 μονῆς
484 3097 530 3150 τοῦ
563 3090 744 3169 ήγαπημένου
771 3091 915 3170 Θεολέγου
941 3071 991 3166 τῆς
1020 3092 1049 3151 ἐν
1082 3099 1116 3173 τῇ
1149 3095 1223 3171 νήσῳ
1257 3097 1290 3172 τῇ
1325 3092 1440 3170 Πάτμῳ,
1473 3097 1539 3170 κώριν

251 3212 394 3292 Είιθύμιον,
414 3209 460 3272 καὶ
482 3211 527 3270 διὰ
547 3215 595 3271 σοῦ
610 3209 657 3270 καὶ
679 3213 747 3292 προς
769 3211 830 3284 τοὺς
854 3213 930 3294 έντῇ
954 3213 1063 3294 τοιαύτῃ
1086 3221 1157 3294 μονῇ
1181 3211 1320 3284 οίκοῖιντας
1343 3213 1480 3291 μον-αχώς
1500 3213 1539 3272 κιὶ

250 3333 280 3392 το
304 3335 375 3392 ἅπαν
398 3330 445 3392 καὶ
467 3335 593 3392 παντοῖον
617 3334 700 3412 μέρος
722 3338 771 3408 τῆς
793 3334 918 3407 τοιοώπής
942 3340 1037 3414 μονῆς,
1061 3335 1153 3404 καθώς
1177 3335 1376 3411 δηλωθήσεται.
1402 3335 1437 3394 δι’
1461 3329 1490 3394 οὗ
1511 3335 1539 3407 δὴ

252 3453 388 3532 ἐγγράφου
410 3456 489 3528 ήμῶν
513 3453 674 3534 δωροάμεθα
699 3451 746 3512 καί
769 3456 990 3534 παραπέμπομεν
1012 3457 1080 3534 προς
1102 3455 1172 3531 ὑμᾶς
1194 3454 1241 3516 καὶ
1263 3457 1330 3536 προς
1351 3457 1399 3531 τήν
1424 3457 1539 3536 ῥηθεῖσαν

252 3572 332 3652 ἀγίαν
356 3575 441 3648 μονὴν
470 3575 641 3650 μνημοοθνου
663 3577 743 3650 ήμῶν
770 3579 851 3656 χάριν
879 3577 931 3636 ἀπο
954 3583 1008 3636 τών
1031 3578 1060 3636 ἐν
1086 3585 1119 3659 τῇ
1147 3581 1221 3658 νήσῳ
1248 3581 1345 3660 Κρήτῃ
1373 3580 1539 3659 θπαρχάντων

251 3697 316 3769 ἡμῖν
333 3695 505 3769 ἀμπελώνων
524 3695 558 3754 τὰ
580 3697 721 3773 γονικέθεν
744 3697 925 3776 περιελθόντα
946 3699 1011 3772 ἡμῖν
1034 3698 1159 3773 ἀμπέλια
1181 3700 1214 3758 τά
1236 3698 1282 3760 καί
1305 3700 1376 3760 κατὰ
1397 3701 1428 3759 τ“ο
1450 3697 1540 3779 χωρίον

252 3815 411 3894 Βαρβάρους
439 3815 608 3898 διακείμενα,
637 3811 681 3876 οἷα
708 3816 754 3877 καὶ
782 3819 845 3890 ὅσαΙ
861 3815 934 3898 εἰσίν,
965 3819 1026 3878 ἀνευ
1054 3821 1147 3894 μέντοι
1173 3825 1219 3882 τοῦ
1246 3820 1383 3897 ἀμπελίου
1409 3828 1459 3897 τῆς
1486 3827 1540 3897 μιᾶς

252 3938 371 4012 θλοκοτή
390 3984 396 3996 .
416 3957 475 4016 .ας,
504 3943 549 3998 τοῦ
577 3939 653 4010 θντος
679 3940 751 3999 κατὰ
778 3941 826 4014 τὴν
854 3941 927 3999 θέσιν
954 3945 1000 4000 τοῦ
1024 3943 1146 4022 Λάκκου,
1174 3943 1212 4012 ώς
1236 3941 1360 4014 δοθέντος
1384 3944 1464 4003 αὺτοῦ
1485 3939 1539 4018 παρ’

250 4060 329 4132 ήμών
361 4055 401 4129 είς
427 4058 476 4132 τὴν
504 4060 589 4134 μονὴν
617 4061 665 4135 τὴν
690 4060 718 4119 ἐν
741 4063 838 4142 Κρήτῃ
861 4059 941 4121 οὖσαν
966 4061 995 4121 ἐν
1017 4060 1055 4141 τῷ
1083 4063 1140 4142 θρει
1162 4063 1200 4142 τῷ
1225 4063 1415 4143 ἐπιλεγομένῳ
1439 4063 1539 4123 Κίκουτι

250 4176 297 4238 καί
325 4178 388 4238 αθτθ
414 4181 495 4260 χοίριν
519 4184 629 4258 μνήμης
651 4183 740 4257 ήμῶν.
764 4183 848 4254 οθτως
872 4182 917 4242 οὖν
941 4183 1066 4262 θρείλετε
1088 4185 1216 4262 κατέχειν
1238 4185 1273 4244 τὰ
1295 4185 1403 4246 τοιαθτα
1426 4185 1539 4261 ἀμπέλια

251 4299 348 4380 δικαίῳ
371 4307 420 4377 τῆς
444 4303 530 4376 μονῆς
553 4301 596 4362 ἐπὶ
619 4297 784 4382 ουμρωνίαις
811 4302 857 4363 καὶ
882 4301 1076 4386 διαστέρξεοιν,
1101 4305 1130 4364 έν
1154 4297 1196 4376 αἶς
1222 4305 1269 4366 καὶ
1292 4307 1307 4364 θ
1330 4307 1453 4382 μοναχθς
1476 4309 1540 4383 κΰρις

250 4423 380 4496 Λεόντιος
407 4425 422 4481 ὁ
450 4423 583 4504 Ὀρέσπςς
613 4427 800 4502 συνερώνησεν
829 4422 872 4484 ἐπὶ
899 4429 956 4498 τοῖς
983 4427 1047 4507 παρ’
1072 4428 1150 4486 σώτοῦ
1178 4425 1294 4487 δοθεῖσιν
1322 4427 1349 4487 έν
1376 4433 1410 4509 τῇ
1440 4427 1539 4505 τοιοιίτγΙ

251 4549 321 4626 μονῇ
350 4543 501 4620 ἀμπελίοις.
534 4543 581 4602 καὶ
609 4549 801 4623 συμφωνοῦμεν
828 4544 875 4606 καὶ
902 4549 1113 4626 κατατιθέμεθα,
1141 4549 1210 4606 ώοτε
1233 4549 1361 4625 κατέχειν
1384 4547 1539 4608 τὰτοιαῦτα

252 4667 374 4742 ἀμπέλια
397 4668 414 4740 ή
439 4665 595 4741 θηλωθεῖοα
626 4668 695 4741 μονὴ
729 4667 782 4726 ἀπέ
812 4689 846 4746 γε
878 4673 924 4728 τοῦ
954 4675 998 4728 νῦν
1028 4671 1075 4730 καί
1105 4668 1144 4742 είς
1175 4671 1205 4729 τθ
1236 4667 1302 4746 ἑξῆς
1331 4668 1378 4728 καί
1414 4669 1539 4747 διηνεκές.
