3228 5294
349 552 390 623 ιζ’.
421 553 477 632 Πρό
505 573 539 630 γε
567 554 659 626 μέντοι
686 541 786 622 παντὸς
824 551 885 631 περὶ
913 556 959 611 τοῦ
986 553 1093 630 πρώτου
1120 549 1167 610 καί
1194 549 1315 626 ἀληθοῦς
1342 547 1423 624 ἡμῶν
1452 549 1552 628 ἔργου,

243 675 322 752 λέγω
345 673 376 732 δὲ
398 678 448 748 τῆς
474 673 543 752 πρδς
570 673 637 756 θέον
660 669 834 750 δοξολογίας,
859 671 996 752 ἁρμοδίως
1026 668 1183 750 εἰρήσεται·
1216 669 1262 730 διὰ
1290 669 1344 749 γὰρ
1372 669 1436 728 αῦτδ
1467 670 1552 728 τοῦτο

243 791 290 853 καί
318 794 351 852 ἐκ
383 798 429 853 τοῦ
460 795 498 869 μὴ
527 793 613 873 ὄντος,
642 795 680 864 ὡς
708 793 824 867 ἐμαυτδν
846 791 942 872 πείθω,
971 791 1011 864 εἰς
1033 793 1062 851 τδ
1091 787 1158 850 είναι
1185 791 1368 870 παρήχθημεν
1395 787 1443 848 καὶ
1466 790 1552 866 λόγῳ

243 909 483 996 καθωραίσθημεν,
510 913 554 973 ἵνα
580 915 626 974 τδν
654 913 817 994 δημιουργόν
848 914 986 993 ἀσιγητοις
1016 913 1194 992 ύμνολογίαις
1222 909 1406 993 γεραίρωμεν.
1436 913 1552 980 πάντως

245 1037 276 1096 δὲ
302 1035 350 1095 καὶ
375 1037 406 1096 τό
433 1036 577 1096 καλεῖσθαι
605 1034 757 1113 ἀγγελικδκ
784 1040 834 1111 τῆς
861 1039 1017 1112 μοναχικῆς
1042 1033 1184 1105 πολιτείας
1211 1035 1241 1092 τδ
1265 1038 1361 1110 σχῆμα
1382 1031 1430 1092 καί
1455 1033 1552 1107 ἐπιτή-

245 1157 333 1233 δευμα
359 1155 398 1228 εἰς
420 1160 497 1217 τοῦτο
525 1157 609 1236 φέρει·
640 1156 761 1216 ἐντεῦθεν
784 1155 838 1235 γάρ
865 1153 1014 1236 ράγγέλων
1038 1153 1215 1234 ἀντίφωνον»,
1238 1154 1309 1214 κατά
1332 1155 1380 1228 τὴν
1410 1153 1553 1232 θεηγόρσν

244 1279 373 1357 γλῶσσαν
401 1275 497 1354 εἰπεῖν,
523 1277 554 1336 τδ
581 1280 627 1336 τοῦ
654 1277 717 1336 θεοῦ
743 1275 858 1350 πλάσμα
882 1276 896 1335 ό
919 1277 1061 1356 ἅνθρωπος
1089 1275 1287 1356 ἀναδείκνυται,
1315 1277 1353 1345 ῶς
1379 1276 1410 1334 τ“ο
1434 1274 1553 1334 ἐκείνων

245 1399 325 1480 ἔργον
353 1397 424 1458 κατά
449 1399 480 1458 τδ
507 1397 613 1476 ἐφικτόν
639 1403 672 1478 τῇ
700 1395 788 1480 οἰκείᾳ
815 1399 888 1476 φύσει
917 1397 1148 1473 ἀπομιμούμενος.
1177 1395 1220 1471 εἴη
1250 1395 1309 1454 δ’ἀν
1334 1396 1440 1468 ἐκεῖνος
1463 1395 1553 1470 ύμνος

245 1518 374 1595 διηνεκὴς
400 1516 447 1578 καί
474 1518 633 1598 ἀπέραντος.
663 1519 725 1578 όθεν
753 1519 777 1579 οί
801 1521 929 1598 μακάριοι
951 1517 998 1578 καὶ
1020 1519 1143 1598 θεοφόροι
1165 1519 1282 1598 πατέρες
1303 1519 1394 1596 ἡμῶν,
1417 1517 1554 1588 παντοίας

245 1641 368 1719 σχέσεως
396 1639 565 1720 ἀνθρωπίνης
590 1637 638 1699 καί
668 1639 765 1718 γηίνης
792 1638 930 1720 φροντίδος
966 1639 1155 1720 ἀπερρωγότες
1184 1636 1231 1698 καί
1257 1637 1296 1717 τῷ
1324 1638 1469 1720 ἀκροτάτῳ
1496 1643 1552 1696 τῶν

246 1763 347 1840 ἐφετῶν
378 1761 417 1834 ῶς
447 1752 503 1820 οῖόν
533 1781 563 1820 τε
592 1765 695 1840 νοερῶς
725 1761 911 1840 συναφθέντος,
935 1759 1001 1820 όλον
1023 1761 1069 1820 τδν
1094 1765 1162 1836 «της
1183 1759 1328 1840 παροικίας
1360 1761 1481 1839 χρόνον»
1524 1758 1553 1818 ἐν

244 1885 410 1964 προσευχαῖς
431 1903 461 1942 τε
484 1880 531 1942 καί
557 1883 651 1958 ύμνοις
672 1885 864 1957 πνευματικοῖς
888 1882 1036 1961 διηνύκασι,
1064 1881 1136 1941 κατὰ
1158 1883 1187 1940 τ“ο
1210 1881 1338 1962 κυριακδν
1363 1882 1393 1941 ἐν
1424 1882 1553 1960 εἰσαγγε-

244 2004 316 2076 λίοις
345 2003 458 2082 λόγιον·
494 2004 566 2079 «τήν
597 2003 672 2074 ἐντὀς
703 2005 789 2062 αὐτῶν
820 2001 899 2062 ούσαν
929 2009 983 2062 τῶν
1013 2005 1132 2082 οἰιρανῶν
1167 2001 1333 2078 βασιλείαν»
1369 2001 1553 2082 ἀνολιγῶρως

245 2123 291 2184 καί
319 2131 459 2205 καρτερῶς
487 2125 694 2202 ἐκζητήσαντες,
723 2122 770 2182 καί
793 2122 837 2182 διά
864 2130 912 2198 της
942 2125 1069 2200 ἐπιμόνου
1094 2131 1250 2204 προσευχῆς
1273 2123 1319 2183 καὶ
1347 2120 1553 2202 μονολογίστου

246 2247 358 2320 ἐλπίδος
382 2247 464 2322 αθτὴν
487 2246 639 2326 εὑράμενοι,
663 2245 804 2324 ἐμφρόνως
826 2266 856 2304 τε
878 2243 925 2305 καί
949 2245 1026 2319 μάλα
1049 2247 1237 2325 συμφερόντως
1259 2247 1553 2324 πραγματευσάμενοι,

245 2363 292 2426 καί
314 2365 386 2426 κατὰ
407 2367 452 2426 τὀν
481 2366 698 2445 μακαριζόμενον
723 2366 840 2446 ἔμπορον
866 2371 938 2426 «τῶν
961 2366 1107 2444 δρωμένων
1130 2367 1236 2424 πάντων
1259 2366 1304 2424 τὀν
1327 2366 1415 2442 τίμιον
1434 2363 1554 2434 εἰκότως

246 2486 416 2567 μαργαρίτην
450 2487 705 2560 ἀντωνησάμενοιτ·
742 2491 878 2563 νουνεχῶς
911 2485 964 2565 γάρ
1002 2486 1167 2560 ἠκηκόεισαν
1205 2490 1251 2546 τοῦ
1290 2487 1341 2561 μὲν
1381 2485 1555 2565 ἱεροψάλτου

246 2605 333 2682 Δαβὶδ
363 2607 500 2682 βοῶντος·
530 2606 723 2684 «πληρωθήτω
745 2607 776 2664 τ“ο
800 2606 887 2680 στόμα
910 2626 961 2682 μου
984 2603 1137 2686 αἰνέσεως,
1154 2609 1227 2677 όπως
1255 2607 1365 2682 ὑμνήσω
1392 2607 1442 2682 ’τήν
1467 2605 1555 2680 δόξαν

246 2749 302 2808 σου,
334 2728 403 2804 όλην
434 2733 482 2802 τὴν
512 2729 617 2807 ἡμέραν
648 2727 696 2801 τἠν
727 2727 969 2808 μεγαλοπρέπειάν
1001 2743 1082 2786 σουι·
1110 2726 1157 2788 καὶ
1187 2721 1276 2800 αὖθις·
1307 2727 1479 2808 «εθλογησω
1509 2730 1556 2788 τόν

246 2850 338 2930 κύριον
367 2849 395 2907 ἐν
423 2846 502 2908 παντί
529 2847 631 2927 καιρῷ,
660 2847 705 2906 διά
733 2849 875 2924 παντδςὴ
903 2847 1004 2918 αίνεσις
1027 2849 1107 2908 αύτοῦ
1131 2847 1220 2926 ἐντῷ
1244 2849 1358 2924 στόματί
1384 2869 1483 2923 μουν·
1511 2854 1556 2909 τοῦ

249 2969 281 3030 δὲ
304 2969 458 3030 ἀποστόλου
481 2972 573 3047 σαφῶς
595 2972 803 3048 παραινοῦντος·
833 2966 1042 3040 «ἀδιαλείπτως
1056 2969 1280 3050 προσεύχεσθε»,
1300 2969 1378 3030 ἀλλά
1400 2969 1449 3030 καὶ
1473 2974 1556 3032 αὺτοῦ

246 3095 293 3152 τοῦ
315 3089 405 3170 κυρίου
427 3088 475 3150 καὶ
498 3095 618 3168 σωτῆρος
644 3091 724 3165 ἡμῶν
751 3089 797 3148 ότέ
828 3088 879 3162 μέν
905 3089 1068 3169 παραβολὴν
1095 3091 1181 3169 ιπρές
1208 3091 1237 3150 τδ
1265 3090 1322 3150 δεῖν
1350 3093 1556 3171 προσεύχεσθαι

248 3209 297 3272 καὶ
321 3211 360 3286 μὴ
390 3210 557 3285 ἐκκακεῖν»,
590 3208 787 3290 ἐφυφαίνοντος,
810 3209 856 3270 ότέ
880 3209 926 3269 δέ·
953 3213 1137 3291 «γρηγορεῖτε
1158 3209 1205 3270 καί
1226 3213 1422 3292 προσεύχεσθε,
1445 3213 1493 3273 ἵνα
1519 3216 1556 3292 μὴ

249 3331 393 3408 εἰσέλθητε
422 3331 460 3404 εἰς
483 3333 656 3412 πειρασμόν»
690 3337 893 3412 προστακτικῶς
921 3331 1136 3410 ἀποφαινομένου
1158 3330 1204 3392 καί
1227 3335 1388 3412 φοίσκοντος,
1410 3333 1459 3394 καί
1483 3357 1556 3418 προ-

249 3455 341 3529 θύμως
369 3454 603 3533 πεπειθαρχήκασι
630 3451 677 3513 καί
705 3453 827 3533 ἀκριβῶς
853 3455 1041 3532 τετηρήκασιν.
1071 3453 1137 3512 ἀλλ’
1162 3453 1260 3514 ἐκεῖνοι
1288 3457 1349 3535 μέν,
1373 3458 1412 3528 ὡς
1437 3456 1556 3537 εἴρηται,

249 3576 319 3650 ὅλην
348 3575 435 3634 αύτῶν
462 3573 510 3649 τὴν
539 3575 610 3649 ζωὴν
637 3573 675 3653 τῷ
702 3573 834 3648 πνεύματι
864 3575 1043 3652 καθιέρωσαν,
1074 3575 1155 3650 ἡμεῖς
1186 3575 1228 3653 δέ,
1261 3574 1336 3655 εἴπερ
1365 3583 1417 3654 τῆς
1449 3577 1557 3649 οἰκείας

249 3699 301 3756 κάν
325 3695 466 3766 ἀσθενείας
489 3695 675 3772 ἐπιγνώμονες
697 3695 925 3776 χρηματίσαντες,
960 3701 1008 3770 τῆς
1032 3695 1220 3773 αύτομεμψίας
1247 3697 1285 3772 μὴ
1313 3695 1486 3777 ἀφεξοίμεθα
1511 3699 1558 3762 καί

251 3818 324 3894 μηδὲ
347 3822 397 3892 τῆς
423 3817 495 3876 κατά
523 3817 635 3893 δύναμιν
662 3822 716 3877 τῶν
745 3819 833 3894 εὐχῶν
860 3817 990 3896 ἐργασίας
1018 3817 1273 3894 καταμελήσαιμεν.
1304 3821 1467 3896 πιστεύομεν
1500 3827 1557 3894 τοῖς

250 3939 400 4020 οίκτιρμοῖς
428 3943 474 3998 τοῦ
506 3938 694 4020 φιλανθρώπου
725 3939 788 3998 θεοῦ
818 3936 865 3999 καὶ
896 3945 1018 4017 σωτῆρος
1048 3939 1126 4014 ἡμῶν
1159 3941 1248 4014 Ἰησοῦ
1271 3941 1399 4024 Χριστοῦ,
1429 3949 1478 4004 τοῦ
1512 3943 1556 4005 καὶ

252 4059 357 4140 δωρεὰν
382 4060 519 4138 ὡσπεροῦν
541 4059 588 4120 καί
611 4061 679 4120 οῦτω
709 4058 815 4140 δωρεάν
842 4061 976 4130 σώζοντος
1002 4059 1063 4130 τούς
1091 4061 1133 4121 ἐπ’
1162 4061 1241 4121 αὐτόν
1267 4062 1433 4143 ήλπικότας,
1462 4069 1505 4138 ὡς
1529 4069 1557 4127 οῦ

251 4185 419 4242 παντάπασιν
448 4181 711 4261 ἀποβληθησόμεθα,
739 4181 804 4241 ούδέ
831 4186 881 4256 τῆς
908 4181 1015 4258 ἀγαθῆς
1039 4181 1151 4253 ἐλπίδος
1173 4185 1266 4264 πόρρω
1288 4187 1458 4263 πεσούμεθα,
1483 4211 1556 4267 γνη-

252 4303 325 4377 σίους
346 4304 457 4382 ἔχοντες
480 4304 591 4378 μεσίτας
617 4301 665 4364 καί
686 4301 853 4384 πρεσβευτὰς
875 4303 924 4376 τὴν
946 4303 1083 4382 ύπερφυῶς
1107 4303 1185 4364 αύτῖν
1209 4303 1289 4385 σαρκί
1312 4312 1445 4368 τεκοῦσαν
1469 4310 1557 4390 ὺπέρ-

253 4445 336 4505 αγνον
362 4425 495 4506 παρθένον
517 4423 564 4484 καὶ
591 4426 760 4501 θεομήτορα·
788 4420 834 4482 καὶ
861 4422 907 4481 τδν
928 4423 1108 4501 ἠγαπημένον
1133 4426 1232 4502 μύστην
1257 4427 1337 4488 αὺτοῦ
1360 4430 1407 4489 τδν
1432 4431 1555 4512 εῖιαγγε-

252 4547 348 4622 λιστὴν
378 4545 425 4606 καί
452 4546 597 4624 θεολόγον,
625 4545 754 4620 Ἰωοίννην
785 4543 864 4622 λέγω
892 4545 938 4602 τόν
967 4545 1046 4623 πάνυ,
1074 4543 1119 4603 τόν
1149 4566 1203 4626 παρ
1224 4549 1283 4608 ένον
1313 4548 1361 4609 καί
1390 4550 1556 4628 ἐπιστήθιον.

253 4665 312 4729 οίδε
326 4667 381 4748 γάρ
404 4668 421 4740 ἡ
445 4673 493 4740 τῆς
522 4666 617 4746 σοφίας
639 4665 715 4742 πηγὴ
740 4663 857 4739 καὶτῆς
880 4663 1061 4742 ἀγαθότητσς,
1088 4664 1152 4726 «καὶ
1176 4667 1287 4728 Παύλου
1310 4671 1359 4744 τὴν
1382 4672 1496 4750 φυτείαν
1521 4679 1558 4747 ῶς
