3160 5292
220 561 443 628 LXXXVIII.
468 558 705 650 [6771-1263]
728 582 838 624 mense
860 560 945 642 iulio,
968 558 1033 623 ind.
1050 558 1108 623 VI.

27 716 92 766 Leon
109 713 396 779 Εσεααιιιιαίίσιιιειιιισ,
413 729 505 766 σειιιιον
514 711 605 764 Rhodi
618 717 643 764 εί
658 710 810 763 insularum
826 709 981 782 Cycladum,
997 715 1113 763 recenset
1124 709 1314 779 possessiones,

361 833 429 887 μασι
451 822 519 870 tenet
541 815 732 870 monasterium
754 815 783 868 ιἰι
805 813 896 868 ιἰιυιιία
921 815 980 868 Coo.

123 1019 225 1098 ήΤὴν
249 1020 407 1098 ἀπογραφήν
434 1017 481 1076 καί
505 1018 721 1078 ἀποκατάστασιν
747 1017 913 1092 ποιουμένων
936 1017 1015 1091 ήμῶν
1042 1022 1091 1092 τῆς
1113 1017 1194 1090 νήσου
1218 1015 1314 1076 Ῥόδου

23 1143 63 1200 καὶ
91 1148 150 1200 τῶν
179 1139 241 1222 περὶ
271 1143 363 1222 αύτήν,
394 1139 471 1200 ἁλλόι
498 1139 532 1214 δὴ
562 1137 609 1198 καί
635 1145 689 1198 τῶν
713 1137 870 1199 Κυκλάδων
899 1141 989 1212 νήσων
1017 1137 1141 1216 ἐγεγόνει
1172 1137 1222 1212 μὲν
1249 1136 1314 1219 παρ’

23 1267 94 1338 ήμῶν
120 1262 169 1323 καὶ
192 1262 231 1342 τῷ
254 1265 332 1342 μέρει
353 1268 404 1338 τής
426 1262 576 1337 σεβασμίοις
600 1268 685 1337 μονῆς
707 1266 754 1322 τοῦ
777 1261 853 1342 ἁγίου
877 1257 1028 1321 ἀποστόλου
1051 1261 1097 1322 καὶ
1121 1261 1316 1340 εὐαγγελιστοῦ

22 1387 199 1464 ήγαπημένσυ
226 1391 273 1446 τοῦ
295 1385 439 1463 Θεολόγου
465 1391 515 1460 τῆς
544 1383 572 1444 έν
594 1391 627 1467 τῇ
652 1385 756 1464 Πάτμῳ
784 1385 1032 1444 άποκαταοτατικόν
1058 1385 1176 1464 γράμμα
1207 1383 1247 1462 ἐφ’
1276 1375 1316 1454 οἷς

23 1509 112 1588 εὑρέθη
142 1509 160 1583 ή
191 1509 300 1582 τοιαύτη
331 1507 397 1586 ἁγία
427 1507 497 1583 μονὴ
528 1509 735 1587 προκατέχσυοά
761 1527 791 1565 τε
821 1505 867 1566 καί
894 1507 1033 1581 νεμομένη
1063 1505 1183 1582 κτήμαοί
1209 1526 1238 1566 τε
1268 1504 1315 1564 καί

22 1631 158 1709 μετοχίσις
186 1631 215 1690 έν
237 1650 268 1690 τε
297 1635 330 1712 τῇ
354 1629 571 1710 Λεροκαλύμνῳ,
598 1635 631 1712 τῇ
655 1629 814 1710 Φαρμάκῳ,
840 1634 873 1710 ιή
896 1628 1018 1706 Λειψῶν,
1049 1625 1156 1711 'W‘
1185 1625 1232 1687 καί
1263 1625 1315 1686 τῶν

23 1755 47 1812 έν
68 1756 128 1824 ταῖς
148 1755 261 1824 λοιπαῖς
276 1753 403 1812 Κυκλάσι
425 1759 479 1812 τῶν
501 1755 600 1827 νήσων.
625 1744 685 1812 ἐπεί
708 1749 739 1810 δὲ
763 1750 852 1830 ἐντῷ
874 1751 1007 1810 ποιεῖσθαι
1029 1747 1173 1825 ἡμᾶςκαὶ
1195 1750 1244 1824 τὴν
1266 1753 1315 1824 τῆς

22 1877 66 1934 Κῶ
92 1874 205 1936 τελείαν
229 1870 445 1934 ἀποκατάστασιν
468 1873 530 1934 δέον
555 1871 634 1946 ἔδοξε
661 1871 707 1933 καὶ
730 1871 798 1933 ίδιον
821 1873 1070 1932 ἁποκαταστατικδν
1093 1867 1210 1950 γράμμα
1231 1872 1315 1950 γενέ-

22 1999 76 2058 τύαι
98 1997 138 2076 τῷ
168 1997 246 2076 μέρει
266 2002 316 2072 τῆς
337 1997 461 2072 τοιαύτης
485 2003 572 2071 μονῆς
595 1995 638 2056 ἐπὶ
659 1999 717 2068 τοῖς
739 1990 780 2068 οἷς
802 1995 898 2075 εῦρέὰη
921 1996 1076 2072 κατέχουσα
1105 1991 1152 2054 καί
1175 1995 1314 2070 νεμομένη

23 2119 92 2191 ἐντος
117 2124 172 2194 τῆς
197 2119 323 2196 τοιαύτης
349 2121 430 2193 νήσου
456 2116 504 2178 Κῶ
527 2119 666 2195 μετσχίοις
692 2115 739 2178 καὶ
761 2119 880 2192 κτήματι
903 2117 948 2178 διά
969 2123 1023 2176 τῶν
1045 2115 1222 2195 παλαιγενῶν
1244 2136 1314 2196 γρυ-

20 2241 179 2316 τοβσῦλλων
201 2239 247 2300 καὶ
270 2241 388 2320 όρισμῶν
411 2241 464 2300 τῶν
488 2240 619 2315 ἀοιδίμων
643 2241 791 2319 βασιλέων,
815 2240 892 2300 άλλόι
913 2239 947 2315 δὴ
970 2238 1017 2299 καὶ
1039 2242 1223 2320 προσκυνητοῦ
1244 2259 1315 2318 χρυ-

22 2364 171 2438 σεβούλλου
201 2361 248 2422 καὶ
277 2369 383 2422 πεττῶν
412 2365 628 2442 προσταγμάτων
659 2367 705 2423 τοῦ
736 2367 864 2442 κραταιοῦ
895 2361 942 2422 καί
974 2363 1051 2440 ἁγίου
1079 2363 1157 2435 ήμῶν
1189 2363 1314 2422 αῦόέντου

21 2485 62 2544 καί
82 2486 233 2563 βασιλέως,
260 2485 344 2544 ἕνεκα
364 2487 412 2544 τοῦ
435 2485 474 2561 μή
497 2485 549 2544 άπό
572 2489 625 2544 τῶν
648 2485 838 2562 γειτονσύντων
861 2485 917 2556 τοῖς
938 2484 1067 2555 τοιούτοις
1094 2486 1228 2558 κτήμασιν
1251 2483 1314 2544 ἐνο-

21 2607 143 2684 χλεῑούαι
170 2611 201 2668 τό
227 2613 277 2683 τῆς
304 2613 391 2683 μονῆς
418 2609 514 2686 μέρος,
538 2608 568 2666 τό
590 2607 676 2686 παρόν
699 2605 746 2666 καί
769 2605 843 2678 αὖθις
867 2606 1116 2667 ἁποκαταοτατικδν
1138 2608 1254 2684 γράμμα
1275 2603 1315 2682 τῷ

22 2731 92 2808 μέρει
119 2735 171 2806 τῆς
198 2731 322 2804 τοιαύτης
349 2729 502 2804 σεβασμίας
530 2735 617 2805 μονῆς
643 2734 694 2805 τής
716 2729 827 2804 Πάτμσυ
849 2731 1049 2804 πεποιήκαμεν,
1075 2727 1182 2802 ἔκδηλα
1204 2729 1314 2803 θέμενοι

22 2853 86 2911 κατὰ
110 2855 196 2932 μέρος
219 2851 248 2910 έν
271 2851 343 2930 αύτῷ
365 2851 399 2911 τά
421 2851 496 2930 παρὰ
521 2853 620 2926 ταύτης
646 2853 824 2930 κατεχόμενα
855 2852 931 2923 ἐντός
958 2857 1007 2927 τής
1035 2849 1207 2927 δηλωθείσης
1233 2853 1314 2925 νήσου

22 2975 66 3032 ίίῶ
88 2976 226 3052 κτήματα,
249 2975 283 3032 τά
302 2993 333 3032 τε
356 2973 400 3032 διὰ
426 2973 603 3050 παλαιγενῶν
634 2969 808 3053 προστάξεων
838 2976 1064 3053 προσαρμόσαντα
1090 2973 1173 3053 ταύτῃ
1204 2971 1251 3032 καὶ
1280 2973 1315 3032 τά

23 3095 62 3152 διὰ
93 3102 285 3175 προοκυνητῶν
318 3095 533 3174 χρυσοβοῦλλων
566 3100 613 3156 τοῦ
646 3099 775 3175 κραταιοῦ
807 3095 854 3155 καὶ
888 3095 965 3174 ἁγίου
994 3097 1073 3169 ήμῶν
1107 3097 1233 3155 αὐθέντσυ
1267 3093 1314 3154 καί

23 3217 154 3290 βασιλέως
184 3215 231 3276 καί
260 3225 366 3277 σεπτῶν
392 3215 609 3298 προσταγμάτων
636 3225 686 3294 τῆς
712 3224 845 3298 κραταιᾶς
875 3217 922 3277 καί
949 3216 1031 3295 ἁγίας
1059 3217 1137 3277 αυτοῦ
1166 3216 1313 3292 βασιλείας

22 3338 62 3396 καί
90 3341 172 3414 αὐτῆς
218 3340 225 3360 “
256 3346 307 3416 τῆς
332 3345 462 3419 κραταιᾶς
489 3339 536 3398 καὶ
564 3339 645 3418 ἁγίας
671 3341 750 3415 ήμῶν
777 3345 861 3420 κυρὰς
896 3339 943 3400 καὶ
971 3339 1115 3414 δεσποίνης
1146 3339 1312 3418 ἐπιβραβευ-

22 3461 96 3519 ίιέντα
122 3459 168 3520 καὶ
195 3461 419 3540 προοκυρωθέντα
448 3459 486 3538 τῷ
510 3463 588 3540 μέρει
609 3462 722 3542 ταύτης,
746 3464 764 3521 ἁ
787 3460 821 3537 δὴ
848 3461 895 3522 καὶ
924 3463 1031 3540 ἔχουσιν
1054 3463 1155 3534 ούτως·
1185 3463 1312 3540 μετόχισν

23 3582 190 3662 ήόττεραγία
213 3581 352 3655 Θεοτόκος
374 3585 392 3658 ή
417 3583 642 3660 ἐπονομαζομένη
666 3590 719 3643 τῶν
742 3583 871 3644 Σπονδῶν
903 3583 973 3659 μετὰ
992 3587 1100 3644 πάντων
1123 3589 1176 3644 τῶν
1200 3584 1312 3644 δικαίων

23 3701 63 3760 καὶ
85 3705 237 3783 προνομίων
261 3708 350 3786 αὐτοῦ,
373 3706 458 3784 ήγουν
479 3712 533 3784 γῆς
557 3707 609 3766 άπδ
632 3713 685 3766 τῶν
709 3707 851 3786 έγχωρίως
871 3708 1033 3785 λεγομένων
1054 3713 1184 3788 στρατιῶν
1204 3709 1312 3786 στράται

25 3825 64 3884 δύο
86 3829 177 3908 ἥμισυ,
204 3826 265 3902 ήτοι
291 3833 328 3907 γῆ
356 3826 457 3901 μοδίων
485 3828 584 3905 χιλίων
612 3827 771 3908 διακοσίων,
799 3824 832 3905 ής
858 3829 905 3889 καί
934 3831 964 3889 τό
992 3829 1074 3901 τέλος
1099 3831 1312 3910 προαπεοπάσύη

25 3947 68 4018 μέν
98 3949 142 4008 καὶ
173 3949 345 4028 ἁτεχαρίσύη
376 3948 415 4028 τῷ
447 3952 524 4031 μέρει
553 3955 602 4026 τῆς
635 3957 721 4026 μονῆς
750 3953 825 4030 παρὰ
856 3957 901 4012 τοῦ
929 3953 1078 4033 μακαρίτου
1109 3950 1156 4011 καὶ
1188 3951 1312 4026 ἀοιδίμου

25 4067 118 4127 ἐκείνου
141 4069 218 4150 άγίου
240 4072 320 4144 ήμῶν
344 4073 471 4131 αύθέντου
494 4071 540 4131 καὶ
564 4072 711 4150 βασιλέως,
736 4079 817 4152 κυροῦ
833 4075 960 4134 Ἰωάννου
983 4079 1028 4134 τσῦ
1051 4075 1151 4153 Δούκα,
1175 4072 1253 4132 ἀλλὰ
1277 4073 1311 4147 δὴ

24 4189 65 4246 καὶ
92 4191 133 4250 διὰ
161 4197 346 4272 προοκυνητοῦ
373 4194 579 4271 χρυσοβούλλου
606 4198 652 4254 τοῦ
679 4199 808 4274 κραταιοῦ
836 4189 882 4254 καὶ
909 4197 987 4274 ἁγίου
1010 4198 1088 4270 ήμῶν
1116 4196 1242 4254 αῦθέντου
1265 4197 1312 4254 καί

25 4309 155 4385 βασιλέως
176 4313 223 4374 καί
246 4319 352 4374 σεπτῶν
375 4323 565 4396 προσκυνητῶν
588 4318 705 4398 όριομῶν
728 4323 776 4391 τής
799 4321 930 4396 κραταιᾶς
952 4315 999 4375 καί
1023 4317 1103 4393 ἁγίας
1127 4319 1206 4376 αὺτοῦ
1229 4317 1311 4392 βασι-

25 4431 98 4504 λείας
117 4433 161 4494 καί
182 4443 232 4512 τής
254 4442 387 4518 κραταιᾶς
409 4437 455 4498 καί
480 4438 560 4518 ἁγίας
582 4440 661 4513 ήμῶν
683 4444 767 4518 κυράς
789 4437 835 4498 καί
859 4437 1010 4511 δεσποίνης.
1034 4440 1171 4518 χωράρισν
1195 4441 1225 4498 τό
1244 4459 1311 4499 ποτε

25 4553 247 4632 ἐπονομαζόμενον
269 4563 315 4618 τοῦ
333 4559 499 4640 Μανδρικοῦ,
528 4561 557 4620 έν
581 4555 603 4640 ᾧ
625 4559 671 4620 καὶ
696 4560 796 4642 δένδρα
818 4561 921 4642 σῦκινα,
945 4558 1009 4620 ὡσεὶ
1032 4560 1135 4635 μοδίων
1159 4559 1215 4639 δύο,
1243 4560 1311 4620 ἔνθα

25 4677 83 4734 ποτέ
111 4681 294 4758 προσεκάθητο
324 4681 363 4753 ῶς
393 4681 528 4756 ύποτελής
557 4681 692 4762 Γεῶργιος
722 4682 736 4740 ό
764 4681 920 4757 Βιλιλίδης.
950 4684 1088 4762 χωράριον
1118 4686 1165 4741 τσῦ
1190 4681 1309 4762 Πυργίου
