3160 5292
386 693 544 758 LXXIX.
569 693 644 760 Sine
667 715 751 758 anno
775 702 807 756 et
828 713 948 758 mense.

40 845 185 900 Ραίπιέιτεάα
209 851 298 899 tuetur
320 843 469 898 ίιύετίαίεπι
492 843 649 898 monasterii
673 847 698 896 εί
720 843 776 896 αὐτ
799 841 906 896 abbatis
928 847 1022 896 contra
1045 841 1181 912 ορέισαροι
1204 840 1312 893 Icariae

604 953 629 1002 et
650 947 724 1004 Len:

122 1173 143 1250 γι
167 1169 295 1250 Πρθσειοι
322 1169 373 1245 μὲν
403 1177 437 1252 τῇ
468 1169 540 1230 κατὰ
571 1171 620 1245 τὴν
649 1174 731 1246 νῆσον
766 1175 815 1246 τῆς
843 1169 955 1246 Πάτμου
989 1169 1149 1252 διακειμένη
1175 1167 1312 1252 σεβασμίρι

36 1299 203 1374 τατριαρχικῇ
226 1297 298 1373 μονῇ
320 1290 367 1352 καὶ
390 1292 432 1352 ἐπ’
451 1291 561 1367 ἐνὸματι
591 1295 637 1352 τοῦ
664 1292 844 1370 ἠγαπημένον
877 1292 998 1368 μαθητοῦ
1026 1290 1072 1352 καί
1102 1292 1237 1372 παρθένου
1266 1293 1313 1352 τοῦ

37 1413 164 1494 θεσλάγσυ
191 1413 239 1474 καί
266 1413 461 1494 εὐαγγελιστοῦ
485 1413 610 1474 Ἰωάννου
636 1413 683 1474 καί
705 1413 835 1497 ίάρυμίνῃ
862 1412 908 1474 καὶ
934 1416 1076 1496 τιμωμένῃ
1102 1413 1156 1473 τῶν
1183 1412 1313 1490 ἀοιδίμων

34 1542 194 1618 τστριαρχῶν
215 1536 372 1616 παλαιγενῆ
395 1535 529 1619 σιγίλλια,
551 1541 598 1597 τοῦ
618 1555 649 1596 τε
671 1537 752 1616 κυρσῦ
775 1537 914 1615 Ἰωάννου,
938 1531 1016 1598 ἀλλὰ
1038 1535 1072 1612 θὴ
1095 1534 1141 1596 καὶ
1164 1539 1211 1596 τοῦ
1231 1539 1313 1616 κυρσῦ

34 1659 121 1740 Ami,
149 1657 322 1739 ἀιοριζόμενα
347 1659 440 1739 κυρίαν
466 1654 536 1720 είναι
562 1659 670 1740 ταύτην,
698 1659 893 1721 αύτοάέσπστέν
914 1679 945 1720 τε
971 1657 1018 1720 καί
1045 1659 1108 1720 καθ’
1132 1659 1239 1734 έαυτύν,
1267 1660 1313 1720 τάν

35 1779 58 1838 ἀέ
79 1801 111 1858 γε
137 1787 330 1858 πνευματικῶς
357 1787 411 1842 τῶν
440 1783 469 1842 ίν
495 1784 563 1865 αῦτῇ
590 1784 796 1860 ἀνασκσυμένων
828 1787 957 1862 μσναχῶν
987 1783 1184 1863 προϊστάμενον
1214 1777 1313 1858 μηδενί

32 1905 153 1982 τρσσύπῳ
180 1903 305 1982 κοσμικῷ
326 1907 345 1978 ὴ
369 1903 586 1984 ἐκκλησιαστικῷ
612 1905 790 1982 ἀποκείμενον
818 1908 938 1985 πῶπστε,
968 1905 1018 1980 τὴν
1048 1903 1247 1985 πατριαρχικὴν
1281 1901 1313 1962 ἀὲ

34 2027 104 2101 μάνην
134 2026 342 2105 μεγαλειότητα
369 2027 494 2107 κεφαλὴν
525 2027 730 2106 ἐπιγιγνώσκειν
763 2029 946 2104 πνευματικὴν
975 2025 1022 2087 καὶ
1048 2027 1131 2108 ταύτῃ
1157 2025 1313 2085 ὑποκεῖσθαι

33 2144 69 2204 καί
85 2147 159 2229 παρὰ
180 2148 280 2224 ταύτης
302 2147 533 2227 ἐπιμνῶσκεσθαι,
555 2150 623 2230 πρὸς
646 2151 678 2211 ἀὲ
700 2157 732 2232 τῇ
755 2156 804 2226 τῆς
827 2155 914 2227 μονῆς
934 2149 1069 2230 κυριότητι
1091 2145 1214 2208 καὶτῶν
1238 2146 1313 2220 ἐντος

33 2275 72 2343 τῆς
94 2272 176 2346 νησου
198 2267 312 2347 Πάτμου
338 2271 389 2332 ύιτά
415 2273 463 2348 τὴν
491 2273 576 2347 μονὴν
602 2272 753 2333 τελούντων
781 2273 926 2353 μετοχίων,
953 2271 1089 2352 παροίκων
1111 2289 1142 2330 τε
1168 2267 1216 2330 καί
1242 2287 1313 2348 προ-

33 2391 142 2473 αστείων,
157 2400 348 2468 πνευματικῶς
367 2392 414 2454 καὶ
435 2395 535 2455 τούτων
553 2396 679 2474 ἡγεῖσθαι
699 2394 747 2455 καί
768 2395 830 2469 τοῦς
852 2397 881 2456 ἐν
904 2396 971 2478 αίκῄ
994 2393 1026 2456 ἀί
1048 2391 1153 2467 πάντας
1175 2391 1314 2466 οἰκοῦντας

32 2520 209 2588 πνευματικῶς
235 2511 373 2594 διεξάγειν
400 2517 446 2575 τ’σν
472 2521 522 2592 τῆς
549 2523 634 2592 μονῆς
660 2517 875 2598 καθηγούμενον,
903 2519 1036 2592 σέμνωμα
1066 2511 1143 2592 σίμαι
1169 2519 1246 2576 τοῦτο
1280 2519 1313 2596 τῇ

33 2641 91 2716 μονῇ
123 2637 316 2717 προσαρμόσαν
349 2637 483 2698 ἀνέκαθεν
520 2637 552 2700 ἐκ
581 2644 630 2715 τῆς
659 2644 856 2719 πατριαρχικῆς
886 2639 1104 2718 μεγαλειάτητσς
1134 2638 1179 2698 ἀιά
1207 2639 1239 2698 τά
1268 2637 1313 2696 τάν

34 2757 172 2833 ἐποτίθισν
202 2757 327 2834 μαθητὴν
356 2757 404 2820 καὶ
431 2759 583 2820 ἀπόστολον
611 2762 740 2836 Ἰωάννην
766 2763 812 2822 τον
840 2759 984 2840 θεύλσγον
1013 2761 1043 2820 έν
1069 2759 1151 2842 ταύτῃ
1178 2765 1211 2841 τῇ
1237 2761 1313 2838 νήσῳ

32 2881 55 2936 το
77 2881 148 2940 θεῖον
175 2881 380 2961 συγγράψααθαι
408 2883 586 2962 ιῦαγγέλισν·
616 2884 649 2944 δι’
673 2883 738 2944 αῦτά
759 2884 816 2964 γάρ
843 2881 889 2943 καί
911 2885 929 2958 η
952 2888 1034 2959 νῆσος
1056 2883 1214 2961 ἁπανταχοῦ
1235 2901 1313 2962 περι-

32 3000 174 3078 θρύλλητος
200 3000 247 3062 καί
273 3005 291 3078 ἡ
320 3005 390 3079 μονὴ
417 3005 592 3086 περιβόητος,
620 3011 672 3066 τῶν
700 3005 731 3066 δέ
757 3005 1021 3086 πλησισχωρούντων
1048 3004 1197 3085 ἀρχιερέων
1225 3001 1314 3077 οῦθείς

32 3123 54 3180 ἐν
73 3143 121 3183 τινι
143 3131 197 3184 τῶν
224 3126 274 3185 ῦπά
300 3127 349 3202 τὴν
377 3127 462 3202 μονὴν
488 3131 535 3188 τοῦ
557 3125 701 3206 Θεσλὸγου
727 3127 878 3188 τελούντων
908 3124 1055 3204 κτημάτων
1084 3125 1253 3206 παρείσδυσιν
1282 3127 1313 3186 πθ

31 3243 148 3324 παράπαν
169 3249 343 3326 κεκτήσεται,
367 3248 430 3310 σῦθέ
453 3269 478 3309 τι
500 3249 690 3330 άρχιερατικάν
715 3249 758 3309 ἐπ’
774 3250 864 3320 αῦτοῖς
887 3249 1029 3329 ἐνεργησει
1051 3247 1247 3328 λειτούργημα.
1279 3244 1313 3324 ἦν

32 3365 75 3437 μὲν
95 3363 140 3426 σῦν
161 3367 232 3428 σύτω
253 3369 271 3443 ἡ
295 3369 408 3449 ρηθεῑσα
436 3371 506 3445 μονὴ
533 3369 635 3430 καὶτὰ
658 3371 701 3431 ὑπ’
726 3370 808 3446 αῦτὴν
835 3371 991 3450 ῦπάρχοντα
1013 3371 1063 3430 ῦπά
1085 3370 1134 3446 τήν
1156 3373 1202 3430 τοῦ
1223 3370 1312 3446 καθη-

31 3491 153 3564 γουμένου
181 3489 320 3571 ἀνάκρισιν
346 3490 393 3550 καὶ
421 3487 562 3573 διοίκησιν,
590 3490 657 3552 ἀλλ’
681 3492 696 3552 ὁ
718 3494 769 3572 πρά
790 3495 897 3573 χρύνων
923 3491 1096 3573 χρηματίσας
1122 3497 1172 3570 τῆς
1195 3489 1327 3575 ἸκαρίαςΥ

33 3608 165 3684 ἐπίσκοπος
188 3611 392 3684 Κωνσταντῖνος
414 3609 479 3693 παρ’
502 3611 581 3673 οῦδὲν
603 3613 719 3690 θέμενος
740 3618 823 3674 ταῦτα
844 3614 916 3675 πθάα
937 3613 1110 3695 παραβαλεῖν
1134 3614 1162 3674 ἑν
1184 3616 1241 3687 τοῖς
1265 3615 1314 3674 ὑπο

32 3731 72 3805 τήν
98 3733 180 3812 μονὴν
214 3738 260 3794 τοῦ
283 3733 427 3813 Θεολόγου
454 3733 563 3795 τελοῦσι
589 3737 708 3812 κτήμασι
734 3734 782 3796 καὶ
807 3736 957 3813 ποιμαίνειν
980 3736 1041 3809 τοῦς
1064 3735 1093 3796 ἐν
1116 3737 1206 3808 αὐτοῖς
1228 3757 1314 3818 προσ-

32 3854 191 3929 κτθημένους
209 3853 257 3916 καὶ
277 3855 478 3937 ίερστελεστίας
499 3857 635 3918 ἐπιτελεῖν
654 3856 701 3918 καί
718 3859 796 3919 ἀλλα
818 3855 885 3920 α’ττα
908 3859 937 3918 ἐν
958 3859 1061 3932 τούτοις
1084 3859 1241 3940 θιενεργεῖν,
1265 3860 1315 3918 ὅσα

32 3977 80 4044 τοῖς
101 3976 266 4058 ἀρχιερεῦσιν
290 3979 401 4058 ἐφεῖται,
424 3979 591 4060 ἠνάγκαζεν,
622 3977 645 4039 εί
675 3978 722 4040 καί
752 3980 867 4053 τελείως
897 3980 1059 4060 ἀπεπέμφθη
1089 3979 1164 4060 παρὰ
1192 3984 1238 4040 τοῦ
1267 3981 1313 4039 τὀν

31 4101 213 4179 πατριαργικάν
241 4100 335 4180 θρόνον
362 4099 400 4178 τῷ
426 4103 488 4160 τότε
517 4098 659 4182 ίθύνοντος,
684 4101 718 4161 δι’
735 4103 929 4178 ῦπομνηματος
955 4099 1002 4162 καὶ
1026 4100 1211 4181 ἐνυπσγράρου
1234 4103 1312 4162 αῦτσῦ

31 4221 196 4304 γράμματος,
229 4224 248 4282 ἀ
280 4222 327 4282 καὶ
360 4229 393 4304 τῇ
423 4224 503 4298 ἡμῶν
534 4224 689 4304 μητριόιητι
720 4222 929 4302 ἐνεφανίσθησαν
959 4221 1006 4282 καὶ
1037 4221 1150 4295 εἰκότως
1179 4223 1313 4303 προβῆναι

32 4340 92 4422 αἰτῇ,
115 4341 328 4424 ἐπεγνώσθησαν.
354 4343 413 4404 ἐπεὶ
437 4345 468 4405 ἀὲ
492 4345 591 4426 ἀρτίως
613 4344 659 4404 καί
682 4346 697 4404 ὁ
718 4351 768 4422 τῆς
782 4347 872 4425 Λέρου
895 4344 1040 4417 ἐπίσκοπος
1063 4345 1166 4417 Νεῖλος
1188 4351 1312 4426 πειρᾶται

31 4463 225 4540 παρεισάύεσθσι
261 4467 290 4526 ἐν
323 4471 381 4540 τοῖς
413 4471 460 4528 τοῦ
486 4465 632 4546 θεολόγου
662 4470 781 4543 κτήμασι
813 4464 860 4528 καί
888 4467 1040 4542 ποιμαίνειν
1069 4466 1131 4538 τοῦς
1161 4469 1190 4527 ἐν
1224 4469 1314 4538 οῦτσῑς

31 4587 258 4664 προσκαθημὲνσυς
286 4587 330 4648 διὰ
356 4591 386 4649 τ“σ
413 4589 462 4649 ῦπά
489 4591 539 4664 τὴν
568 4587 673 4669 ένσρίαν
699 4589 791 4649 τούτου
817 4591 963 4670 τυγχάνειν
986 4587 1080 4662 αῦτοῦς
1105 4587 1152 4649 καὶ
1175 4587 1208 4649 τά
1231 4590 1312 4666 θμσια

31 4701 65 4780 τῷ
95 4707 206 4788 ’Ἰκαρίας
237 4713 338 4788 ποιεῖν,
376 4710 422 4770 θιά
453 4715 501 4770 τοῦ
531 4711 664 4790 παρόντος
697 4705 889 4788 σιγιλλιώάους
921 4711 1115 4788 ῦπομνήματσς
1147 4716 1198 4788 της
1232 4712 1311 4787 ἡμῶν
