3160 5292
543 703 681 770 LXVII.
706 703 782 770 Sine
805 728 898 789 anm,
921 728 1032 770 mense
1054 705 1139 791 iulio,
1161 705 1226 771 ind.
1250 706 1275 771 I.

265 871 372 925 Incolae
396 871 501 924 insulae
526 871 575 925 Ooi
600 877 732 926 testantur
765 872 983 926 monasteriolum
1012 869 1168 942 Spodarum
1200 891 1254 928 esse
1284 874 1441 929 metochium
1467 893 1543 930 αιαιο-

743 977 782 1030 bii
805 975 914 1030 Ιυαιιιιιζν
943 976 1075 1048 Ίλαοίυρά.

367 1163 388 1240 †
411 1160 532 1237 Δέηοις
547 1160 842 1239 διοσημειώματος
856 1167 918 1221 τῶν
935 1162 1078 1222 ἐποίκων
1092 1169 1150 1238 τῆς
1165 1166 1264 1239 νὴοου
1281 1164 1349 1242 Κῶ,
1366 1164 1545 1245 ἱερωμένων

264 1285 537 1366 στρατευομένων
563 1283 619 1344 καὶ
641 1283 676 1344 τὸ
698 1285 808 1344 κοινὴν
830 1288 885 1344 τοῦ
907 1285 990 1346 λαοῦ
1015 1284 1071 1345 καὶ
1095 1285 1223 1346 δούλων
1245 1285 1301 1345 καὶ
1324 1285 1477 1359 οτλάβων
1498 1293 1546 1362 τῆς

264 1411 428 1485 κραταιᾶς
449 1403 501 1466 καὶ
523 1405 622 1484 άγίας
644 1405 820 1480 βασιλείας
843 1427 906 1466 σου.

369 1529 390 1608 †
413 1527 509 1606 Σίγνον
525 1527 661 1608 Γεωργίου
676 1532 721 1588 τοῦ
737 1529 878 1608 Βεργωτὴ.
902 1530 923 1608 †
945 1527 1043 1606 Σίγνον
1059 1529 1178 1602 Λέοντος
1192 1533 1238 1589 τοῦ
1253 1530 1403 1608 Χρυσοχοΰ.
1428 1531 1548 1608 ὴΣἸγνον

265 1649 468 1710 Κωναταντίνου
496 1653 542 1711 τοῦ
570 1650 637 1710 Κλα
658 1699 663 1712 .
687 1698 692 1709 .
715 1698 720 1710 .
744 1699 750 1710 .
775 1655 795 1730 †
819 1651 915 1730 Σίγνον
938 1651 1079 1712 Νικολάου
1108 1655 1154 1711 τοῦ
1182 1645 1395 1731 Πενταρώλλου.
1420 1655 1442 1732 †
1464 1653 1547 1730 Σίγνον

265 1769 402 1850 Γεωργὶου
423 1775 469 1832 τοῦ
493 1772 589 1852 Μάρζα
612 1821 617 1833 .
644 1819 649 1830 .
676 1820 683 1834 .
706 1775 726 1852 ὴ
749 1772 845 1850 Σίγνον
873 1773 980 1848 Νικὴτα
1005 1776 1051 1833 τοῦ
1073 1774 1156 1852 Βαρϋ.
1181 1774 1202 1850 †
1226 1771 1322 1851 Σίγνον
1345 1771 1486 1834 Νικολάου
1511 1780 1548 1835 το]

265 1894 407 1972 Βεργωαῆ.
431 1894 451 1972 †
474 1892 570 1971 Σίγνον
589 1893 793 1956 Κωναταντίνου
819 1899 864 1956 τοῦ
888 1897 1028 1976 Βεργωιῆ.
1052 1897 1073 1974 †
1095 1895 1193 1972 Σίγνον
1216 1896 1343 1956 Ἰωάννου
1369 1900 1416 1956 τοῦ
1441 1897 1548 1970 Ποθετὴ.

265 2013 399 2093 ’[Σίγνον
414 2015 523 2091 Νικήτα
543 2021 589 2076 τοῦ
604 2016 714 2096 Αιγίδη.
738 2019 760 2098 †
780 2017 876 2098 Σίγνον
892 2019 1012 2096 Μιχαὴλ
1034 2021 1079 2078 τοῦ
1096 2017 1205 2096 Λιγίδη.
1228 2019 1250 2098 †
1272 2016 1370 2096 Σίγνον
1385 2017 1493 2094 Νικήτα
1513 2025 1551 2078 τοῦ
1569 2099 1570 2102 ¹

266 2135 426 2214 Καλαμίιη.
450 2139 471 2216 †
493 2136 590 2215 Σίγνον
616 2139 737 2218 Μιχαὴλ
765 2142 812 2200 τοῦ
839 2139 1000 2215 Καλαμίοὴ.
1024 2141 1044 2219 †
1067 2138 1164 2219 ΣἸγνον
1193 2138 1312 2217 Μιχαὴλ
1340 2145 1390 2216 τὴς
1418 2142 1570 2216 Ἀλιμνὴα,

266 2258 406 2340 ὴΣίγνον
433 2257 570 2340 Γεωργίου
596 2265 642 2322 τοῦ
669 2260 843 2341 Σκουταρίιη.
873 2263 893 2341 †
919 2263 1015 2340 Σίγνον
1043 2261 1179 2342 Γεωργίου
1209 2266 1255 2322 τοῦ
1278 2262 1391 2341 Ῥουχᾶ.
1419 2262 1551 2342 ὴΣὴνον

267 2379 387 2457 Μιχαὴλ
413 2376 459 2441 ’τοῦ
485 2381 622 2458 Χουβέοη.
648 2385 668 2462 †
691 2378 788 2462 Σίγνον
811 2383 938 2444 Ἰωάννου
964 2388 1010 2444 τοῦ
1039 2384 1173 2459 Χουβίοη.
1197 2386 1219 2464 †
1241 2383 1339 2462 Σίγνον
1366 2384 1487 2462 Μιχαὴλ
1513 2388 1552 2446 τοῦ

267 2500 398 2578 Γολευτὴ.
427 2503 449 2582 †
476 2500 573 2582 Σίγνον
596 2504 723 2564 Ἰωάννου
752 2509 798 2566 τοῦ
826 2506 964 2586 Χαρατζῆ.
988 2507 1010 2585 †
1032 2504 1129 2584 Σίγνον
1152 2505 1272 2585 Μιχαὴλ
1301 2509 1348 2566 τοῦ
1371 2507 1463 2567 Κατιλ
1479 2555 1486 2569 .
1502 2555 1508 2568 .
1524 2555 1529 2567 .
1545 2521 1570 2566 ,ι

268 2623 289 2701 ὴ
316 2623 413 2700 Σίγνον
443 2623 589 2686 Βασιλείαν
619 2630 665 2686 τοῦ
695 2626 870 2708 Στρατιὼτου.
899 2630 920 2710 †
947 2627 1043 2707 Σίγνον
1071 2626 1274 2688 Κωνοταιτίνου
1304 2632 1350 2688 τοῦ
1378 2629 1551 2710 Μιγκιράκου.

267 2747 288 2826 †
311 2745 408 2823 Σίγνον
431 2746 558 2807 ’Ἰωάννου
584 2751 630 2808 τοῦ
655 2748 781 2810 Πολίτου.
805 2751 826 2829 †
848 2747 946 2828 Σίγνον
970 2750 1105 2830 Γεωργίου
1132 2753 1177 2811 τοῦ
1200 2752 1394 2830 Ζυγιαομένου.
1421 2753 1442 2830 †
1466 2751 1551 2828 Σίγνον

268 2867 405 2948 Γεωργίου
434 2872 480 2929 τοῦ
507 2869 665 2949 Ζωγράρου.
693 2873 714 2952 †
741 2871 837 2951 Σίγνον
865 2873 993 2933 Ἰωάννου
1022 2876 1069 2933 τοῦ
1097 2874 1238 2952 Βεργωιῆ.
1266 2875 1287 2953 †
1314 2871 1414 2950 Σίγνον
1445 2872 1552 2951 Μιχαὴλ

268 2993 314 3050 τοῦ
337 2991 356 3049 Γ
358 2991 458 3066 αλάιὴ.
482 2993 503 3070 †
525 2990 622 3068 Σίχιον
646 2993 772 3054 Ἰωάννου
802 2999 847 3055 τοῦ
875 2994 979 3074 Βαρδῆ.
1003 2997 1024 3074 †
1047 2995 1144 3071 Σίγνον
1173 2993 1309 3074 Γεωργίου
1339 2997 1386 3054 τοῦ
1413 2995 1570 3054 Χωνιάτου.,

269 3114 289 3192 †
305 3112 401 3189 Σίγνον
417 3113 545 3173 Ἰωάννου
564 3117 610 3174 τοῦ
625 3115 823 3176 Κοκωπουλου.
840 3118 860 3194 †
876 3113 973 3194 Σίγνον
989 3116 1133 3176 Βαοιλείου
1153 3119 1198 3175 τοῦ
1215 3117 1413 3196 Ἀνεμοπράιη.
1431 3119 1452 3195 †
1467 3117 1552 3194 Σίγνοι

269 3232 396 3294 ’Ἰωάννου
425 3237 471 3295 τοῦ
495 3236 606 3313 Ῥουχᾶ.
635 3239 656 3317 †
679 3237 775 3316 Σίγνον
798 3237 939 3298 Νικολάου
969 3245 1015 3298 τοῦ
1039 3239 1164 3316 Χαμέτη.
1192 3239 1213 3317 †
1240 3238 1336 3316 Σίγνον
1360 3239 1488 3298 ’Ἰωάννου
1513 3241 1552 3297 τοῦ

270 3357 448 3438 Σκουρίλλου.
472 3359 493 3436 †
517 3355 614 3436 Σίγυον
638 3360 763 3418 ’Ἰωάννου
785 3361 832 3419 τοῦ
847 3357 963 3436 Θεότζη.
988 3363 1008 3440 †
1031 3360 1128 3438 Σέγνον
1151 3360 1288 3440 Γεωργίου
1310 3364 1356 3420 τοῦ
1381 3359 1551 3439 Καρουλίτζη.

270 3482 291 3557 †
318 3479 413 3558 Σίγνον
441 3480 567 3539 ’Ἰωάννου
596 3485 642 3540 τοῦ
673 3479 803 3558 Κοκκίνη.
833 3485 853 3561 ὴ
881 3479 976 3558 Σίγνον
1004 3483 1123 3554 Λέοντος
1152 3487 1198 3542 τοῦ
1226 3484 1383 3560 Ἀμπουχά
1415 3483 1437 3560 †
1468 3483 1551 3558 Σίγνιν

272 3600 412 3660 Νικολάου
438 3604 484 3660 τοῦ
512 3601 657 3663 Μουοικοϋ.
681 3605 702 3683 †
725 3604 821 3682 Σίγνον
848 3603 955 3678 Νικήτα
982 3608 1028 3664 τοῦ
1058 3605 1243 3684 [Ἰριμμικήρη.
1266 3605 1288 3684 †
1310 3599 1407 3682 Σίγνον
1432 3605 1551 3684 Στεράνευ

271 3726 317 3781 τοῦ
341 3721 515 3800 Ἐγγαλαβά.
538 3725 559 3802 ὴ
582 3723 678 3801 Σίγνον
706 3726 909 3785 Κωνοταντίνου
936 3730 981 3784 τοῦ
1010 3726 1158 3804 ἸἸαοχάλη.
1182 3727 1203 3806 †
1226 3725 1323 3804 Σίγνον
1351 3726 1488 3786 Νικολάου
1515 3729 1551 3784 τοῦ

272 3842 418 3924 Λουρέδου.
441 3845 462 3924 †
485 3842 581 3921 Σίγριον
605 3844 759 3925 Νικηράρου
785 3851 831 3906 τοῦ
855 3849 963 3921 Βοιϊαμο
988 3895 994 3907 .
1021 3895 1026 3907 .
1051 3847 1071 3924 ὴ
1095 3845 1191 3925 Σίχιον
1215 3848 1341 3907 ’Ἰωάννου
1367 3851 1414 3906 τοῦ
1438 3843 1550 3920 Κυδώνῃ.

271 3965 411 4046 ὴΣίγνον
439 3967 567 4026 ’Ἰωάννου
595 3971 642 4028 τοῦ
669 3965 828 4044 Ἐξηαλίιη.
858 3969 878 4047 ὴ
906 3968 1002 4046 Σίγνον
1031 3969 1167 4048 Ἰέωργίου
1196 3973 1243 4030 τοῦ
1269 3966 1390 4048 Τοξαρά.
1420 3971 1441 4048 †
1468 3969 1552 4044 Σάρων

272 4089 426 4168 Νικηφόρον
453 4095 501 4164 τὴς
528 4088 648 4161 Ῥοδίας.
671 4091 692 4168 ὴ
715 4089 810 4168 Σίχιον
839 4089 974 4170 Γεωργίου
1004 4096 1053 4167 τὴς
1077 4089 1222 4162 Ὑαλαίας,
1247 4093 1268 4172 †
1290 4091 1387 4170 Σίγνιον
1416 4092 1551 4151 Κωνοταν-

272 4211 343 4271 τίνου
372 4214 418 4270 τοῦ
444 4211 639 4292 Σκουταράτου.
668 4214 688 4292 †
716 4211 812 4290 Σίγνον
841 4211 980 4272 Νικολάου
1009 4217 1054 4272 τοῦ
1082 4213 1246 4290 Ἀντιοχίιη.
1270 4215 1291 4292 †
1314 4213 1412 4290 Σίγνον
1440 4215 1552 4273 Ἰωάινοι

273 4337 318 4392 τοῦ
348 4333 481 4414 Νυαιρίου.
514 4333 535 4412 †
565 4332 662 4412 Σίγνον
694 4335 812 4406 Λέοντος
845 4338 891 4392 τοῦ
922 4335 1065 4413 Ὀρρανοῡ.
1097 4335 1118 4414 ὴ
1149 4335 1245 4414 Σίγνον
1278 4339 1324 4396 τοῦ
1355 4332 1458 4415 Ἐρημι
1479 4385 1484 4396 .
1505 4381 1511 4395 .
1531 4381 1551 4394 ..

273 4455 295 4532 †
317 4453 414 4533 Σίριον
430 4455 631 4515 Κωνοταντίνου
653 4460 699 4514 τοῦ
723 4455 860 4532 Καλοϊδῆ,
883 4457 904 4534 †
926 4457 1022 4535 Σίγνον
1040 4457 1166 4516 ’Ἰωάννου
1187 4461 1234 4516 τοῦ
1260 4457 1402 4532 [Ἰηλινίιη.
1426 4458 1447 4535 ὴ
1470 4457 1553 4535 Σίφνον

275 4577 401 4635 ’Ἰωάννου
430 4581 476 4635 τοῦ
503 4577 692 4656 Χρυοοβὲργη.
721 4578 742 4655 ὴ
771 4623 1259 4640 ................
1283 4576 1474 4658 καατρορὺλαξ
1505 4578 1551 4648 Νι,-

275 4694 336 4756 λίου
359 4693 490 4773 ’Ἰωάννης
517 4699 531 4755 ὁ
554 4699 715 4778 Στεριωνης.
740 4698 760 4778 ὴ
785 4697 881 4776 Σίχνον
911 4745 1272 4761 ............
1297 4700 1317 4776 †
1341 4699 1437 4778 Σίχιον
1462 4749 1468 4759 .
1494 4749 1500 4762 .
1522 4743 1551 4756 .·
