3184 5288
1271 367 1332 429 115

53 559 148 638 και-ρους
177 561 336 638 ἁγιωτάτων
369 565 544 638 πατριαρχῶν
572 559 706 620 ποιεῖσθαι
732 559 902 638 δφείλουσαν.
930 557 977 618 καὶ
1004 557 1037 636 ήν
1066 561 1132 641 αὐτῇ
1161 561 1333 636 πανταχόθεν
1386 631 1388 640 Ι
1425 629 1427 634 Ι

53 682 77 739 τό
104 680 321 762 ἁτερικλόνητον,
357 672 402 740 οἷά
427 701 478 742 τιτι
509 679 580 740 δυσίν
611 681 720 760 ἐχυροῖς
749 679 872 762 τειχίοις,
901 677 940 758 τῷ
965 701 997 740 τε
1025 679 1224 761 χρυσοβοάλλῳ
1253 700 1332 760 περι-

53 803 217 884 τεφρογμένη
243 799 351 880 καὶτῷ
374 803 555 882 ὑπομνήματι,
583 800 630 862 καί
657 802 786 882 διήρκεσε
812 803 846 862 τὰ
866 809 916 878 της
943 801 1100 882 ἐλευθερίας
1124 799 1167 860 ἐπὶ
1195 799 1334 862 πολὺκαὶ

55 922 130 996 τδδείς
150 925 164 982 ό
186 925 285 1000 ταίιτην
308 925 511 1000 λυμηνάμενος.
542 923 602 984 ἐπεὶ
633 923 663 984 δὲ
687 923 849 996 Θεόκτιστὰς
871 944 911 996 τις
934 925 1056 1002 μοναχδς
1082 930 1131 1000 τής
1153 923 1335 1002 ήγουμενείας

53 1054 98 1106 τῶν
119 1046 145 1104 ἐν
167 1047 235 1126 αὐτῇ
257 1045 392 1126 θεοφιλῶς
418 1045 592 1122 ἀσκουμένων
620 1051 751 1124 μοναχῶν
778 1045 944 1128 ἐπελάβετο,
972 1045 1039 1125 ἀνὴρ
1062 1047 1268 1126 ἁπλοῖκὰιτερος
1290 1044 1336 1106 καί

54 1169 219 1250 ἀφελέστερον
249 1167 311 1248 περί
337 1170 386 1244 τήν
414 1175 468 1229 τῶν
497 1171 665 1249 πραγμάτων
697 1167 838 1245 ἀντίληψιν
871 1167 1053 1248 διακείμενος,
1087 1168 1134 1228 καί
1161 1169 1195 1228 τὰ
1221 1167 1260 1250 τῷ
1287 1175 1337 1245 τῆς

53 1289 355 1362 Κυνσταντινουπόλεως
384 1288 547 1370 ὑψηλοτάτῳ
578 1291 664 1369 θρόνῳ
692 1291 825 1370 προσόντα
853 1291 988 1370 προνόμια
1020 1293 1188 1352 παντάπασιν
1218 1290 1336 1374 ἀγνοῶν,

53 1413 142 1489 γέγονε
161 1410 193 1470 δὲ
214 1405 287 1471 κατὰ
308 1412 404 1472 ταίιτδν
426 1410 474 1470 καί
491 1411 611 1492 Ἰκαρίας
634 1411 789 1492 ἐπίσκοπος,
812 1411 883 1472 πολὺ
905 1417 954 1490 τῆς
976 1415 1022 1472 τοῦ
1044 1413 1336 1490 καθηγουμένουδια-

54 1534 129 1612 φέρων
151 1533 354 1614 ἀκεραιόιητος,
381 1534 572 1612 κακεντρεχὴς
599 1533 667 1610 ἀνὴρ
694 1531 742 1593 καί
767 1529 802 1592 τὰ
829 1533 963 1614 ἀλλότρια
990 1535 1212 1614 σφετεριζόμενος
1235 1535 1336 1616 δίκαια,

54 1655 94 1716 καί
113 1658 208 1738 πολίς,
232 1659 271 1729 ὡς
293 1656 318 1717 οἱ
341 1658 458 1735 μοναχοί
479 1677 552 1737 φασι,
575 1657 614 1736 τῷ
637 1656 792 1736 Θεοκτίστῳ
816 1657 949 1736 ἐπέκειτο,
978 1659 1090 1738 ἕρμαιον
1113 1659 1187 1735 σχὼν
1209 1659 1258 1732 τὴν
1280 1657 1338 1718 τοίν-

54 1799 93 1838 του
113 1779 251 1859 ἀφέλειαν,
279 1778 326 1839 καὶ
347 1778 419 1839 πόδα
446 1779 616 1856 κατεπείγων
645 1778 787 1854 ἐπιβαλεῖν
809 1785 842 1861 τῇ
866 1785 937 1861 μονῇ
962 1781 1093 1860 προφάσει
1119 1780 1221 1863 ψυχρᾷ,
1248 1778 1287 1866 τῷ
1310 1781 1338 1840 ἐν

55 1903 153 1984 τῇκατ’
166 1901 245 1961 αίιτδν
270 1899 361 1983 ἐνορίφι
382 1903 526 1980 τυγχάνειν
548 1901 598 1975 τήν
621 1901 706 1976 μονὴν
729 1903 883 1982 χρώμενος.
906 1899 968 1960 όδέ
991 1879 1198 1979 καθηγούμενος
1220 1905 1339 1974 τοιοῦτος

54 2024 96 2103 ῶν,
117 2018 170 2084 οἷον
194 2023 275 2082 αίιτδν
298 2022 402 2082 ἀνωθεν
431 2021 589 2101 εἰρήκαμεν,
619 2020 828 2096 ἀντεπεξελθεϊν
850 2022 896 2101 τῷ
913 2023 1050 2102 ἐπισκόπῳ
1073 2024 1121 2084 οίικ
1147 2021 1269 2099 ήθέλησε
1292 2021 1339 2084 καὶ

53 2147 131 2220 πάντη
157 2142 202 2205 διά
228 2165 259 2205 τε
285 2148 332 2204 τοῦ
358 2145 566 2226 χρυσοβοίιλλου
593 2145 679 2224 λόγου
706 2144 752 2206 καί
779 2149 825 2206 τοῦ
852 2147 1045 2222 ίιπομνήματος
1073 2145 1232 2224 ἐπιτειχίσαι
1254 2147 1339 2226 τούτῳ

53 2268 96 2341 τήν
116 2264 154 2340 εἰς
179 2266 229 2344 τὴν
257 2267 344 2342 μονὴν
373 2266 502 2348 πάροδον.
526 2267 551 2326 τί
572 2264 690 2346 γίνεταη
718 2260 786 2343 ἧκον
814 2265 854 2339 είς
882 2266 1021 2340 διαλύσεις
1049 2267 1173 2350 ἑκάτεροι
1200 2267 1246 2328 καί
1269 2287 1339 2344 συμ-

55 2387 144 2464 ρωνίοις
175 2389 245 2468 πρός
279 2387 425 2462 ἀλλήλους
457 2385 519 2468 περὶ
548 2394 602 2446 τῶν
630 2389 732 2466 ἑτέροις
763 2388 942 2468 διαφερόντων
973 2386 1108 2468 ἐξέθεντο,
1138 2387 1185 2449 καί
1215 2355 1268 2450 τῶν
1294 2393 1341 2450 τοῦ

55 2515 239 2590 πατριαρχικοῦ
263 2511 357 2592 θρόνου
381 2509 492 2571 δικαίων
515 2512 529 2570 ό
552 2512 760 2590 καθηγούμενος
781 2509 828 2571 καί
851 2511 877 2572 οί
895 2512 938 2572 ὑπ’
951 2512 1029 2571 αίιτδν
1053 2511 1180 2593 μοναχοί,
1204 2511 1341 2589 μηδεμίαν

56 2629 140 2691 ἁδειαν
168 2631 262 2692 τοίιτου
292 2633 414 2712 ἔχοντες,
441 2630 480 2710 τῷ
508 2631 645 2712 ἐπισκόπῳ
677 2630 833 2712 ἐξέστησαν,
864 2631 911 2691 καί
940 2633 970 2692 τό
1000 2633 1080 2693 αίιτδν
1110 2631 1169 2693 ἁντί
1196 2637 1242 2694 τοῦ
1271 2633 1342 2694 κατὰ

55 2752 155 2831 καιροὺς
187 2751 355 2835 πατριάρχου
385 2753 699 2825 Κωνσταντινουπόλεως
733 2752 876 2834 ἀναφέρειν
907 2749 1100 2835 κατεδέξαντο,
1134 2759 1217 2815 ταῦτα
1252 2775 1342 2814 κατα-

54 2874 156 2948 θέμενοι
182 2875 230 2936 καί
256 2874 296 2954 τῷ
324 2875 462 2956 ἑπιπιόπῳ
488 2873 679 2957 χαρισάμενοι,
708 2877 725 2934 ἁ
752 2875 808 2936 οίιδ’
833 2877 922 2946 αίιτοῑς
950 2877 1001 2934 ἁπδ
1027 2882 1081 2936 τῶν
1107 2876 1157 2952 τήν
1185 2875 1342 2956 ἐλευθερίαν

54 2998 236 3074 χαριζομένων
260 2997 404 3077 ἐγγράφων
432 2997 609 3078 ἐδωρήθησαν
635 2996 683 3058 καί
705 2998 789 3070 οθτως
811 2996 850 3075 τῳ
878 2993 998 3076 μεγίστῳ
1023 2999 1100 3078 μέρει
1122 2997 1171 3073 τήν
1193 3001 1342 3077 προσοῦσαν

58 3117 139 3191 άιτοῖς
173 3119 332 3200 ἐλευθερίαν
365 3119 576 3195 κολοβιίισαντες
609 3119 655 3180 καί
688 3126 741 3180 τῶν
774 3118 976 3200 πατριαρχικῶν
1011 3117 1121 3180 δικαίων
1153 3119 1344 3200 καθυφέμενοι,

55 3245 105 3298 τῶν
129 3243 195 3320 πρδς
223 3217 369 3316 ἀλλήλους
397 3244 535 3318 ζητήσεων
566 3242 724 3302 ἐπαύσαντο.
757 3242 824 3320 ἐοχε
854 3241 905 3316 μὲν
932 3242 1018 3313 οθτως
1043 3245 1135 3302 ταίτα.
1165 3239 1212 3300 καὶ
1240 3239 1274 3316 δὴ
1297 3239 1345 3301 καὶ

57 3360 175 3442 ἔγγραφα
200 3361 263 3444 περὶ
291 3369 342 3439 τής
371 3369 465 3440 κοινῆς
496 3366 582 3424 αὐτῶν
617 3363 761 3444 ἀρεσκείας
789 3361 1014 3439 διαλαμβάνοντα
1043 3361 1088 3442 ἀφ’
1111 3364 1248 3443 ἑκατέρων
1278 3364 1345 3443 πρός

57 3481 193 3556 ἀλλήλους
221 3484 411 3564 προβεβήκασι
440 3485 487 3546 καὶ
515 3485 540 3546 οί
566 3489 718 3546 παντάπασι
745 3487 776 3545 τό
802 3491 909 3567 πρῶτον
931 3485 1007 3558 όντες
1035 3483 1175 3565 ἐλεύθεροι
1201 3487 1258 3556 τοῖς
1282 3484 1344 3544 ἐπι-

57 3609 190 3677 οκοπινιοῖς
213 3605 329 3679 δικαίοις
350 3607 396 3666 πὀν
420 3605 519 3668 οἰκεῖον
547 3576 652 3685 αῐιχένα
679 3609 831 3689 ὑπήγαγον,
854 3611 900 3668 τοίι
924 3608 1071 3682 οσίτονόμου
1093 3608 1124 3666 τό
1146 3607 1196 3666 ἀπό
1219 3605 1345 3666 δουλείαν

58 3719 124 3786 εἶναι
143 3729 335 3809 προελόμενοι,
358 3727 406 3789 καὶ
427 3736 477 3805 τῆς
498 3735 695 3810 πατριαρχικής
718 3729 853 3810 ἀναφορᾶς
875 3731 923 3804 τὴν
948 3729 1093 3790 ἐπισκόπου
1113 3727 1233 3809 Ἰκαρίοις
1257 3728 1346 3788 ἀλλα·

59 3844 174 3922 ξάμενοι.
199 3849 268 3910 ἀλλ’
290 3850 340 3928 όψέ
355 3871 421 3911 ποτε
443 3851 497 3928 ήδη
520 3849 566 3911 καί
589 3853 748 3932 ἀμφοτέρων
770 3857 824 3912 τῶν
846 3853 908 3911 τότε
931 3850 1139 3926 διαλυσαμένων
1162 3855 1215 3910 τῶν
1238 3848 1347 3909 ἐνθένδε

59 3971 255 4052 μεταθεμένων,
277 3971 324 4033 καί
348 3973 448 4054 ἑτέρων
470 3973 519 4045 τὰς
541 3973 584 4033 ὑπ’
606 3973 717 4034 ἐκείνων
742 3973 930 4050 διοικουμένας
951 3971 1040 4058 ἀρχὰς
1062 3969 1277 4050 διαδεξαμένων,
1300 3971 1348 4044 τὴν

63 4091 190 4170 ἁμαρτίαν
219 4095 305 4154 αίπιῖιν
333 4093 359 4152 οί
389 4096 553 4170 μονάζοντες
575 4095 752 4177 ἐγνώκεισαν,
782 4095 838 4176 καί,
861 4096 901 4166 ὡς
932 4095 980 4155 οίικ
1012 4093 1057 4153 ἐπὶ
1085 4091 1168 4172 καλῷ
1198 4093 1288 4165 αθτοίς
1316 4091 1350 4151 τὰ

59 4217 110 4286 τῆς
132 4212 279 4287 διαλίσεως
300 4217 411 4294 γέγονε,
436 4218 660 4296 συνεωράκεισαν.
689 4216 774 4276 τοίνυν
797 4213 844 4276 καὶ
867 4217 915 4290 τἠν
939 4215 1059 4293 ἀρχῆθεν
1083 4215 1169 4274 αίιτῶν
1193 4212 1349 4293 ἐλευθερίαν

60 4332 248 4410 ἀνανεοθμενοι
288 4335 335 4396 καί
373 4337 528 4416 προσῆλθον
570 4343 603 4420 τῇ
644 4339 723 4412 ήμῶν
765 4339 916 4416 μετριότητι
955 4334 1002 4395 καί
1034 4335 1068 4394 τὰ
1102 4337 1151 4395 ὐπδ
1184 4340 1230 4395 τοῦ
1264 4336 1351 4396 αίιτῶν

59 4455 284 4530 ήγουμενείιοντος
307 4459 377 4537 τότε,
405 4461 452 4518 τοῦ
475 4455 648 4536 Θεοκτίστου,
677 4460 834 4539 πραχθέντα
862 4457 1025 4538 διεσάρησαν
1048 4454 1094 4516 καὶ
1116 4453 1205 4516 πάντα
1225 4456 1260 4515 τάι
1281 4477 1351 4534 προ-

60 4575 149 4648 βάντα
170 4581 234 4660 πρός
261 4581 327 4652 ἐπος
354 4580 527 4660 διηγήσαντο,
555 4583 604 4655 τὴν
626 4584 672 4640 τοῦ
699 4587 771 4660 σφῶν
798 4581 952 4659 ἡγουμένου
976 4580 1128 4658 ἁπλότητα,
1152 4577 1201 4653 τήν
1223 4581 1269 4638 τοῦ
1291 4578 1351 4637 τότε

10 4765 17 4798 ἶ
60 4697 179 4776 Ἰκαρίας
207 4701 335 4782 ἐπίθεσιν,
364 4702 411 4776 τὴν
435 4699 536 4761 οἰκείαν
559 4703 702 4761 κατάθεσιν
729 4700 775 4760 καί
805 4702 853 4775 τὴν
876 4705 922 4761 τοῦ
943 4704 1138 4782 πατριαρχικοίι
1161 4699 1265 4760 δικαίου
1287 4700 1354 4776 πρός

1113 4820 1146 4867 8*
