3228 5294
1319 373 1360 438 33

58 565 131 638 ἡμῶν
155 564 205 637 τὴν
227 561 353 636 τοιαὺτην
376 561 455 622 αὑτοῦ
477 563 612 641 πρόθεσιν,
641 563 753 638 μοῦλλον
780 562 811 622 δὲ
838 562 885 622 καὶ
912 563 1173 646 ὑπεραποδεξαμένη
1196 571 1288 627 τοῦτον
1311 573 1360 628 τοῦ

59 685 123 745 θείου
146 686 242 744 τοῦτου
264 687 366 744 σκοποῦ
388 682 435 744 καί
462 685 616 764 θεοφιλοῦς,
646 687 869 765 παρακεχώρηκε
897 685 944 746 καί
972 687 1039 764 αῦτη
1066 693 1116 762 τῆς
1142 687 1243 746 τοὺτων
1269 693 1357 765 νομῆς

59 807 92 884 τῷ
114 805 243 886 μοναχῷ,
271 803 319 866 καί
344 805 384 884 τῷ
410 803 518 865 πλείονι
539 807 687 885 προσέθετο
709 805 756 866 καί
779 808 810 865 τ“ο
834 807 957 868 ἔλαττον.
1005 803 1085 887 ἐρ’ίρ
1107 805 1154 866 καί
1175 807 1285 867 κελεὺει
1307 829 1359 888 σοι,

60 927 180 1000 ,θεοιλικὲ
203 929 311 1006 νοτάριε
333 925 380 986 καὶ
404 927 614 1006 άντιπροσωπών
639 927 667 986 ἐν
690 927 729 1006 τῷ
752 929 872 1006 οεκρέτῳ
892 933 938 988 τοῦ
958 927 1033 989 οίκου
1054 947 1106 1004 μου
1124 933 1170 988 τοὺ
1190 928 1359 1010 Μυρελαίου,

60 1049 176 1122 λαβόντα
198 1047 302 1124 εἴδησιν
324 1054 374 1126 τῆς
395 1049 519 1124 τοιαὺτης
542 1046 698 1122 οἰκονομίας
721 1046 768 1108 καὶ
792 1049 898 1128 δωρεᾶς
920 1056 970 1124 τῆς
993 1050 1135 1125 βασιλείοις
1157 1052 1247 1129 ἡμῶν,
1269 1071 1358 1110 κατα-

59 1177 169 1251 οτρώσαι
189 1171 241 1244 μὲν
262 1169 308 1229 καί
328 1171 375 1230 τον
395 1169 625 1250 ἐπιβραβευθέντα
644 1169 683 1247 τῷ
703 1169 819 1247 μοναχῷ
841 1171 1033 1250 Χριστοθοὺλῳ
1048 1169 1254 1250 χρυοάβουλλον
1270 1171 1357 1249 λόγον

57 1299 95 1352 τοῦ
110 1294 293 1372 περιποθήτω
309 1312 361 1367 μου
376 1289 432 1351 υἱοῦ
451 1289 498 1350 καὶ
518 1290 665 1368 βασιλέως,
683 1292 721 1362 ώς
737 1293 769 1350 άν
786 1291 894 1372 ὑπάρχῃ
910 1291 1013 1367 είδητις
1028 1291 1066 1371 τῷ
1088 1295 1159 1352 κατά
1181 1313 1212 1352 σε
1235 1294 1356 1373 αεκρὲτῳ

58 1420 104 1474 τῶν
127 1415 156 1473 ἐν
181 1413 253 1492 αὑτῷ
276 1407 508 1492 ᾠκονομημένων,
535 1411 724 1492 καταστρώοαι
748 1411 779 1472 δὲ
801 1411 849 1472 καί
868 1414 899 1472 τῦ
918 1415 1004 1494 παρὸν
1024 1416 1172 1493 πιττάκιον,
1195 1412 1242 1474 καί
1258 1416 1357 1490 μηκέτι

60 1536 187 1611 ἐπιζητεῖν
209 1537 228 1610 ἢ
250 1533 333 1606 τέλος
355 1537 373 1608 ἢ
395 1535 498 1594 πάκτον
525 1537 543 1606 ἢ
572 1534 668 1614 ἑτέραν
694 1533 753 1594 τινὰ
774 1533 909 1614 πρόσοδον
930 1533 983 1594 άπθ
1002 1540 1056 1594 τών
1077 1534 1205 1615 ἀνωτέρω
1225 1536 1356 1594 τεθέντων

57 1659 116 1738 τρὶς
137 1659 227 1732 ὄνομα
255 1655 432 1736 προαστείων,
463 1659 509 1716 τοῦ
539 1655 630 1732 νησίον
657 1661 706 1733 τῆς
734 1657 852 1734 Λειψοῦς
879 1654 927 1716 καὶ
952 1661 999 1717 τοῦ
1026 1657 1139 1732 ἡμίσεος
1166 1659 1282 1737 κοίοτρου
1309 1661 1355 1717 τοῦ

60 1779 217 1840 [ίαντελίου
247 1781 337 1838 πάντα
358 1781 423 1859 γάρ,
451 1779 501 1838 ὅσα
529 1778 554 1838 θ’
577 1779 608 1838 οἷν
635 1777 682 1838 καί
709 1775 758 1838 ώσι
781 1779 814 1837 τὰ
837 1779 943 1839 ἐκεῖθεν
966 1779 1111 1858 θρείλοντα
1131 1779 1357 1860 προοπορίζεοθαι
1418 1753 1420 1758 ¹

58 1900 91 1978 τῷ
112 1903 242 1982 σεκρέτῳ,
269 1899 491 1979 άπεχαρίοθησαν
513 1906 545 1981 τῇ
568 1904 614 1959 τοῦ
637 1900 724 1978 λόγου
747 1899 829 1979 μητρὶ
851 1899 898 1960 καί
920 1899 959 1979 τῷ
980 1901 1119 1973 πολλάκις
1145 1919 1355 1982 προμνημονευ-

58 2023 122 2080 θέντι
145 2019 261 2099 μοναχῷ
282 2021 487 2100 Χριστοὺοὑλῳ,
510 2019 621 2096 μᾶλλον
645 2021 696 2093 μὲν
720 2018 765 2080 οὑν
787 2025 898 2096 ποιῆσαι
920 2019 968 2080 καὶ
990 2019 1046 2082 ἴσον
1070 2025 1115 2082 τοῦ
1136 2023 1270 2102 παρόντος
1292 2041 1356 2082 πιτ-

57 2141 144 2202 τακίου
173 2140 220 2201 καὶ
246 2143 401 2221 ὑπογράψαι
425 2141 453 2201 ἐν
477 2141 548 2220 αὑτῷ
571 2137 642 2214 μετὰ
668 2147 721 2202 τῶν
748 2143 798 2200 ὑπὸ
821 2161 851 2200 σε
879 2148 1042 2222 σεκρετικών
1074 2141 1120 2202 καὶ
1152 2141 1243 2204 δοῦναι
1269 2142 1355 2222 τοὺτῳ

58 2261 92 2336 τίς
118 2264 268 2342 άσραλειαν
291 2266 320 2344 †.
348 2264 383 2322 τὺ
414 2261 491 2338 μηνὶ
522 2261 647 2342 ίουνίῳ,
679 2262 890 2335 ίνδικτιῶνος
922 2261 948 2341 ι’,
980 2263 1033 2322 διὰ
1061 2266 1270 2344 γραμμάτων
1299 2267 1356 2324 τοῦ

58 2385 237 2464 ,θεοτάρχου
268 2383 413 2462 Μιχαὴλ
441 2387 496 2444 τοῦ
528 2385 731 2464 Μαχητάρη,
764 2383 821 2444 καί
855 2385 873 2458 ἡ
908 2383 961 2446 θιὺι
992 2388 1094 2464 κηροῦ
1124 2383 1265 2464 σφραγίς
1294 2390 1354 2460 τῆς

59 2505 149 2582 άγίτις
169 2507 258 2581 ὑμῶν
281 2503 459 2582 δεσποίνης
482 2506 511 2582 †.

155 2629 404 2709 γΧρὺσανθος,
432 2630 587 2706 νοτάριος
613 2632 668 2688 τοῦ
694 2626 948 2708 γηροτροφείου,
972 2629 987 2688 ὁ
1012 2626 1234 2708 ἐκπροσωπών
1257 2626 1290 2686 ἐν
1312 2625 1356 2706 τῷ

59 2749 133 2828 οἴκῳ
153 2754 207 2810 τοῦ
230 2749 425 2830 Μυρελαίου
447 2751 478 2828 †.

155 2874 175 2952 †
198 2871 369 2947 Ἰωάννης,
396 2871 698 2951 πρωτοβεοτάρχης
725 2869 780 2930 καί
808 2872 960 2950 νοτάριος
981 2876 1037 2930 τοῦ
1060 2871 1159 2931 αὑτοῦ
1186 2873 1355 2950 σεκρέτου,

60 2992 71 3049 ὁ
94 2993 280 3074 Πανάρετος
302 2995 333 3073 ψ.

153 3117 174 3194 †
196 3113 380 3186 Νικόλαος,
406 3114 527 3188 βέστης
550 3111 605 3173 καὶ
628 3113 806 3189 βασιλικὺς
825 3115 978 3192 νοτοίριος
993 3117 1046 3172 τοῦ
1063 3114 1159 3174 αὑτοῦ
1180 3113 1354 3194 σεκρέτου,

61 3235 256 3311 ίΣτηθάτος
278 3237 309 3316 †.

153 3360 173 3436 †
197 3357 353 3436 Μιχαήλ,
376 3360 529 3436 νοτάριος
550 3360 606 3416 τοῦ
629 3357 727 3416 αὑτοῦ
749 3357 923 3435 σεκρέτου,
947 3357 962 3416 ὑ
986 3353 1235 3429 Λακτεντίτζης
1258 3357 1289 3435 †.

153 3479 173 3559 †
196 3478 353 3556 Μιχαήλ,
376 3479 391 3536 ὑ
415 3478 595 3556 ἐλάχιστος
618 3477 776 3549 διάκονος
798 3475 854 3536 καί
877 3476 1245 3556 μεαοκελλαρίτηςτοῦ
1264 3475 1354 3556 Μυρ-

64 3597 179 3680 ελαίου,
208 3597 257 3672 είς
283 3599 457 3680 πρόσωπον
480 3599 651 3660 Νικολάου
677 3598 979 3679 πρωτοβεοτάρχου
1005 3595 1061 3658 καὶ
1089 3597 1242 3676 μεγάλου
1273 3617 1355 3676 χαρ-

63 3719 240 3804 τουλαρίου,
264 3725 320 3782 τοῦ
342 3719 556 3799 Μαδυτηνοῦ,
580 3721 755 3800 ὑπέγραψα
777 3722 806 3800 †

137 3846 172 3925 ’ψ
194 3842 392 3922 Βασίλειος,
414 3845 633 3923 πραιπίοιτος
656 3840 709 3900 ἐπὶ
731 3844 786 3900 τοῦ
808 3839 1043 3912 κοιτῶνοςκαὶ
1062 3837 1279 3921 χαρτορὺλαξ
1301 3843 1355 3902 τοῦ

66 3963 146 4024 αὑτοῦ
172 3967 334 4045 οεκρέτου
362 3959 421 4048 [ἐκ]
449 3966 623 4043 προσώπου
651 3962 902 4022 Κωνσταντίνου
929 3962 1147 4043 πραιποσίτου
1173 3961 1229 4022 καί
1256 3981 1354 4022 νοτα-

66 4083 120 4159 ρίου
142 4086 194 4147 καὶ
221 4089 367 4159 Λέοντος
392 4085 609 4166 πραιποσίτου
635 4084 692 4144 καὶ
714 4081 960 4164 χαρτουλαρίου
981 4081 1037 4144 καὶ
1059 4081 1219 4162 μετοχίου
1241 4085 1354 4142 Λακα-

65 4203 139 4284 τίου,
158 4215 219 4268 τών
243 4209 423 4290 ἀνθρώπων
445 4214 503 4283 τῆς
526 4207 624 4286 ἁγίας
645 4209 737 4282 ἡμῶν
761 4205 953 4286 δεσποίνης,
977 4207 1153 4286 ὑπέγραψα
1175 4208 1205 4286 †.

154 4332 174 4410 †
193 4331 351 4406 Ἰωάννης
372 4379 377 4391 .
397 4375 404 4390 .
422 4375 430 4390 .
448 4377 454 4389 .
475 4327 531 4390 καὶ
555 4327 608 4388 ἐπὶ
629 4332 684 4387 τοῦ
706 4335 867 4400 κοιτῶνος
886 4328 901 4385 ὑ
921 4329 1029 4401 Σουμν
1051 4372 1157 4388 .....
1180 4327 1354 4406 ὑπέγραψα

69 4439 119 4530 [ἐκ]
138 4455 306 4530 προσώπου
331 4453 486 4511 Ἰωάννου
510 4449 687 4510 δισυπάτου
711 4449 864 4528 νοταρίου
885 4453 941 4508 τοῦ
964 4447 1138 4529 Βαρβηνοῦ
1160 4450 1190 4528 †.

157 4581 313 4651 Εοοεπιρίαν.
335 4581 412 4634 Flor.
429 4597 478 4632 τινα
502 4582 544 4634 48
566 4587 590 4632 τι
615 4581 656 4632 50
677 4593 705 4650 γ.
727 4563 826 4632 'Emit
844 4577 887 4630 M.
904 4577 934 4632 J.
956 4577 1063 4632 Gedeon
1078 4576 1106 4628 ιἰι
1117 4577 1257 4644 periodica
1273 4577 1355 4630 τίιαίο

65 4702 222 4762 μῦωώ

1130 4813 1146 4860 3
