3160 5292
614 653 700 719 CIII.
725 653 801 720 Sine
824 678 918 738 anno,
941 677 1052 720 mense
1075 656 1196 720 martio.

262 803 427 856 Ραιτίατσίια
446 802 614 856 Athanasius
634 804 742 857 restitui
767 804 839 858 iubet
865 805 987 858 coenobio
1011 803 1040 858 S.
1058 803 1169 858 Ιοαιιιιίε
1191 804 1355 857 monasteria
1379 801 1544 872 Spondarnm

732 915 757 962 et
778 908 841 962 Ala*
861 909 889 962 ιἰι
911 909 1003 962 imula
1021 911 1080 962 Ooo.

362 1093 616 1172 †‘A0avd<120;‚
645 1093 732 1172 ἐλέῳ
761 1094 836 1152 θεοῦ
863 1089 1128 1172 ἀρχιεπίσκοπος
1152 1092 1546 1170 Κωνσταντινουπόλεως,

260 1214 350 1283 Νέας
373 1214 516 1294 Ῥώμης,
539 1213 596 1274 καί
619 1214 851 1290 οίκουμενικδς
873 1218 1093 1296 πατριάρχης.
1118 1215 1149 1296 †

1540 1373 1546 1392 Ὶ

364 1374 385 1452 †
407 1373 473 1442 Τοῖς
496 1372 625 1450 εὐλόγους
647 1371 697 1444 τὰς
720 1370 838 1448 αἰτήσεις
860 1373 1053 1450 πεποιημένοις
1076 1367 1137 1458 μίὴ]
1161 1373 1256 1432 ούτίκοι
1275 1373 1387 1450 ὑπέχειν
1407 1369 1462 1450 αῖς,
1489 1371 1538 1446 μηδ

260 1495 388 1556 ἐπινεύειν
417 1495 464 1555 καί
493 1495 627 1556 ἐνδιδόναι
656 1493 696 1566 είς
724 1495 897 1576 ἐκπλήρωσιν
924 1501 977 1554 τῶν
1005 1495 1171 1570 αἰτουμένων
1202 1489 1276 1580 ό[ση]
1308 1494 1420 1570 δύναμις
1449 1492 1480 1554 ού
1508 1516 1547 1568 μοι

257 1625 311 1678 τῶν
338 1618 449 1678 δικαίων
476 1617 594 1697 φαίνεται
622 1617 660 1680 όν.
692 1616 715 1678 εί
744 1618 774 1678 δὲ
801 1617 846 1678 καί
875 1587 972 1697 ἄνδρές
999 1611 1071 1678 οὗτοι
1094 1615 1149 1694 θεῷ
1176 1611 1411 1700 κεκληρ[ωμέν]οι
1438 1614 1486 1676 καί
1508 1619 1547 1674 τόν

258 1743 408 1819 μοναχικδν
431 1741 633 1824 ἐπανῃρημένοι
655 1740 713 1814 βίον
737 1739 796 1820 εἶσί,
818 1747 878 1812 πῶς
905 1740 934 1799 ού
958 1739 1019 1800 δέον
1042 1744 1118 1800 τοῦτο
1144 1741 1230 1799 ποιεῖν
1255 1741 1389 1820 μάλιοτα;
1418 1737 1464 1798 καί
1489 1741 1547 1818 ησίρ,

258 1857 297 1934 οἷς
324 1865 386 1934 θεός
414 1864 467 1923 ἐστι
495 1866 525 1923 τό
550 1865 820 1945 πραγματευόμενον,
847 1864 950 1934 τούτοις
975 1865 1064 1922 πάντα
1090 1863 1187 1942 τρόπον
1215 1861 1383 1942 συναίρεσθαι
1413 1856 1471 1945 >ast
1497 1857 1548 1940 τοδί

257 1985 454 2064 ἀπερισπάστου
487 1982 642 2064 φροντίζειν,
675 1983 709 2042 ἵν’
738 1985 852 2064 ύπερδεν
886 1983 1031 2064 φροντίδων
1065 1982 1252 2054 διατελούντες
1284 1981 1331 2042 καί
1365 1984 1472 2051 ἑαυτοῖς
1506 1979 1548 2040 καὶ

257 2113 335 2168 τοῖσιν
366 2105 576 2183 ἑξευμενίζοιντο
605 2110 652 2168 τόν
681 2109 753 2167 θεόν.
788 2109 876 2167 όποῖοι
909 2107 978 2182 δῆτα
1009 2107 1085 2178 ὄντες
1115 2108 1277 2184 τυγχάνουσι
1307 2105 1354 2164 καί
1383 2103 1408 2164 οῖ
1437 2105 1466 2163 ἐν
1497 2101 1548 2186 [ιη]

256 2231 327 2289 κατὰ
349 2231 397 2304 τὴν
422 2230 533 2304 Ποίτμον
555 2234 636 2306 νῆσον
663 2229 799 2312 σεβασμίᾳ
826 2228 955 2310 βασιλικῇ
982 2227 1030 2288 καὶ
1056 2235 1239 2309 πατριαρχικῇ
1263 2233 1333 2310 μονῇ
1355 2230 1401 2286 τοῦ
1425 2226 1454 2285 ἐν
1480 2227 1547 2285 ἁπο-

257 2352 364 2424 στόλοις
395 2352 574 2428 ἠγαπημένσυ
602 2348 641 2430 τῷ
669 2353 774 2430 Σωτῆρι
801 2352 918 2430 Χριστῷ,
951 2351 1084 2431 παρθένου
1117 2349 1164 2410 καί
1196 2348 1350 2428 Θεολόγου,
1387 2350 1548 2423 ἀσκούμενοι

258 2475 387 2552 μοναχοί·
412 2467 483 2534 οὗτοι
505 2472 551 2532 καὶ
573 2473 626 2553 γὰρ
649 2469 809 2558 [ἀ]ναφορόιν
833 2473 992 2548 ἐποιήσαντο
1013 2473 1082 2551 πρός
1104 2473 1152 2546 τἠν
1173 2473 1252 2546 ἡμῶν
1276 2472 1446 2552 μετριότητα,
1472 2473 1511 2540 ὡς
1533 2472 1549 2544 ἡ

256 2599 317 2657 κατ’
341 2596 435 2668 αύτούς
457 2597 563 2672 τοιαύτη
589 2590 693 2680 [μο]νη,
717 2593 748 2668 ἐξ
771 2589 801 2655 ού
824 2594 858 2671 δὴ
882 2593 929 2655 καὶ
951 2597 980 2654 τό
1004 2595 1074 2668 μονὴ
1097 2595 1241 2654 καλεῖσθαι
1263 2595 1409 2674 ηὐτύχησε,
1431 2593 1549 2662 πολλοῖς

256 2716 290 2796 ἦν
317 2723 431 2794 κομῶσα
457 2721 512 2790 τοῖς
539 2717 666 2797 ἀγαθοῖς,
694 2719 738 2776 ότε
765 2716 812 2776 καί
836 2717 942 2798 ἀνδρῶν
964 2716 1087 2798 ηῖιμοίρει
1112 2713 1300 2791 πνευματικόν
1326 2714 1373 2776 καί
1401 2715 1431 2775 ἐν
1459 2716 1549 2794 ἀμφο-

257 2843 345 2923 τέροις
359 2843 470 2920 τούτοις,
491 2843 546 2912 τοῖς
561 2860 591 2900 τε
614 2842 778 2916 σωματικοῖς
802 2839 910 2915 δηλαδὴ
933 2838 980 2898 καί
1003 2835 1226 2924 [πνευματι]κοῖς,
1249 2843 1309 2911 ταῖς
1331 2838 1475 2918 μεγίσταις
1498 2844 1549 2896 τῶν

257 2969 347 3039 μονῶν
371 2963 561 3043 συνηρίύμητο.
585 2959 619 3040 ἦν
643 2963 673 3022 δέ
696 2983 730 3040 γε
753 2963 871 3042 τοιαύτη,
895 2965 948 3033 έως
972 2965 1054 3037 μήπω
1076 2961 1110 3022 τὰ
1132 2969 1181 3039 τῆς
1205 2963 1435 3038 ἐκκλησιαστικῆς
1461 2961 1548 3032 ζάλης

257 3086 415 3161 συμβέβηκε
446 3084 491 3146 καί
522 3085 688 3164 συγχύσεως,
721 3083 780 3144 ἐπεὶ
809 3085 840 3144 δὲ
866 3089 942 3144 τούτο
965 3083 1123 3162 συμβέβηκε
1152 3077 1199 3143 καί
1229 3085 1254 3144 οῖ
1279 3082 1417 3163 κρείττους
1446 3083 1549 3142 ἐκεῖθεν

256 3215 309 3268 τῶν
332 3215 462 3285 μοναχῶν
490 3208 669 3288 ὑπεχώρησαν
696 3207 740 3266 ὑπ’
764 3205 931 3286 ἀβελτηρίας
961 3213 1013 3265 τῶν
1036 3206 1294 3286 ἐναπολειφθὲντων,
1326 3207 1488 3265 ἐλαττοῦται
1517 3203 1548 3262 τδι

255 3337 305 3406 τῆς
332 3337 417 3406 μονῆς
444 3329 490 3389 καί
517 3334 652 3408 τοσούτου,
681 3331 719 3401 ὡς
745 3335 794 3406 τῆς
819 3327 907 3387 πάλαι
933 3329 994 3389 κατ’
1018 3325 1156 3408 ἀμφότερα
1180 3329 1306 3407 εδπσρίας
1329 3328 1477 3387 ἀποπεσεῖν
1504 3325 1547 3384 καί

256 3452 344 3528 μηδὲν
367 3451 432 3528 μηδ’
449 3453 523 3524 όλως
547 3454 640 3522 σώζειν
664 3451 905 3528 ἀπομνημόνευμα.
932 3453 992 3511 τότε
1007 3451 1041 3526 δὴ
1061 3449 1108 3510 καὶ
1129 3451 1179 3522 τὰς
1195 3450 1223 3510 ἐν
1245 3456 1278 3532 τῃ
1297 3452 1372 3528 νήσῳ
1388 3447 1439 3526 Κῷ
1462 3448 1547 3522 μονὰς

256 3577 302 3633 τοῦ
323 3595 353 3632 τε
378 3571 499 3644 Ἀλσσυς
525 3571 646 3634 καὶτῶν
671 3572 800 3633 Σπονδῶν
828 3575 878 3632 ύπδ
903 3574 952 3648 τὴν
974 3575 1037 3633 καθ’
1059 3575 1134 3650 ἡμᾶς
1163 3572 1212 3648 μὲν
1241 3574 1395 3652 ἁχιωτοίτην
1418 3575 1464 3630 τού
1488 3571 1547 3629 θεοῦ

257 3695 406 3770 ἐκκλησίαν
432 3695 579 3775 τελούσας,
607 3696 646 3768 ὡς
671 3695 833 3775 τὴνάρχὴν
861 3694 906 3756 ἐπὶ
931 3695 1119 3776 πατριαρχιιιῷ
1146 3693 1334 3775 σταυροπηγίῳ
1357 3690 1547 3773 ἀνιδρυθείσας,

255 3816 489 3898 προσκυρωθείσας
512 3816 543 3876 δέ
558 3839 592 3896 γε
614 3819 696 3900 ταύτῃ
703 3865 711 3898 ,
734 3817 782 3892 τἠν
806 3817 856 3893 μὲν
878 3821 923 3876 τοῦ
938 3815 1053 3889 Ἄλσους
1076 3817 1149 3898 παρὰ
1170 3820 1216 3877 τού
1240 3816 1434 3892 δομησαμένου
1456 3815 1547 3886 αἰπήν,

260 3939 376 4019 δατέραν
404 3938 435 3998 δέ
464 3939 538 4018 παρὰ
564 3941 610 3999 τοῦ
637 3937 758 4014 ἀοιδίμου
793 3939 822 3998 ἐν
848 3943 1027 4018 πατριάρχαις
1052 3945 1132 4020 κυροῦ
1155 3939 1293 4020 Ἀρσενίου
1324 3937 1352 3996 ἐν
1378 3933 1548 4014 σιγιλλιώδει

258 4060 361 4120 ἐκείνου
388 4065 543 4140 γράμματι,
573 4064 650 4120 τούτο
682 4062 741 4140 μέν,
771 4059 815 4118 ἵνα
847 4059 894 4120 καὶ
923 4061 1068 4134 βελτίωσιν
1095 4063 1185 4138 ἔχοιεν
1216 4057 1247 4132 ἐξ
1274 4063 1370 4140 αὐτῆς,
1398 4060 1546 4138 ἐπείπερό

256 4179 358 4261 φθάσας
390 4185 490 4262 χρόνος
522 4181 560 4254 εἰς
591 4183 709 4260 ἐσχάτην
740 4182 854 4263 ἀπορίαι
883 4184 982 4254 ταύτας
1014 4185 1166 4259 συνήλασε·
1194 4186 1271 4242 τούτο
1299 4182 1340 4262 δέ,
1368 4184 1413 4242 ἵνα
1439 4182 1487 4242 καί
1511 4180 1547 4252 εἰς

255 4303 438 4384 κρησφύγετον
462 4299 517 4364 εἷεν
545 4306 626 4387 ταύτῃ
652 4309 711 4375 ταῖς
739 4305 846 4384 ἐφόδοις
872 4307 1123 4387 περιστοιχιζομένη
1150 4311 1203 4364 τῶν
1230 4305 1301 4365 κατὰ
1324 4306 1462 4366 θάλατταν
1485 4325 1546 4364 πει-

256 4431 351 4504 ρατῶν.
381 4429 443 4487 τότε
473 4423 518 4486 οὖν
550 4433 581 4510 τῇ
610 4433 656 4486 τοῖν
683 4427 853 4498 κωλύσοντος
884 4427 984 4512 ἐρημίᾳ
1014 4427 1134 4511 ἀφῃρέθη
1164 4429 1263 4505 ταύτης
1290 4429 1307 4502 ἡ
1339 4427 1470 4509 εἰρημένη
1502 4433 1549 4500 τῆς

257 4550 368 4625 Πσίτμου
391 4551 459 4624 μονὴ
486 4547 532 4608 καί
555 4546 586 4620 ἐξ
609 4549 711 4608 ἐκείνου
737 4550 837 4609 τούτων
864 4553 985 4629 στέρησιν
1013 4553 1156 4626 ύπομένει·
1184 4551 1232 4612 καὶ
1253 4555 1317 4632 γάρ,
1346 4554 1385 4623 ὡς
1411 4557 1459 4625 τῆς
1488 4549 1546 4609 κατ’

257 4671 350 4742 αὺτούς
376 4673 474 4747 ταύτης
501 4677 586 4746 μονῆς
613 4671 659 4728 σύν
686 4670 741 4749 θεῷ
770 4669 808 4743 είς
830 4673 970 4753 προκοπὴν
997 4675 1141 4754 προϊούσης
1164 4681 1216 4734 τῶν
1239 4695 1267 4733 τε
1291 4679 1481 4750 πνευματικῶν
1504 4669 1549 4732 καὶ
