3186 5286
1283 361 1348 427 375

61 553 99 622 π’,ν
121 550 172 630 γὰρ
195 549 252 610 τῶν
276 553 510 628 ἐκκλησιαστικῶν
532 557 701 632 πραγμάτων
723 556 886 634 προστασίαν
909 559 964 625 τοῖς
987 556 1143 626 ἐπισκόποις
1167 556 1348 636 ἐπιτρέπουσιν

61 671 79 730 οί
98 674 163 732 θεῖοι
184 671 233 732 καί
258 673 324 754 ἱεροί
347 677 424 750 νόμοι
446 673 493 734 καὶ
516 678 641 752 κανόνες,
664 675 711 734 τόν
730 681 776 736 τοῦ
799 677 861 736 θεοῦ
884 675 966 754 φόβον
987 671 1160 754 προτίθεσθαι
1182 677 1347 736 διακελευό-

60 813 135 871 μενοι,
159 794 214 874 ἵνα,
239 793 266 854 εί
287 815 321 874 γε
345 795 461 876 δέοιντο,
484 795 531 856 καί
554 794 628 856 αύτοὶ
643 797 888 878 ἀπολαμβάνωσιν,
911 798 941 856 δν
963 799 1061 876 τρόπον
1085 799 1099 856 ό
1121 796 1168 872 λη’
1184 803 1238 856 τῶν
1261 797 1347 875 ἁγίων

60 914 207 974 ἀποστόλων
231 917 322 975 κανῶν
346 915 392 976 καὶ
416 917 430 976 ό
452 914 497 976 κε’
519 923 569 992 τῆς
593 919 621 977 ἐν
645 915 802 1000 Ἀντιοχείᾳ
824 918 899 998 ἱερᾶς
922 917 1034 978 συνόδου
1060 917 1108 978 καὶ
1130 919 1148 994 ἡ
1172 919 1201 978 ἐν
1223 919 1344 994 Χαλκη-

59 1035 114 1101 δόνι
141 1037 171 1096 ού
199 1037 253 1112 μὴν
281 1035 358 1096 ἀλλά
384 1036 503 1114 καὶτῆς
530 1039 559 1097 ἐν
582 1038 684 1120 Νικαίᾳ
708 1041 721 1098 ό
744 1060 774 1098 τε
804 1037 840 1098 ια’
863 1038 910 1098 καί
932 1041 947 1097 ό
970 1036 1004 1114 ιβ’
1027 1039 1146 1114 καὶτῆς
1171 1039 1199 1098 ἐν
1222 1040 1347 1122 Ἀγκύρρ

58 1157 83 1214 ιε’
104 1156 149 1216 καί
173 1157 187 1216 ό
210 1157 255 1232 μθ
279 1163 333 1218 τῶν
357 1159 386 1217 ἐν
408 1159 545 1238 Τρούλλῳ
571 1159 618 1220 καί
642 1160 725 1220 ἄλλοι
747 1161 870 1220 πλεῖστοι
895 1163 952 1220 όσοι
974 1158 1068 1220 σεπτοί
1090 1162 1168 1234 νόμοι
1190 1158 1238 1218 καί
1260 1161 1345 1219 κανό-

56 1299 92 1348 νες
111 1285 201 1358 σαφῶς
225 1279 362 1358 φαίνονται
385 1281 433 1354 τῆν
455 1285 509 1340 τῶν
531 1279 612 1360 ἱερῶν
636 1281 823 1361 μοναστηρίων
848 1279 969 1354 ἐξουσίαν
991 1285 1049 1352 τοῖς
1073 1282 1229 1354 ἐπισκόποις
1253 1281 1345 1341 διδόν-

56 1419 105 1475 τες,
131 1403 201 1460 ῶοτε
229 1402 454 1477 μεταλαμβάνειν
482 1401 533 1475 μέν
560 1403 607 1462 καί
635 1403 730 1473 αύτούς
757 1407 811 1462 τῶν
839 1403 966 1480 δεόντων,
994 1401 1022 1461 εί
1038 1424 1073 1482 γε
1097 1403 1210 1482 δέοιντο,
1235 1401 1274 1474 είς
1296 1403 1346 1474 τὰς

57 1522 146 1578 ἑαυτῶν
168 1523 274 1602 γρείας,
297 1524 346 1598 τῆν
370 1523 401 1582 δὲ
424 1525 493 1604 πρός
516 1525 608 1584 ἐκεῖνα
632 1525 792 1600 ἐπιμέλειαν
816 1523 947 1603 μεγίστην
963 1545 992 1583 τε
1013 1524 1059 1583 καί
1082 1526 1120 1596 ὡς
1140 1525 1201 1583 θεοῦ
1223 1525 1343 1603 ἐφορῶν-

55 1661 94 1713 τος
124 1645 273 1724 ποιεῖσθαι,
317 1645 361 1703 ἵνα
393 1647 607 1724 προστατεύωοιν
639 1646 725 1705 αύτῶν
763 1643 811 1706 καί
841 1645 1000 1720 οἰκονόμους
1033 1643 1080 1704 καί
1112 1645 1268 1725 ἐπιτρόπους
1298 1643 1345 1704 καί

54 1765 212 1840 ἡγουμένους
235 1765 448 1826 ἀποκαθιστιῦσιν
474 1767 502 1826 έν
526 1769 615 1838 αυτοῖς
637 1768 733 1839 καλῶς
759 1767 821 1848 περί
848 1775 898 1844 τῆς
926 1763 1067 1840 αυξῆσεως
1094 1765 1141 1827 καί
1169 1767 1344 1840 βελτιώσεως

54 1887 141 1944 τούτων
166 1887 391 1966 ἐπιμελούμενοι,
419 1889 462 1946 ἵνα
490 1890 528 1964 μὴ
552 1889 587 1947 δι’
611 1889 747 1962 ἀμέλειαν
771 1891 864 1966 ἔνοχοι
886 1891 1019 1966 γένωνται
1040 1891 1097 1960 τοῖς
1122 1887 1229 1946 ἐκτῶν
1252 1888 1344 1962 νόμων

54 2007 194 2090 ἐπιτιμίοις,
218 2008 242 2068 οἱ
264 2009 295 2068 δέ
317 2007 465 2088 οἰκονόμοι,
488 2010 635 2087 ἡγούμενοί
649 2031 680 2070 τε
702 2009 749 2070 καί
773 2009 908 2088 ἐπίτροποι
932 2011 1096 2085 διαμένωσιν
1118 2011 1168 2068 ῦπό
1191 2009 1239 2083 τῆν
1264 2007 1343 2082 ἐξου-

53 2129 104 2186 σίαν
129 2135 182 2188 τῶν
212 2129 365 2190 ἐπισκόπων
393 2129 439 2190 καὶ
463 2125 528 2209 δίχα
549 2138 599 2206 τῆς
622 2130 717 2203 ἀδείας
741 2134 827 2191 αἰετῶν
851 2134 922 2204 μήτε
944 2133 1059 2191 πωλῶσι
1082 2132 1297 2209 μοναστηριακόν
1319 2151 1344 2188 τι

52 2257 144 2330 κτῆμα,
168 2251 236 2310 ἀλλ’
260 2251 421 2328 οίκονομῶσι
443 2254 540 2324 καλῶς
561 2255 635 2334 παρὰ
658 2255 706 2328 τῆν
730 2253 842 2312 ἐκείνων
866 2253 980 2332 όδηγίαν
1003 2251 1050 2312 καί
1074 2253 1178 2332 ἀδειαν,
1207 2253 1281 2321 όπως
1305 2252 1343 2326 μὴ

51 2371 91 2429 καὶ
123 2371 195 2432 αὐτοί
229 2375 268 2444 ῶς
302 2374 497 2452 ἀνατρέποντες
529 2375 590 2445 τούς
621 2373 864 2450 ἐκκλησιαστικοὺς
896 2375 1005 2446 τούτους
1035 2375 1113 2454 όρους
1148 2371 1195 2432 καί
1225 2375 1343 2444 κανόνας

53 2493 201 2570 βαρυτέτοις
223 2494 376 2554 ύποπέσωσι
398 2498 454 2566 τοῖς
478 2495 619 2570 ἐπιτιμίοις
640 2494 687 2555 καί
709 2495 860 2576 τιμωρίαις.
884 2499 968 2556 ταῦτα
989 2497 1040 2570 μὲν
1061 2493 1105 2554 οὖν
1126 2493 1150 2553 οἱ
1172 2496 1239 2554 θεῖοι
1264 2494 1342 2568 νόμοι

54 2614 233 2692 ἀποφαίνονται
259 2613 321 2694 περὶ
346 2621 400 2675 τῶν
424 2616 504 2694 ἱερῶν
527 2615 723 2695 μοναστηρίων,
751 2619 852 2676 τούτων
879 2617 911 2676 δὲ
938 2619 972 2676 τά
1000 2619 1051 2692 μὲν
1078 2619 1134 2687 τοῖς
1161 2617 1232 2674 κατὰ
1258 2618 1340 2674 τόπον

52 2735 260 2816 ἐπιτετραμμένα
287 2737 414 2816 ἑνοριακά
441 2737 489 2796 καί
517 2739 706 2817 προσηκούσης
734 2739 941 2818 ἀρχιερατικῆς,
975 2741 1014 2809 ώς
1041 2735 1130 2816 εἰκός,
1163 2736 1205 2796 ἐπ’
1229 2733 1341 2810 αύξῆσει

52 2861 170 2934 τνγγάνει
200 2857 373 2936 ἐπιμελείας,
403 2859 473 2933 μόνα
501 2859 532 2918 δέ
555 2859 589 2917 τά
610 2864 643 2938 τῇ
666 2864 888 2939 σταυροττηγιακῇ
923 2855 980 2938 ’ξίρ
1001 2859 1169 2934 τετιμημένα
1192 2859 1240 2916 ούκ
1263 2855 1341 2916 σίδα-

53 2999 96 3050 μεν
118 2981 192 3050 ὅπως
213 2981 265 3058 πρό
288 2981 395 3058 χρόνων
421 2979 537 3040 πολλῶν
565 2981 769 3062 παρημέληται,
794 2978 841 3038 καὶ
865 2980 926 3039 δέον
949 2979 988 3050 ώς
1011 2981 1073 3038 θεοῦ
1097 2979 1247 3057 ἐφορῶντος
1270 2977 1340 3038 διοι-

51 3101 145 3160 κεῖσθαι
175 3101 243 3160 οιύτά
268 3099 315 3160 καί
343 3101 376 3160 ἐκ
401 3103 501 3173 παντός
528 3104 626 3180 τρόπου
655 3101 815 3176 ἐπιμελείας
842 3105 892 3177 τῆς
923 3101 1060 3179 ἀναλόγου
1088 3097 1235 3177 ἀξιοῦσθαι,
1267 3102 1341 3172 όπως

53 3223 133 3292 αὀτοίς
155 3227 210 3282 τῶν
238 3221 350 3298 ἀγαθῶν
376 3223 409 3281 τά
437 3221 487 3296 μὲν
515 3223 670 3302 Ιἀπείργονται
698 3222 823 3303 διαμένῃ,
846 3227 1016 3300 περιποιῆσαι
1045 3220 1076 3280 δέ
1097 3221 1132 3280 τδι
1153 3221 1340 3301 προσγενησό-

52 3363 114 3416 μενα
138 3345 180 3422 ἀν,
204 3349 257 3402 τῶν
282 3343 312 3402 δὲ
335 3344 446 3421 φαύλων
469 3345 502 3403 τά
525 3345 575 3417 μέν
597 3347 731 3424 προσόντα
754 3345 1001 3423 ἀποδιοπομπῆται,
1028 3343 1063 3402 τά
1087 3343 1118 3403 δὲ
1143 3344 1339 3419 συμβησόμενα

52 3467 79 3522 ἀν
93 3465 306 3526 διακωλύωνται.
330 3466 454 3541 τοιαύτην
475 3464 520 3524 σύν
540 3467 610 3524 κατά
630 3469 729 3540 νόμους
749 3472 802 3526 τῶν
823 3466 889 3545 ύπέρ
910 3467 996 3525 αύτῶν
1016 3467 1124 3525 πάντων
1148 3471 1201 3524 τῶν
1225 3486 1340 3544 σταυρο-

51 3594 187 3664 πηγιακῶν
217 3589 297 3662 ημῶν
328 3587 513 3667 μοναστηρίων
544 3589 665 3648 καθόλου
695 3587 820 3669 φροντίδα
850 3587 1065 3663 κατεβάλλομεν
1098 3588 1241 3664 ἐκθέμενοι
1270 3588 1342 3648 κατὰ

51 3711 134 3784 κοινὴν
156 3711 271 3788 γνώμην
297 3708 345 3768 καί
372 3709 514 3784 συνοδικῆν
543 3711 685 3786 διάγνωσιν
709 3709 779 3789 ἱερόν
802 3712 895 3788 τόμον,
919 3709 1134 3788 ἀποφαινόμενον
1158 3711 1264 3790 αονῳδά
1285 3713 1341 3781 τοῖς

52 3827 123 3906 ἱεροῖς
146 3833 242 3905 νόμοις
264 3829 310 3888 καί
333 3833 389 3899 τοῖς
412 3825 467 3890 ώδε
490 3833 673 3910 γραφομένοις
694 3829 757 3912 περὶ
779 3837 829 3906 τῆς
850 3829 889 3902 είς
906 3833 936 3890 τό
960 3827 1024 3907 ἑξῆς
1048 3832 1157 3911 ἀρίστης
1181 3831 1341 3904 διοικήσεως

52 3951 156 4012 ἑκάσπου
187 3957 422 4030 σταυροπηγιακού
453 3953 632 4033 μοναοτηρίου
661 3952 708 4012 καὶ
741 3953 867 4028 εύνομίας
897 3958 950 4012 τῶν
981 3953 1155 4026 ἀσκουμένων
1188 3954 1341 4012 όσιωτοίπων

50 4076 165 4151 πατέρων
192 4071 240 4132 καί
266 4079 315 4148 τῆς
344 4073 459 4147 δυνατῆς
486 4074 659 4152 ἀντιλήψεως
685 4073 732 4134 καί
760 4075 862 4149 ἀμέσου
889 4075 1054 4153 προστασίας
1082 4076 1167 4133 αύτῶν
1194 4073 1269 4154 παρά
1291 4079 1341 4149 τῆς

50 4195 104 4252 καθ’
123 4197 199 4270 ἡμᾶς
230 4197 276 4252 τοῦ
303 4195 418 4272 Χριστοῦ
446 4197 574 4272 μεγάλης
598 4196 749 4270 ἐκκλησίας
773 4196 949 4265 ἀνανεοῦντες
970 4197 1004 4254 τά
1026 4194 1182 4272 παλαιγενῆ
1205 4215 1339 4274 πατριαρ-

49 4317 109 4390 χικά
136 4313 182 4376 καί
209 4315 337 4375 συνοδικά
361 4317 447 4374 αὐτῶν
470 4315 594 4394 σιγίλλια
624 4315 729 4395 δωρεάν
752 4313 799 4373 καί
823 4315 1010 4394 ἐπικυρούντες
1035 4312 1107 4386 ἅπαξ
1129 4315 1162 4374 τὰ
1186 4335 1340 4394 σταυροπη-

50 4439 127 4513 γιακά
151 4440 238 4497 αύτῶν
260 4439 394 4516 προνόμιοι
417 4435 456 4508 είς
479 4437 592 4512 διηνεκῆ
617 4439 775 4514 συντήρησιν
794 4437 881 4495 αύτῶν
904 4433 951 4494 καί
975 4431 1135 4514 ἀσφάλειαν,
1160 4437 1198 4510 μὴ
1223 4434 1341 4510 δεόμενοί

51 4577 109 4618 ποτε
136 4561 315 4631 ἀνανεώσεως
342 4559 389 4618 καί
413 4554 613 4638 ἐπικυρώσεως,
642 4559 680 4630 ώς
706 4557 754 4618 καὶ
780 4557 909 4636 περὶτοῦ
933 4557 961 4616 ἐν
984 4563 1017 4636 τῆ
1040 4559 1116 4637 νήσῳ
1141 4557 1245 4636 Πάτμῳ
1268 4555 1340 4636 ἱεροῦ

50 4681 90 4738 ναί
112 4681 270 4762 σεβασμίου,
299 4681 442 4756 βασιλικοῦ
464 4679 510 4739 καὶ
537 4681 671 4759 ἡμετέρου
698 4681 894 4760 πατριαρχικοῦ
921 4677 967 4738 καί
995 4683 1228 4758 σταυροτπηγιακοῦ
1252 4698 1339 4752 μονα-
