3186 5286
256 351 321 416 402

257 547 282 604 ei
303 546 448 606 centiens.
472 547 561 604 Iddio
585 547 615 605 di
642 547 698 604 mal
723 547 754 606 vi
778 545 891 620 guardi.
916 545 992 604 Dat.
1009 546 1041 604 al
1063 549 1183 604 nostro
1199 545 1395 603 Belvedere
1411 561 1545 620 spressc

257 653 347 710 Pera
366 651 400 708 di
417 650 715 727 Costentinopoli‚
740 652 771 708 al
794 648 829 708 di
845 651 903 708 IX.
924 650 959 708 di
982 649 1128 724 maggio,
1153 649 1381 708 annemundi
1404 649 1545 706 creatio·

258 755 596 814 nisVMCCCXXXII
619 799 821 814 .......
846 755 1091 814 Μ,1).Ι,ΧΧΙΙ.
1177 803 1180 810 ,
1273 842 1318 898 Jh
1351 841 1379 898 N
1430 839 1436 850 Ι

1321 885 1328 898 .
1385 859 1449 898 aer.

363 951 390 1005 A
412 951 511 1022 tergo:
544 948 587 1004 sl
614 952 723 1022 mag⁰⁰
745 948 787 1004 n.
810 945 953 1004 Nicollo
983 945 1018 1002 di
1042 945 1166 1018 hiarin,
1199 951 1320 1002 nostro
1350 945 1476 1002 char¹¹²⁰
1498 964 1546 1017 gc-

258 1059 430 1112 vernatcr
452 1053 635 1126 generalla
658 1051 693 1109 di
717 1051 834 1110 Nexia
857 1056 913 1108 etc.
1332 1067 1367 1124 v,
1389 1066 1508 1124 Nem,

362 1169 468 1220 Archet.
488 1169 570 1222 chart.
590 1186 651 1220 cum
670 1169 768 1236 sigillo,
793 1169 864 1234 quod
887 1169 969 1218 habet
987 1167 1091 1218 litteras
1110 1166 1286 1218 lOSEPHVS
1305 1166 1389 1216 unci
1409 1205 1414 1215 .
1434 1165 1458 1214 D
1478 1206 1483 1215 .
1502 1165 1546 1214 h.

258 1256 360 1308 IDASS
376 1295 381 1307 .
396 1257 459 1306 Ill.
478 1257 573 1322 Bayst,
592 1273 640 1306 nro
659 1259 701 1318 30,
719 1273 744 1324 p.
767 1257 910 1308 let-ret.

474 1447 549 1512 XV.
574 1446 800 1532 ‘roal-1573,
822 1447 874 1512 23.
898 1449 1018 1512 mensis
1041 1448 1176 1511 ianuarii
1199 1444 1274 1530 [ind.
1299 1445 1335 1529 I].

260 1572 335 1636 Papa
356 1571 502 1636 Gregorius
525 1571 597 1620 XIII.
616 1570 772 1621 adhortatur
799 1585 891 1622 omnes
915 1569 1012 1620 Christi
1036 1570 1137 1633 fideles,
1159 1576 1192 1620 ut
1214 1571 1279 1622 dent
1301 1571 1397 1636 stipem
1425 1576 1548 1618 monaste·

651 1659 690 1708 ric
709 1674 725 1709 a
743 1659 838 1708 'Purcis
857 1659 889 1708 ad
909 1660 1025 1723 Inopiam
1045 1657 1161 1708 redacto.

365 1785 524 1859 Gregorius
546 1786 708 1862 episcopus,
733 1805 834 1846 servus
857 1804 1009 1844 servorum
1033 1783 1099 1854 Dei,
1124 1783 1270 1842 universis
1287 1781 1397 1840 Christi
1421 1781 1548 1839 fidelibus

262 1895 432 1967 praesentes
455 1891 507 1947 has
530 1889 706 1966 inspecturis
730 1891 853 1948 salutern
876 1895 907 1948 et
928 1889 1117 1966 apostolicam
1139 1887 1385 1946 benedictionem.
1417 1887 1502 1944 Licet
1522 1886 1548 1942 in

263 1995 419 2054 desideriis
434 1996 531 2052 cordis
545 1996 639 2054 nostri
656 2015 692 2054 ea
706 1995 845 2054 continue
861 1995 1028 2054 sollicitudo
1043 1997 1187 2064 versetur,
1210 2000 1244 2052 ut
1262 1981 1395 2052 fidelium
1418 2012 1547 2070 quorum·

263 2099 346 2170 libet,
378 2119 480 2158 eorum
502 2100 686 2176 praesertim,
719 2119 791 2177 quos
820 2101 944 2160 adverse
971 2100 1090 2158 fortune
1110 2097 1242 2156 conditio
1265 2097 1383 2175 premit,
1415 2105 1548 2175 quantun

263 2205 346 2262 nobie
369 2223 408 2261 ex
430 2205 490 2262 elto
513 2203 694 2274 comeditur,
719 2204 886 2262 necessitati
909 2221 1120 2273 succurramus,
1144 2209 1244 2260 tamen
1266 2207 1416 2260 crescente
1438 2204 1469 2260 iu
1492 2203 1548 2259 dies

262 2308 497 2366 calamitosorum
525 2307 717 2366 multitudine
747 2309 784 2365 ad
813 2307 1000 2384 apostolicam
1030 2308 1131 2366 sedem
1157 2311 1296 2384 tanquam
1327 2313 1494 2384 promptum
1524 2317 1547 2362 et

262 2413 460 2472 universalem
483 2412 716 2488 periclitantium
735 2418 852 2488 port-nm
868 2418 898 2470 et
914 2413 1061 2487 singulare
1077 2412 1239 2488 presidium
1256 2414 1293 2470 de
1309 2413 1436 2472 diversis
1452 2411 1547 2470 mundi
1578 2397 1579 2422 ¹

263 2517 396 2592 partibus
425 2515 642 2574 recurrentium
670 2537 855 2594 nequaquam
888 2536 941 2592 per
963 2518 1023 2576 Nos
1053 2518 1129 2592 ipsos
1157 2517 1200 2576 eis
1230 2537 1400 2576 succurrere
1426 2519 1551 2578 valenles
1578 2495 1579 2514 ἶ

264 2620 407 2694 singulari
430 2641 500 2696 erga
523 2621 589 2678 illos
611 2621 814 2680 misericordia
836 2621 974 2680 commoti
998 2621 1048 2697 pia
1069 2641 1121 2697 pro
1142 2621 1215 2698 ipsis
1230 2621 1456 2680 christianorum
1470 2620 1550 2678 auxi·
1578 2695 1579 2702 ἵ

263 2724 305 2782 1ἱιι
327 2725 460 2798 cogimur
482 2726 649 2802 implorare.
673 2726 776 2801 Nuper
798 2725 945 2802 siquidem
964 2725 1162 2783 referentibus
1182 2725 1300 2784 dilectis
1315 2725 1395 2797 filiis,
1419 2725 1552 2784 Gedecne
1578 2703 1579 2752 i

263 2829 474 2888 hierodiacouo
497 2836 528 2887 et
550 2831 646 2888 Blasio
669 2831 812 2888 monacho
836 2829 1006 2888 monasterii
1032 2830 1130 2888 Sancti
1155 2829 1275 2888 Ioannis
1299 2829 1488 2904 Evangeliste
1510 2828 1550 2884 in·

264 2934 327 2991 sule
350 2935 477 3006 Patmos,
501 2934 553 3011 qui
576 2935 612 2992 ed
637 2935 697 2992 Nos
721 2939 752 2994 et
773 2935 935 2994 Romanam
959 2934 1078 2992 Curiam
1100 2954 1131 2992 se
1154 2935 1350 3005 contulerunt,
1381 2933 1549 3010 accepimns,
1578 2953 1579 2960 ¹

265 3043 386 3115 quantus
410 3040 591 3096 calamitates
615 3041 709 3114 ipsum
734 3039 955 3110 monasterium,
986 3058 1040 3096 nec
1062 3057 1121 3096 non
1146 3039 1176 3096 in
1199 3058 1234 3096 eo
1252 3041 1397 3114 degentes
1426 3037 1549 3112 religiosi

264 3145 300 3200 ab
328 3143 501 3219 inexplebili
525 3143 685 3200 'furcarum
708 3143 835 3202 avaritia
862 3149 893 3200 et
915 3143 1091 3200 crudelitate
1114 3143 1255 3201 hactenus
1282 3143 1412 3220 perpessi
1436 3145 1504 3215 sint,
1526 3147 1549 3198 ct

237 3309 241 3317 ,
264 3247 301 3304 ad
325 3267 413 3325 quam
433 3247 572 3323 inopiam,
596 3251 630 3304 ut
649 3267 680 3304 se
699 3248 735 3304 ab
751 3246 881 3322 ipsorum
896 3247 1057 3305 'Parcarum
1073 3247 1216 3306 molestiis
1231 3247 1423 3318 redimerent,
1448 3247 1550 3305 fuerint

265 3351 377 3409 redacti
402 3351 452 3422 ite,
476 3355 510 3408 ut
533 3351 591 3408 nisi
615 3351 786 3408 eorumdem
809 3351 1015 3425 religiosorum
1038 3351 1262 3410 necessitatibus
1284 3373 1337 3429 per
1352 3352 1465 3409 Christi
1487 3351 1550 3407 fide·
1578 3391 1579 3396 κ

265 3455 339 3512 lium
362 3455 502 3530 suffragia
525 3459 719 3526 succurratur,
751 3454 839 3512 facile
869 3455 1003 3514 futurum
1026 3457 1075 3527 sit,
1099 3461 1133 3514 nt
1155 3457 1250 3532 ipsum
1273 3457 1495 3524 monesterium,
1526 3455 1551 3510 in

267 3578 333 3638 quo,
361 3559 432 3618 licet
454 3560 485 3617 in
515 3558 648 3638 faucibus
673 3558 840 3636 impiissimi
863 3559 1017 3618 christiani
1045 3560 1172 3618 nominis
1198 3561 1301 3632 hostis,
1325 3562 1486 3620 Ibrrcarum
1512 3565 1552 3636 ly·

266 3663 361 3734 renni,
393 3663 498 3740 posito,
529 3665 681 3742 hucusque
708 3664 764 3721 Dei
790 3664 973 3739 benignitate
1008 3665 1168 3724 christiane
1201 3665 1354 3741 religionis
1384 3667 1479 3724 cultus
1502 3663 1551 3721 ruit

268 3772 465 3840 conservatus,
496 3768 633 3828 deserere
662 3773 805 3844 cogantur
833 3769 865 3826 in
896 3770 991 3826 cultus
1022 3769 1118 3828 divini
1149 3769 1379 3830 diminutionem
1409 3775 1439 3828 et
1468 3769 1551 3826 etiarn
1578 3803 1579 3826 ι

269 3871 511 3946 Christianorum,
535 3873 587 3952 qui
609 3873 775 3952 aliquande,
799 3879 832 3930 ut
854 3874 1015 3932 Turcarum
1038 3893 1141 3932 manus
1164 3874 1318 3950 effugiant,
1351 3893 1386 3932 eo
1409 3875 1553 3951 appellunt

268 3981 299 4035 et
321 3979 357 4035 ab
380 3977 451 4054 ipsis
473 3977 619 4052 religiosis
640 3976 824 4053 recipiuntur
846 3982 877 4036 et
899 3979 1076 4037 charitative
1099 3983 1271 4050 tractantur,
1295 3977 1484 4036 manifestum
1514 3976 1552 4034 di·
1578 3989 1579 3992 ’

267 4075 403 4140 ιεοιίιιιιιιι.
429 4081 526 4146 Quare
548 4083 618 4154 Nos,
642 4081 693 4158 qui
717 4081 797 4138 illius
819 4081 899 4142 vices
921 4082 992 4141 licet
1014 4082 1158 4140 immeriti
1180 4083 1310 4158 gerimus
1333 4083 1364 4140 in
1387 4084 1483 4153 terris,
1507 4081 1551 4157 qni
1578 4133 1579 4138 ,

269 4187 305 4243 ad
342 4188 511 4263 centuplum
546 4187 608 4263 pias
642 4186 831 4262 elargitiones
859 4206 910 4244 sua
941 4187 1053 4263 pietate
1085 4193 1253 4246 remuneret
1280 4193 1311 4245 et
1337 4185 1473 4246 fidelibus
1500 4183 1554 4242 suis
1578 4199 1579 4202 ’

270 4292 362 4350 multo
385 4291 504 4362 maiora,
528 4311 614 4370 quam
636 4293 756 4351 valeant
775 4293 946 4368 promereri,
971 4291 1119 4362 retribuit,
1143 4293 1179 4350 ad
1196 4292 1303 4370 prefati
1320 4291 1493 4350 monasterii
1508 4281 1553 4372 [st]
1578 4353 1579 4358 ἵ

271 4397 438 4454 eorumdem
461 4395 665 4472 religiosorum
688 4395 942 4454 manutentionem
957 4415 1141 4472 summopere
1156 4397 1284 4472 providi,
1308 4416 1409 4454 omues
1425 4395 1554 4454 christis·
1578 4385 1579 4388 ¹

272 4518 322 4557 nos
338 4499 493 4576 principes,
506 4501 642 4576 prelatos,
660 4499 850 4558 ecclesiarum
865 4505 993 4558 rectores
1010 4519 1063 4558 nec
1080 4520 1138 4558 non
1153 4501 1226 4560 elios
1241 4502 1440 4578 quoscumque
1454 4501 1554 4558 utrius·

271 4623 328 4680 que
343 4621 431 4660 sexus
447 4602 557 4660 Christi
581 4601 683 4660 fideles
705 4621 762 4679 quo
784 4621 933 4679 possumus
956 4603 1065 4662 affectu
1086 4606 1240 4664 hortemur
1261 4607 1293 4664 in
1309 4605 1436 4664 Domino
1458 4611 1490 4664 et
1512 4623 1555 4680 pe·

271 4711 355 4762 ierne
378 4705 563 4780 requirimus,
599 4711 633 4762 ut
655 4707 774 4780 pietatis
797 4707 894 4764 studio
924 4712 954 4764 et
983 4708 1203 4768 misericordiae
1234 4710 1372 4771 commoti
1406 4729 1458 4786 pro
1489 4708 1555 4767 dicti
1578 4739 1579 4784 3
