3184 5288
352 545 383 632 [†
407 545 467 634 Ἐν]
483 549 594 624 ὀνόματι
608 553 655 610 τοῦ
669 551 771 630 πατρὸς
787 549 833 610 καί
848 555 894 611 τοῦ
909 550 965 612 υἱοῦ
981 549 1027 612 καί
1046 557 1092 612 τοῦ
1112 552 1190 630 άγίου
1209 554 1378 628 πνεύματος·
1400 553 1528 632 Ἀχιλλιος

246 671 431 747 ὁΛιμενίτης
458 673 543 748 ὁτίγν
567 671 635 732 ἰδίαν
662 673 802 753 προταγὴν
833 671 921 756 οἰκείᾳ
953 671 1026 754 χειρί
1052 672 1299 754 προσημηνάμενος
1328 676 1378 750 τὴν
1409 681 1527 756 παροῦσαν

248 793 386 874 ἔγγραφον
408 791 454 852 καί
478 794 661 874 ἐνυπόγραρον
688 795 811 874 καθαράν
839 795 962 854 διάλυσιν
989 794 1036 854 καί
1058 796 1218 871 συμβίβασιν
1242 805 1290 873 τῆς
1312 798 1434 858 κάτωθεν
1456 799 1527 877 ῥηθη-

247 917 367 991 σομένης
393 916 547 987 ὑποθέσεως
573 911 665 990 τίθημι
688 915 734 976 καί
757 922 826 976 τοιῶ
850 917 920 992 μετὰ
937 920 1042 990 παντὸς
1064 922 1111 978 τοῦ
1134 919 1233 999 μέρους
1254 925 1308 978 τῶν
1335 919 1471 998 διαδόχων
1494 920 1529 978 καὶ

247 1037 427 1116 κληρονόμων
455 1058 517 1116 μου,
549 1040 597 1098 οῦκ
629 1039 663 1098 ἔκ
691 1035 775 1124 τι[νος
805 1036 941 1125 ἀνάγκ]ης
971 1044 989 1116 ἡ
1020 1037 1095 1125 βί[ας
1121 1044 1139 1115 ἦ
1167 1037 1262 1126 ρέ]βου
1291 1044 1467 1122 προκειμένου
1495 1041 1530 1101 καί

248 1157 443 1234 μέλλοντοςὴ
466 1161 694 1240 ὑποπτευομένου,
723 1158 790 1220 ἀλλ’
815 1162 881 1242 ἀρθῇ
905 1162 993 1243 βουλῇ
1016 1161 1063 1222 καί
1085 1165 1183 1245 γνώμῃ
1206 1185 1258 1237 μου
1279 1168 1313 1244 τῇ
1337 1163 1407 1239 μετὰ
1429 1185 1529 1243 μεμερι-

249 1283 390 1357 μνημένης
413 1283 538 1359 σκέψεως
560 1281 607 1342 καί
630 1282 773 1360 ἀποδοχῆς
801 1278 938 1368 μ[ονίμου]
966 1285 1033 1363 πρδς
1061 1285 1131 1359 ὑμᾶς
1157 1285 1218 1356 τοὺς
1246 1286 1328 1356 ὅλους
1353 1285 1473 1356 έπσίκσυς
1493 1283 1530 1344 καί

248 1423 360 1482 κ.ρο.
379 1425 448 1475 ,ους
477 1407 523 1464 τοῦ
553 1403 654 1484 χωρίου
685 1405 820 1484 Μένικος,
852 1405 886 1464 δι’
914 1405 989 1481 ὑμῶν
1021 1406 1052 1466 δὲ
1081 1405 1129 1465 καί
1152 1455 1324 1468 ......
1341 1427 1371 1466 ον
1398 1406 1444 1466 καί
1464 1407 1529 1466 παντί

248 1525 333 1604 μέρος
349 1529 411 1601 (εἰσ)
426 1524 473 1585 καί
492 1525 554 1597 τσθς
569 1527 759 1606 κληρονόμους
774 1525 820 1586 καί
836 1525 980 1605 διαδόχους
996 1526 1070 1603 ὑμῶν
1087 1529 1218 1606 ἅπαντας,
1235 1529 1273 1600 ὡς
1287 1529 1305 1602 ἡ
1321 1528 1445 1598 ἀπόθεσις
1459 1549 1530 1606 παρα·

248 1647 348 1706 κατιὼν
372 1646 506 1723 δηλώσει·
531 1645 577 1707 καί
599 1648 652 1726 γάρ
682 1647 813 1726 ἔγκλησιν
841 1651 1048 1724 συστησαμένων
1075 1651 1150 1724 ὑμῶν
1177 1651 1239 1709 κατ’
1263 1649 1330 1724 ἐμοῦ
1353 1647 1393 1721 εἰς
1414 1651 1445 1708 τὀ
1465 1670 1530 1728 περι-

248 1763 353 1854 ρ[ανὲς]
377 1765 570 1854 δικ[ασιηριον]
597 1773 643 1830 τοῦ
666 1771 916 1850 πανυπερλάμπρου
939 1770 1162 1851 πρωτοπρσέδρου
1184 1769 1231 1830 καί
1253 1773 1399 1830 κατεπάνω
1423 1772 1530 1849 Κρήτης,

247 1895 329 1970 κυροῦ
351 1888 478 1951 Ἰωάννου
503 1897 550 1952 τοῦ
573 1891 736 1970 Ἐλαδικοῦ,
765 1891 812 1950 καί
839 1889 939 1951 οἰκείου
962 1893 1102 1972 ἀνθρώπου
1128 1896 1175 1952 τοῦ
1202 1893 1280 1970 ἁγίου
1301 1895 1382 1969 ἡμῶν
1405 1893 1529 1954 αόθέντου.

248 2016 294 2072 τοῦ
316 2011 502 2085 πανσεβάστου
533 2013 664 2088 σεβαστοῦ
691 2014 817 2092 μεγάλου
845 2013 942 2085 δουκδς
970 2013 1016 2073 καί
1043 2013 1205 2095 πραίτωρος,
1228 2021 1309 2095 κυροῦ
1337 2015 1472 2090 Εἰιμαθίου
1495 2016 1532 2072 τοῦ
1581 2049 1584 2086 γ

249 2135 412 2214 Φιλοκάλη,
439 2133 487 2194 καί
510 2135 635 2194 αἰιθέντου
665 2137 754 2214 ἡμῶν,
786 2137 824 2207 ὡς
855 2132 930 2220 [πρὸ]
958 2137 1065 2217 χρένων
1097 2135 1235 2196 δεκαεπτὰ
1262 2135 1456 2215 ἀνεγερθέντος
1480 2135 1533 2212 παρ’
1583 2219 1584 2228 γ

249 2257 316 2331 ἐμοῦ
339 2261 516 2336 καινορανσῦς
540 2256 717 2337 ἐργαστηρίου
738 2257 766 2316 ἐν
789 2262 822 2338 τῇ
841 2261 886 2315 τοῦ
903 2258 1025 2328 Μένικος
1047 2255 1162 2335 ποταμῷ
1185 2259 1376 2337 κατεκρααηθη
1399 2258 1463 2337 παρ’
1479 2257 1534 2332 ἐμοῦ

248 2379 283 2437 τά
304 2378 399 2458 θδατα,
423 2381 441 2438 ἀ
464 2379 555 2456 εἴχετε
579 2377 652 2436 αὐτοὶ
677 2378 796 2458 ἀείποτε,
820 2377 854 2437 δι’
875 2373 913 2438 ὧν
936 2377 983 2438 καί
1004 2379 1038 2438 τά
1060 2377 1181 2453 ποτάμια
1203 2381 1279 2454 ὑμῶν
1300 2383 1429 2460 χωράρια
1449 2379 1534 2459 ἠρδεῦ-

250 2520 321 2577 οντο,
352 2504 564 2580 ρυτοκσμοῦντες
593 2499 622 2558 έν
653 2499 743 2571 αθτοϊς
772 2497 820 2558 καί
850 2498 1075 2578 κατασπείροντες
1106 2501 1276 2582 βαμβακηρά
1302 2521 1332 2560 τε
1362 2500 1409 2560 καί
1438 2500 1533 2580 κεχρίο,

249 2623 355 2702 κρέμυά
377 2643 408 2682 τε
434 2621 481 2682 καί
508 2620 622 2700 λάχανα
647 2622 694 2682 καί
721 2627 835 2682 παντοῖοι
864 2623 942 2683 ἀλλα
968 2624 1112 2704 σπέρματα
1140 2623 1192 2683 ἀπο
1216 2645 1245 2684 τε
1273 2623 1390 2703 δσπρίων
1416 2621 1462 2682 καὶ
1487 2621 1534 2680 λοι-
1583 2639 1584 2648 ³

249 2747 353 2826 χάνων,
376 2747 394 2803 αἰ
415 2743 569 2815 ποτίζεσθαι
593 2745 758 2823 ἐπάναγκές,
786 2743 834 2803 καὶ
855 2749 889 2827 τῇ
911 2741 1044 2825 καθήρξει
1066 2749 1112 2804 τοῦ
1133 2745 1252 2804 τοιούτου
1274 2745 1383 2824 ὓδατος,
1406 2743 1535 2804 ἀπωλέσαι

249 2869 332 2924 ταῦτα
355 2868 444 2925 πάντα
465 2864 513 2925 καί
537 2865 580 2926 ἐπὶ
602 2868 718 2948 χρένους
742 2868 798 2946 άρτι
827 2865 976 2944 δεκαεπτά,
1005 2869 1043 2937 ὡς
1066 2865 1179 2945 εἴρηται,
1202 2867 1409 2944 καθυστερείσθε
1435 2865 1533 2924 τοθτων.

249 2987 328 3047 ἀλλά
351 2987 405 3064 μὴν
427 2987 473 3048 καὶ
497 2989 593 3068 ἐτέρας
616 2989 790 3064 καινοτομίας
813 2991 863 3048 οῦκ
885 2989 984 3067 δλίγας
1011 2989 1157 3064 ὑποστῆναι
1180 2987 1219 3057 εἰς
1242 3009 1272 3046 τε
1294 2987 1356 3060 τοῦς
1379 2987 1536 3062 ἀμπελῶνας
1584 3041 1585 3076 3

249 3108 296 3168 καί
323 3109 357 3168 τά
380 3107 480 3190 δένδρα
505 3111 580 3186 ὑμῶν
609 3110 783 3190 διενίστασθε,
811 3113 850 3182 ὡς
878 3109 924 3168 καί
946 3111 1046 3169 τοθτων
1069 3109 1259 3188 ἀρδευομένων
1287 3109 1339 3168 ἀπο
1366 3113 1413 3168 τοῦ
1439 3108 1535 3176 ὓδατος,
1584 3127 1585 3142 ³

249 3229 297 3290 καὶ
323 3232 371 3308 την
399 3231 453 3290 ἀπδ
480 3235 527 3291 τοῦ
554 3233 637 3306 νέμου
665 3231 793 3306 βοήθειαν
824 3228 1014 3291 ἀνεκαλείσθε.
1048 3231 1179 3308 ἀχθέντος
1205 3231 1291 3290 τοίνυν
1318 3229 1408 3304 κάμοῦ
1435 3227 1479 3288 καὶ
1503 3225 1535 3304 τῷ

251 3353 414 3433 δικαστηρίῳ
441 3354 627 3432 παραστάντος
656 3351 701 3410 διὰ
723 3353 768 3412 τδν
796 3353 950 3432 βεστάρχην
974 3353 1103 3426 Ἰωάννην
1125 3355 1170 3411 τοῦ
1193 3352 1316 3412 Κολικοῦ
1344 3351 1373 3408 ἐν
1401 3349 1438 3430 τῷ
1466 3351 1535 3409 δικί-

250 3474 343 3544 ζεσθαι
373 3475 448 3549 ἡμᾶς
478 3474 646 3554 ἀμφοτέρους
675 3473 737 3553 περὶ
767 3473 817 3548 μὲν
847 3478 893 3533 τοῦ
923 3474 1065 3552 μίνλωνος,
1097 3475 1176 3544 αἰπδς
1207 3475 1222 3532 δ
1250 3470 1388 3548 δηλωθείς
1418 3473 1537 3545 αὐθέντης

251 3595 341 3675 ἡμῶν,
361 3595 377 3653 δ
396 3593 551 3675 κατεπάνω,
568 3597 791 3676 παραγενάμενος
807 3595 879 3654 κατὰ
897 3597 943 3654 τδν
959 3597 1049 3676 πέπον,
1067 3596 1395 3676 συμπαρομαρτυροῦντων
1411 3592 1481 3671 αθτῴ
1498 3598 1537 3650 τοῦ

249 3737 281 3776 τε
295 3717 501 3795 καθηγουμένου
523 3723 573 3792 τῆς
596 3715 748 3792 σεβασμίας
771 3723 858 3792 μονῆς
881 3721 927 3777 τοῦ
950 3717 980 3798 έρ
997 3761 1004 3778 .
1024 3765 1055 3778 ..
1079 3721 1160 3798 κυροῦ
1183 3715 1322 3794 Ἰωάννου,
1345 3721 1393 3776 τοῦ
1414 3713 1537 3796 προέδρου

250 3837 297 3898 καί
323 3838 526 3920 πριμμικηρίου,
554 3842 635 3919 κυροῦ
662 3836 807 3898 Βασιλείου
833 3843 879 3898 τοῦ
903 3838 1021 3918 Ἀρίβη,·
1041 3842 1087 3898 τοῦ
1115 3839 1262 3918 μαγίστρου
1284 3835 1331 3896 καί
1353 3835 1537 3918 πριμμικηρίου

250 3965 296 4020 τοῦ
312 3961 515 4040 Διαβολογῦρη,
538 3965 584 4020 τοῦ
606 3959 741 4041 προέδρου
762 3958 809 4019 καί
830 3965 979 4041 προνοητοῦ
1001 3965 1047 4020 τοῦ
1063 3959 1163 4020 Κλαδο
1180 4005 1288 4022 .....
1299 4006 1307 4038 ,
1331 3961 1378 4020 τοῦ
1401 3957 1537 4036 μαγίσιρου

250 4086 331 4164 κυροῦ
354 4081 557 4142 Κωνσταντίνου
583 4087 629 4142 τοῦ
651 4083 786 4162 Βοθρτζη,
810 4086 856 4142 τοῦ
879 4102 988 4162 σωκαρο
1007 4127 1099 4144 .....
1128 4085 1208 4162 κυροῦ
1231 4081 1367 4160 Γεωργίου
1391 4085 1436 4141 τοῦ
1458 4081 1538 4156 Τουρ-

251 4207 374 4284 μάρχτυ,
402 4209 448 4264 τοῦ
476 4207 599 4282 μοναχοῦ
622 4204 761 4263 Μελετίσυ
788 4203 835 4264 καί
862 4205 1070 4282 καθηγουμένου
1096 4209 1145 4280 τῆς
1172 4201 1322 4282 ὑπεραγίας
1349 4203 1475 4262 θεοτέκου
1495 4205 1539 4272 τῆς

252 4326 420 4406 Ἀειβρίτου,
456 4325 502 4386 καί
536 4331 590 4386 τῶν
624 4323 703 4406 πέριξ
732 4327 841 4406 χωρίων
868 4328 987 4404 πάντων,
1022 4323 1066 4383 διὰ
1098 4325 1128 4383 τί
1164 4319 1233 4383 εἰναι
1264 4328 1355 4383 τοῦτον
1391 4322 1445 4394 ἔξω
1478 4318 1538 4380 οἰνα-

251 4455 359 4527 γραέῆς
380 4447 503 4508 καίἀπδ
526 4453 575 4522 τῆς
599 4447 719 4526 βρίσεως
748 4449 829 4521 αὐτῆς
856 4453 905 4520 τῆς
929 4447 1089 4526 συνοροθσης
1111 4445 1145 4504 τά
1169 4443 1261 4505 δίκαια
1283 4449 1333 4519 τῆς
1356 4443 1540 4524 μετροπέλεως

252 4563 299 4629 καί
321 4574 367 4628 τοῦ
389 4569 491 4650 χωρίου
513 4568 589 4644 ὑμῶν
612 4567 660 4628 καί
682 4573 728 4628 τοῦ
751 4568 911 4648 προαστείου
936 4590 987 4643 μου
1009 4571 1055 4626 τοῦ
1070 4568 1232 4647 Σεμπιένου,
1257 4547 1301 4644 ἀρ’
1325 4560 1360 4641 ἧς
1382 4568 1412 4626 τ“ο
1434 4567 1540 4625 τοιοῦτον

256 4689 398 4771 ἐξέρχεται
420 4691 493 4770 ῦδωρ
517 4689 563 4750 καί
587 4691 650 4770 ἀρχι
673 4695 718 4750 τοῦ
741 4691 793 4750 ἀπο
816 4691 936 4750 παλαιοῦ
957 4688 1203 4765 δεδημοσιευμένου
1223 4688 1351 4763 μῦλωνος
1370 4689 1540 4760 καταντήσας,
