3160 5292
257 349 320 413 252

258 539 336 622 εἶναι,
371 547 410 616 ὡς
441 545 514 622 ἔχων
545 545 643 620 ταίιιην
673 545 722 619 τήν
748 546 919 624 προσθήκην·
953 543 991 602 τὰ
1017 543 1090 622 περὶ
1119 543 1217 618 αθτὴν
1244 543 1370 620 νησίδια
1398 589 1404 602 .
1428 589 1435 606 .
1462 589 1470 603 .
1496 541 1544 602 καὶ

257 648 436 727 Κρουσίους
462 647 518 708 καί
547 697 553 709 .
579 695 585 708 .
612 696 619 710 .
643 695 651 711 .
679 649 848 726 λεγόμενα,
879 650 938 724 ἥτις
967 647 996 707 ἐν
1022 647 1061 728 τῷ
1091 647 1219 728 ἀνωτέρω
1248 651 1298 709 οὐκ
1326 648 1541 727 ἀναγινώσκεται

512 871 599 940 CIX.
623 872 850 949 6839-1331,
874 895 984 938 mense
1007 872 1091 958 iulio,
1115 873 1180 938 ind.
1204 873 1294 938 XIV.

258 1023 410 1091 Imperator
432 1023 602 1076 Απάσοιιόοιισ
626 1022 684 1076 111.
716 1021 896 1092 Ραίαιοίυρυυ
932 1019 1073 1090 confirmat
1102 1021 1283 1091 possessiones
1316 1027 1342 1074 οό
1374 1020 1542 1090 emptiones

257 1127 412 1181 monasterii
438 1133 606 1198 memetque
635 1127 745 1180 ιιυιιιίιια
775 1126 968 1196 inquilinorum
998 1132 1138 1197 tueturque
1172 1127 1230 1180 αιίισ
1261 1126 1325 1180 αὐτα
1356 1133 1382 1180 οό
1414 1125 1543 1180 mertam

654 1237 748 1286 υυιιόνυ
770 1231 908 1300 episcopos
930 1231 1028 1284 Lemni
1048 1237 1073 1284 οό
1095 1231 1149 1286 Ουί.
1182 1279 1188 1307 ,

360 1398 482 1476 γ’ίίπεὶ
509 1398 535 1459 οἱ
562 1396 678 1475 μοναχοὶ
704 1403 754 1474 τῆς
780 1398 852 1457 κατὰ
877 1399 927 1472 τἠν
949 1403 1030 1474 νῆσον
1058 1397 1107 1472 τὴν
1132 1397 1244 1472 Πὰτμου
1267 1397 1442 1473 διακειμένης
1465 1396 1543 1470 σεβα-

256 1519 337 1594 σμίας
368 1526 455 1596 μονῆς
484 1526 532 1595 της
560 1519 704 1596 βασιλείας
731 1539 783 1595 μου
810 1523 859 1594 τῆς
887 1517 926 1591 εἰς
953 1519 1041 1594 όνομα
1067 1523 1224 1595 τιμωμένης
1250 1524 1295 1580 τοῦ
1323 1520 1401 1598 ἁγίου
1429 1515 1542 1596 ἐνδόξου,

256 1645 430 1721 πανευρήμου
452 1641 614 1722 ἀποστόλου,
637 1643 780 1721 παρθένου,
805 1641 965 1722 ἑπιστηθίου,
988 1642 1168 1720 ήγαπημένου
1195 1643 1242 1703 καὶ
1265 1643 1463 1723 εθαγγελιστοῖι
1487 1643 1543 1701 Ἰω-

257 1765 336 1822 άννου
358 1767 404 1824 τοῦ
427 1763 571 1842 θεολόγον
595 1763 728 1838 ἐζήτησαν
755 1761 802 1823 καὶ
823 1757 1016 1842 καρεκὰλεσαν
1039 1764 1087 1839 τήν
1111 1763 1253 1840 βασιλείαν
1275 1783 1336 1846 μου,
1364 1765 1408 1824 ίνα
1430 1763 1474 1824 ἐπὶ
1496 1767 1544 1834 τοῖς

255 1886 374 1960 κτήμασι
407 1883 453 1946 καὶ
484 1884 622 1964 μετοχίοις
655 1883 702 1945 καί
733 1885 917 1960 ἀναστήμασιν
951 1886 1047 1966 σοίτῶν,
1083 1887 1160 1946 ἅτινα
1192 1887 1335 1962 κέκτηνται
1370 1885 1416 1946 διὰ
1448 1907 1543 1966 χρυσο-

256 2006 384 2082 βοόλλων
415 2008 507 2087 λόγων
535 2007 669 2087 διαφόρων
696 2005 742 2067 καὶ
768 2010 986 2086 προσταγμάτων
1012 2005 1060 2067 καὶ
1087 2007 1280 2088 ἀπογραρινιῖιν
1302 2007 1543 2069 ἁποκαταστὰσεων

255 2128 302 2189 καὶ
325 2131 424 2209 ἑτέρων
452 2129 653 2210 δικαιωμάτων,
683 2129 845 2210 πορίσωνται
874 2128 921 2190 καί
946 2129 1155 2208 χρυσόβουλλον
1181 2136 1231 2206 τῆς
1257 2130 1400 2206 βασιλείας
1423 2151 1475 2206 μου
1503 2129 1544 2188 καὶ

255 2254 394 2330 κατέχωσι
420 2256 504 2312 ταῦτα
529 2250 576 2312 καί1
605 2250 645 2324 εἰς
672 2253 702 2312 τό
730 2247 795 2328 ἑξῆς
823 2251 935 2333 ἀβαρῶς
961 2249 1048 2328 πάντη
1076 2251 1124 2312 καὶ
1145 2252 1267 2332 ἀτελῶς,
1291 2251 1382 2324 καθὼς
1404 2254 1543 2330 κατέχουσ.

256 2378 339 2434 ταῦτα
369 2375 450 2454 μέχρι
479 2377 525 2434 τοῦ
553 2377 608 2447 νῦν,
638 2373 723 2451 ήγουν
752 2374 783 2432 τό
805 2369 843 2456 [ἐν
873 2380 906 2454 τῇ
936 2373 1010 2453 νήσῳ
1038 2375 1144 2454 Λήμνῳ
1174 2375 1303 2452 μετόχιον
1332 2375 1362 2434 τό
1392 2370 1433 2446 εἰς
1462 2373 1543 2448 όνομο
1568 2409 1569 2456 γ

256 2497 408 2572 τιμώμενον
434 2500 480 2556 τοῦ
504 2497 581 2575 ἁγίου
605 2497 851 2577 μεγαλομὰρτυρος
874 2497 1010 2576 Γεωργίου
1032 2500 1079 2558 τοῦ
1103 2495 1281 2574 Μυροβλὺτου
1308 2493 1355 2556 καὶ
1377 2495 1543 2572 διακείμενον
1568 2483 1569 2506 ί

258 2617 286 2677 έν
307 2623 340 2700 τῇ
362 2617 507 2700 τοποθεσίᾳ
528 2623 578 2694 τῆς
600 2618 681 2698 ἁγίας
698 2615 816 2697 Εἰρήνης
838 2618 910 2694 μετὰ
930 2623 984 2677 τῶν
1006 2619 1159 2698 προσόντων
1183 2617 1254 2697 αδτῷ
1275 2620 1383 2678 πόντων
1406 2617 1542 2694 ἀμπελίων

256 2738 303 2800 καὶ
324 2739 479 2819 χωραρίων.
503 2741 534 2799 τό
557 2742 648 2820 ἕτερον
672 2741 801 2819 μετόχιον
822 2742 852 2800 τό
876 2738 915 2812 εἰς
939 2727 1035 2816 όνομα
1049 2743 1203 2818 τιμώμενον
1226 2745 1272 2801 τοῦ
1293 2741 1380 2817 τιμίου
1403 2738 1542 2818 ταξιάρχου

255 2867 309 2921 τῶν
332 2858 405 2921 Ἄνω
427 2861 575 2936 Δυνὰμεων
599 2862 718 2939 Μιχαὴλ
748 2861 794 2922 καὶ
829 2863 1048 2938 έπικεκλημένον
1079 2864 1127 2938 τἠν
1156 2863 1253 2942 Πτέριν
1284 2862 1354 2938 μετὰ
1383 2865 1436 2922 τῶν
1465 2861 1543 2922 όντων

257 2983 347 3043 ἐκεῖσε
375 2981 475 3042 ἕνδεκα
497 2985 741 3063 προσκαθημένων,
769 2983 847 3044 ἀλλὰ
875 2982 910 3062 δὴ
936 2982 984 3044 καί
1011 2989 1063 3044 τῶν
1086 2985 1230 3060 ἀμπελίων
1257 2982 1304 3044 καὶ
1329 2983 1475 3064 χωραρίων
1501 2981 1542 3042 καὶ

255 3109 302 3164 τοῦ
320 3103 478 3184 περιβολίου
497 3108 543 3164 τοῦ
559 3103 723 3184 Διδυμαρίου
747 3106 817 3180 μετὰ
839 3109 886 3165 τοῦ
907 3109 1065 3186 χειμερινοῦ
1087 3105 1279 3187 ὑδρσμίνλωνσς
1300 3103 1346 3165 καὶ
1368 3108 1416 3166 τοῦ
1436 3106 1542 3180 λιμένος

255 3231 301 3286 τοῦ
329 3227 382 3285 ἀπό
409 3231 462 3286 τῶν
489 3232 619 3306 κρημνῶν
647 3229 700 3300 ἕως
726 3232 772 3288 τοῦ
794 3228 931 3303 Χυβαδίου
958 3228 1131 3305 καλουμένου
1158 3229 1309 3304 διήκοντος.
1332 3230 1378 3289 τόν
1402 3229 1541 3304 σεβὰσμιον

256 3347 302 3408 καὶ
329 3350 402 3407 θεῖον
425 3349 489 3408 ναόν
516 3349 562 3408 τόν
589 3347 629 3420 εἰς
655 3349 742 3424 ὄνομα
764 3352 918 3426 τιμώμενον
940 3355 990 3426 τῆς
1013 3351 1164 3432 θπερὰγνου
1187 3349 1331 3425 δεσποίνης
1353 3348 1400 3410 καὶ
1423 3351 1540 3410 θεοτόκου

256 3475 305 3546 τῆς
328 3467 514 3550 Ὀδηγητρίας
542 3469 611 3544 μετὰ
639 3475 692 3530 τῶν
719 3473 873 3550 προσόντων
902 3469 973 3550 αὐτῷ
995 3471 1150 3552 χωραρίων,
1187 3472 1248 3545 τοὺς
1276 3472 1305 3532 έν
1327 3477 1360 3552 τῇ
1383 3474 1452 3554 αὐτῇ
1474 3473 1540 3548 νήσῳ
1567 3463 1568 3466 “

258 3593 286 3651 ἐν
318 3591 453 3670 διαφόροις
479 3591 594 3670 χωρίοις
621 3592 828 3673 εὑρισκομένους
854 3593 1015 3676 παροίκους,
1048 3590 1079 3668 ἐξ
1105 3588 1143 3654 ὧν
1169 3595 1231 3668 τοὺς
1253 3593 1305 3670 μὲν
1328 3597 1464 3672 κατεῖχον,
1486 3591 1539 3662 τοὺς

257 3712 289 3774 δὲ
319 3711 482 3786 ἀνεδέξαντο
514 3715 566 3795 πρό
599 3715 695 3794 όλίγου
726 3716 761 3776 δι’
789 3717 978 3797 ἀπογραρικής
1010 3717 1265 3790 ἀποκαταστάσεως.
1307 3715 1409 3792 ὁμοίως
1437 3714 1481 3775 καὶ
1512 3711 1539 3772 τό

256 3835 445 3915 παραδοθέντα
475 3835 565 3910 αὐτοῖς
593 3839 731 3918 χωρὰρια,
763 3838 797 3898 τὰ
824 3839 959 3920 Βουνὰρια
987 3839 1141 3921 λεγόμενα,
1172 3839 1222 3912 τὰς
1243 3839 1412 3920 Τροχαλὲας
1441 3835 1484 3897 καί
1512 3833 1539 3893 τὰ

258 3957 393 4032 Αιβὰδια·
432 3956 608 4034 όνομοίζονται
639 3959 671 4019 δὲ
698 3959 724 4020 οἱ
750 3963 864 4021 τοιοῦτοι
890 3963 1029 4040 πάροικοι·
1061 3963 1076 4022 ό
1102 3982 1133 4021 τε
1159 3960 1302 4033 Νικόλαος
1328 3961 1343 4019 ό
1366 3959 1537 4040 Μαυρολέων,

257 4049 393 4160 Γεωργιος
420 4080 631 4161 όΚουροὺπης,
655 4080 802 4163 Θεόδωρος
832 4083 1019 4163 όΛαχανᾱς,
1051 4083 1295 4163 όἸατρόπσυλος,
1326 4080 1538 4160 όΘεοδωρὰκης

257 4201 327 4276 μετὰ
353 4205 398 4261 τοῦ
421 4201 547 4282 γαμβροῦ
575 4203 664 4283 αίιτοῦ,
689 4203 777 4262 Ἀννα
799 4205 818 4280 ή
842 4206 977 4284 Λέχαινα,
1001 4201 1138 4285 Γεώργιος
1159 4210 1209 4280 τῆς
1231 4205 1433 4284 Τζαγγαρίιης,
1454 4201 1478 4260 οἱ
1499 4199 1537 4259 δύο

256 4321 307 4383 υἱοὶ
328 4326 374 4383 τοῦ
397 4323 532 4405 Βραχνοῦ,
556 4324 675 4402 Μιχαὴλ
703 4325 893 4406 όΛωρὰδων,
916 4328 1072 4408 Δημήτριος
1101 4331 1150 4404 τῆς
1173 4325 1338 4406 Καλὰννας,
1368 4327 1387 4403 ή
1414 4323 1536 4397 Βοβόλια,
1566 4391 1567 4394 γ

258 4445 419 4524 Εὒστρὰτιος
441 4445 642 4528 όΔαλασηνός,
667 4447 839 4528 όἈργυρός,
864 4445 1006 4519 Νικόλαος
1029 4449 1044 4506 ό
1064 4448 1211 4529 Γουλιμῆς,
1235 4448 1366 4524 Ἰωάννης
1389 4446 1536 4524 όΜουρτα-

256 4567 399 4644 τόπουλος,
416 4568 431 4626 ό
451 4567 592 4642 Κολυβᾶς,
608 4567 695 4639 Ξένος
711 4571 725 4628 ό
740 4569 873 4648 Ζακέτσς,
890 4571 1045 4650 Δημήτριος
1061 4571 1075 4630 ό
1091 4569 1341 4649 Πενταρουστὰνης,
1365 4569 1536 4641 όΣταμάτηὶ,

254 4690 301 4746 τοῦ
323 4687 437 4762 Συμεὼν
460 4687 485 4748 σί
506 4688 615 4768 παῖδες,
642 4687 789 4770 Θεόδωρος
815 4691 830 4749 ό
852 4691 1021 4772 Σκυριιθτηςς
1044 4691 1063 4767 ή
1085 4689 1243 4772 Κονίδοιινα,
1272 4689 1374 4771 Εἰρήνη
1398 4691 1415 4764 ή
1436 4689 1535 4748 Καστο-
