3162 5278
1248 373 1310 437 317

31 573 56 625 ἐν
76 567 113 642 εἴη
134 564 240 639 τάξεως
262 565 309 624 καὶ
332 565 424 624 ὁποίου
448 565 563 646 βαθμοῦ,
588 566 775 645 ἀρωρισμένος
798 565 840 640 εἴη
864 566 916 624 ἀπό
939 567 1001 624 θεοῦ
1023 569 1242 646 παντοκράτορος
1264 564 1312 624 καὶ

29 689 205 768 κατηραμένος
231 685 278 746 καί
301 687 498 765 ἀσυγχύρητος
524 686 571 746 καὶ
595 687 665 762 μετὰ
687 689 803 748 θάνατον
827 688 926 758 άλυτος
948 685 995 746 καὶ
1017 689 1076 758 ταῖς
1098 691 1242 765 πατρικαῖς
1264 687 1311 748 καί

30 809 163 880 τονοέικαῖς
184 809 263 888 ἀραῖς
282 807 418 879 ὑπόδικος.
442 810 504 866 όθεν
528 807 567 880 είς
590 806 703 880 ἔνδειξιν
728 809 838 886 ἐγενετο
861 811 890 866 :b
913 811 999 888 παρὀν
1021 810 1155 888 ἡμέτερον
1177 829 1310 888 πατριάρ-

28 933 94 1007 χικέν
120 931 258 990 συνοδικόν
282 929 524 1010 έπιβεβαιωτήριον
547 932 663 1009 γράμμα
690 937 740 1006 τῆς
765 930 910 1009 ἐπιτροπῆς
932 936 981 1006 τῆς
1005 927 1136 1010 ἐξαρχίας
1158 937 1207 1005 τῆς
1230 933 1312 1004 νήσου

30 1053 127 1126 Ιίόηιου
159 1051 206 1112 καί
242 1053 324 1128 ἐδόθη
359 1051 397 1130 τῷ
431 1051 496 1132 ἱερῷ
531 1050 701 1132 μοναστηρίῳ
734 1057 780 1112 τοῦ
815 1051 894 1130 ἁγίου
924 1049 1053 1112 Ἰωάννου
1082 1056 1129 1112 τοῦ
1156 1050 1310 1130 Θεολόγου.

30 1173 120 1254 ρύιέ,
145 1176 178 1234 ἐν
203 1173 281 1248 μηνί
304 1172 430 1252 ίουλίῳ,
456 1173 663 1246 ίνδικτιῶνος
685 1175 723 1250 η’.
747 1177 767 1254 †

27 1314 93 1387 †'0
116 1313 319 1392 Ἡρακλείας
342 1310 526 1383 Γεννάδιος.
552 1316 578 1394 †
688 1315 708 1392 †
732 1315 767 1372 ‘0
790 1315 921 1394 Σερριῦν
945 1313 1120 1394 Κῦριλλος.
1145 1315 1166 1392 †

27 1435 93 1505 †'0
116 1434 310 1509 Μυτιλήνης
334 1434 536 1508 Νικόδημος.
561 1435 582 1512 †
689 1437 710 1515 †
734 1437 769 1494 ‘0
792 1435 1023 1511 Νικομηδείας
1048 1430 1195 1507 Παίοιος.
1221 1437 1241 1514 †

26 1557 93 1625 ήῖ)
116 1557 259 1627 Κυζίκου
282 1555 471 1629 Αυξέντιος,
497 1559 518 1636 †
688 1557 709 1634 †
732 1558 767 1616 Ὀ
792 1559 920 1636 Βάρκης
944 1556 1162 1629 Καλλίνικος.
1187 1557 1209 1636 †

115 1685 258 1754 Archetyp.
284 1685 360 1738 Flor.
384 1703 434 1738 nro
453 1687 501 1739 60.

218 2005 335 2070 CXLI.
361 2005 587 2088 7224-1715,
610 2029 722 2070 menso
746 2005 922 2086 decembri,
950 2007 1015 2072 ind.
1041 2007 1099 2070 IX.

24 2155 176 2208 Patriarclaa
208 2155 317 2208 Οοοιηαο
345 2155 385 2207 ΙΙ.
419 2161 443 2207 εί
477 2155 595 2224 modus
628 2155 802 2222 monasterio,
839 2157 885 2208 συί
908 2161 1126 2226 praeposuerant
1157 2161 1306 2224 curatores,

416 2259 562 2312 restituunt
583 2259 716 2330 inteyram
740 2259 899 2314 Ιιῖνετίαίαικ.

115 2443 311 2522 ήΚοσμοῖς,
357 2441 443 2519 ἐλέῳ
484 2443 560 2501 θεοῦ
601 2441 865 2522 ἀρχιεπίσκοπος
902 2442 1308 2524 Κωνσταντινσυπόλεως,

22 2562 97 2632 Νέας
122 2564 266 2642 Ῥώμης,
289 2561 345 2622 καὶ
369 2562 605 2637 οίκουμενικδς
627 2567 849 2644 πατριάρχης.
873 2565 893 2644 †

113 2757 134 2834 †
156 2755 307 2814 Ὀσιιύτατε
329 2755 520 2832 καθηγούμενε
546 2761 596 2830 τῆς
617 2756 756 2834 ἡμετέρας
778 2761 978 2834 πατριαρχικῆς
1000 2754 1047 2814 καί
1070 2759 1310 2834 σταυροπηγιακῆς

22 2881 95 2950 μονῆς
121 2881 168 2936 τοῦ
196 2875 285 2954 οἰγὶου,
317 2873 428 2947 ἐνδόξου
458 2877 611 2936 ἀποστόλου
640 2875 688 2936 καί
717 2877 914 2954 εὐαγγελιστοῦ
937 2877 1066 2936 Ἰωάννου
1092 2879 1139 2935 τοῦ
1166 2875 1309 2954 Θεολόγου

21 2995 59 3054 καί
83 2996 212 3080 ἐπίτραπε
235 3005 285 3074 τῆς
307 3000 445 3079 ἡμετέρας
467 3005 666 3080 πατριαρχικῆς
690 2995 822 3078 ἐξαρχίας
844 3003 893 3073 τῆς
915 2999 996 3072 νήοου
1023 2997 1144 3071 Πάτμου.
1175 2995 1222 3056 καί
1244 2997 1308 3056 λοι-

21 3117 56 3176 τοῖ
80 3121 291 3196 συνασκούμενοι
318 3123 435 3200 πατέρες
462 3118 509 3180 καὶ
536 3121 731 3196 εῦλαβέστατσι
757 3119 840 3199 ἱερεῖς
871 3117 919 3178 καὶ
945 3121 1075 3198 χρήσιμοι
1100 3118 1229 3196 γέροντες
1258 3123 1308 3194 τῆς

22 3241 91 3316 ιῗυτής
117 3245 211 3320 νήσου,
238 3239 320 3319 χάρις
347 3242 390 3318 εἴη
417 3242 478 3317 ὑμῖν
504 3239 551 3301 καί
578 3240 671 3320 εἰρήνη
699 3237 752 3300 ἀπό
780 3242 852 3302 θεοῦ.
887 3239 913 3300 οἱ
934 3240 1055 3300 καθόλου
1078 3245 1131 3300 τῶν
1155 3240 1307 3314 ἐκκλησια-

21 3369 104 3420 ττικῶν
131 3366 324 3444 προϊστάμενοι
350 3367 518 3442 πραγμάτων
546 3366 601 3434 τοῖς
628 3369 681 3422 τῶν
709 3365 780 3422 κατὰ
809 3365 892 3442 μέρος
919 3367 965 3422 τοῦ
992 3363 1055 3422 θεοῦ
1079 3361 1233 3438 ἐκκλησιῶν
1262 3359 1308 3420 καὶ

23 3484 155 3564 ε’νιτηρίων
191 3483 273 3545 σίκων
308 3485 488 3564 ἐπαγρυπνεῖν
519 3483 674 3564 όφειλοντες
705 3485 852 3558 διοικήσεοι
882 3482 928 3544 καί
957 3489 1007 3560 τῆς
1038 3483 1149 3544 ἐκείνων
1167 3483 1306 3562 ,προνοεῖν

21 3607 151 3685 σωτηρίας,
182 3607 313 3682 διαμονῆς
335 3627 365 3665 τε
392 3605 439 3664 καὶ
468 3606 616 3678 ἐπιδόσεως
645 3606 781 3685 διαρόροις
808 3606 880 3666 κατὰ
906 3607 1016 3684 καιρούς
1044 3607 1153 3684 τρόποις
1180 3605 1215 3664 τὰ
1238 3627 1308 3681 συμ-

22 3728 120 3804 ρέροντα
141 3729 246 3799 τούτοις
268 3731 474 3808 συνεργάζονται
502 3726 549 3787 καὶ
571 3727 605 3786 τὰ
627 3727 839 3807 προδεδογμένα
861 3730 1015 3803 μετακινεῖν
1044 3727 1129 3788 ἐνίοτε
1152 3729 1182 3788 ού
1204 3747 1305 3807 παραι-

20 3852 110 3909 τοῦνται
139 3852 209 3930 πρός
240 3851 269 3908 ἐν
300 3847 347 3908 καί
375 3851 457 3924 μόνον
485 3849 653 3928 άρορῶντες,
680 3851 728 3924 τήν
757 3847 796 3920 εἰς
823 3851 853 3908 τό
880 3853 1000 3927 κρεῖττον
1025 3848 1136 3908 ἐκείνων
1164 3849 1307 3908 ἀποκατά-

21 3989 106 4032 οτοοιν.
133 3970 231 4046 ἐπειδὴ
255 3975 396 4050 τοιγαροῦν
419 3971 616 4052 προλαβόντως
639 3967 901 4046 ἀπεκατεοτήσαμεν
925 3972 1083 4050 ἐπιτρόπους
1106 3969 1152 4030 καὶ
1176 3971 1307 4050 ἐπιτηρη-

21 4090 59 4159 ῑὶς
79 4100 124 4168 τής
148 4093 225 4173 ἱερᾶς
248 4091 295 4152 καί
317 4091 471 4168 σεβασμίας
494 4097 580 4167 μονῆς
602 4093 701 4168 ταύτης
729 4092 764 4152 δι’
787 4093 922 4173 ήμετέρου
950 4095 1146 4174 πατριαρχικοῦ
1172 4093 1307 4171 γράμμα-

20 4231 57 4284 τος
75 4217 117 4274 τὀν
141 4217 350 4294 θεοφιλέστατον
374 4213 586 4296 ἀργιεπίσκσπον
607 4216 689 4274 Κάνου
712 4213 759 4273 καί
783 4215 950 4292 συνάδελρον
973 4217 1062 4292 ἡμῶν,
1085 4217 1135 4294 κῦρ
1155 4213 1306 4293 Κύριλλον,

20 4333 57 4392 καί
80 4340 122 4396 τόν
150 4338 369 4416 προηγούμενον,
400 4343 477 4395 παπά
506 4337 649 4416 Ἰάκωβον,
681 4336 818 4414 ὠφέλειάν
840 4355 898 4394 τινα
926 4334 1044 4410 οἰόμενοι
1076 4335 1306 4408 ἐπακολουθήσειν

21 4453 46 4512 ἐκ
63 4461 151 4518 τούτου
174 4463 208 4539 τῇ
231 4457 293 4540 ἱερᾷ
316 4464 386 4539 μονῇ
411 4459 491 4538 ταύτῃ
516 4457 561 4516 διὰ
583 4463 632 4532 τῆς
657 4456 811 4527 ἐπιστασίας
836 4455 947 4516 ἐκείνων
971 4455 1018 4516 καί
1042 4457 1221 4534 ἐπισκέψεως,
1252 4456 1305 4532 ἤδη

21 4575 44 4633 δὲ
67 4579 203 4659 ἀνηνέχθη
229 4580 294 4654 ἡμῖν
319 4578 352 4638 δι’
373 4579 507 4660 ὑμετέρας
537 4585 631 4654 κοινῆς
663 4579 800 4658 ἀναφορᾶς
829 4580 876 4654 τὴν
906 4579 1079 4658 έπιτροπικὴν
1106 4579 1203 4654 ταύτην
1231 4577 1306 4657 ὠρέ-

19 4695 84 4759 ’κειαν
118 4701 169 4778 μὲν
205 4699 334 4776 ούδεμίαν
369 4699 416 4760 καὶ
453 4701 570 4760 ἐπίδοσιν
605 4701 733 4760 δύνασθαι
765 4701 888 4776 ἐμποιεῖν
917 4701 955 4780 τῷ
987 4702 1093 4782 ῥηθέντι
1124 4701 1305 4782 μοναστηρίῳ,
