3160 5292
1232 357 1294 423 193

111 553 189 630 †·0
215 552 562 632 ύπομνηματσγράρος
588 555 646 629 τῆς
670 554 857 630 ἁγιωτάτης
880 553 1119 631 μητροπόλεως
1142 553 1293 628 Μιλήτου

24 675 69 733 καὶ
93 675 226 748 νομικός
253 680 317 732 τῶν
340 674 533 752 Παλατίων,
557 673 705 748 Νικήσας
726 675 741 732 6
764 675 982 754 Καραντινός,
1014 676 1049 734 τό
1078 675 1180 752 παρόν
1211 693 1293 752 τρα-

21 799 117 876 τήριον
139 797 304 876 ἔγγραφον
327 797 456 874 ἔγραψα
477 795 532 855 καὶ
555 795 737 876 ὑπέγραψα.
762 799 782 874 †

109 925 251 996 Ατολεθηφ.
273 927 382 980 membr.
406 923 481 979 flor.
504 943 554 978 ιιτο
577 925 648 978 101.

262 1211 401 1276 LXXH.
426 1209 651 1294 6766-1258,
674 1233 785 1276 mense
806 1213 901 1296 maio,
924 1210 989 1276 ind.
1012 1210 1037 1276 1.

22 1361 170 1414 Patn'archa
198 1360 328 1414 Δνεειιίιιε
355 1359 522 1416 Δυόονῦαπυε
554 1359 705 1430 confirmat.
734 1361 925 1415 monasterium
953 1359 1126 1432 Spondarum
1149 1362 1177 1414 in
1204 1360 1295 1414 imula

258 1463 310 1518 000
332 1482 386 1518 εεοα
409 1465 565 1519 melachim
587 1465 706 1518 coenobii
728 1463 756 1522 S.
775 1465 886 1519 Ιοαιιιιῦε
908 1464 1039 1536 Τλοούορέ.

108 1650 331 1729 ’ρἈρσένιος,
370 1649 456 1728 ἐλέῳ
491 1650 565 1710 θεοῦ
603 1650 864 1730 ἀρχιεπύοκοπσς
897 1649 1296 1726 Κωνσταντινουπόλεως,

22 1769 93 1843 Νέας
115 1771 263 1852 Ῥώμης,
287 1769 342 1832 καὶ
364 1771 599 1846 ούκουμενικθς
618 1775 836 1852 πατριάρχης.
859 1773 880 1850 †

108 1895 129 1972 †
152 1892 311 1963 Ἒιιιαινετθς
334 1891 385 1968 μέν
407 1892 454 1954 καὶ
473 1895 487 1952 6
506 1895 575 1954 νέων
597 1895 766 1974 πραγμάτων
790 1893 992 1972 μεγαλουργός,
1012 1895 1026 1952 ό
1045 1887 1164 1972 τρόποις
1187 1889 1296 1952 οἰκοδο·

21 2015 138 2088 μηματων
158 2015 329 2090 καταβολαῑς
345 2015 479 2093 ἐγχειρῶν
501 2014 548 2074 καὶ
570 2016 638 2089 τέλη
661 2018 720 2086 ταῖς
742 2015 913 2089 καταβολαῖς
935 2010 1082 2091 ἀναλόγως
1103 2017 1297 2093 πραγματευό-

21 2154 98 2215 μενος,
120 2137 191 2212 θμοῦ
214 2137 265 2211 μὲν
286 2139 354 2217 πρθς
376 2138 493 2218 κάλλος,
517 2139 584 2213 ὁμοῦ
607 2137 638 2196 δὲ
659 2139 728 2216 πρός
750 2139 869 2216 μέγεθος
890 2137 924 2196 τὰ
947 2137 1144 2218 ἐγχειρηθέντα
1167 2138 1297 2198 ἐνσκευα-

20 2257 118 2330 ζόμενος
146 2256 195 2317 καὶ
220 2259 392 2336 πανταχόθεν
417 2261 484 2338 πρὸς
511 2262 540 2318 ἔν
563 2280 586 2318 τι
612 2259 696 2330 τέλος
722 2260 853 2318 συννεύειν
884 2263 967 2320 ταῦτα
996 2259 1226 2341 ἐπιτεχνώμενος,
1248 2263 1298 2335 τὴν

21 2379 69 2450 μεθ’
87 2378 190 2454 ἡδονῆς
217 2385 270 2439 τῶν
297 2381 442 2456 θεωμένων
471 2377 601 2454 ἔκπληξιν
625 2379 671 2440 καὶ
693 2382 738 2440 τόν
762 2382 919 2460 εύφρόσυνον
942 2381 1081 2461 θειααμόν,
1105 2382 1245 2454 ἐπαινετὸς
1267 2381 1298 2442 δέ

21 2493 86 2570 ἧττον
107 2501 188 2560 οῦδὲν
212 2500 258 2560 καὶ
281 2503 295 2560 6
318 2508 367 2577 τῆς
388 2510 519 2583 χρονικής
542 2503 690 2579 ἐπιβουλῆς
714 2505 794 2584 ἔργον
816 2509 899 2564 ταῦτα
922 2505 1006 2583 εύρὼν
1028 2503 1074 2564 καὶ
1097 2505 1135 2574 ὡς
1159 2505 1298 2584 ἐγχωροῦν

21 2621 129 2694 καινιζων
152 2622 201 2682 καὶ
224 2624 425 2700 ἀνακτώμενος.
459 2625 551 2696 όποῐός
569 2646 607 2696 τις
632 2626 763 2704 ἔγνωσται
786 2629 823 2685 ὢν
845 2631 878 2707 τῇ
901 2627 980 2700 ήμῶν
1004 2629 1157 2705 μητριόπητι
1180 2629 1298 2704 σήμερον

21 2741 57 2800 καὶ
80 2746 136 2823 πρθ-
152 2745 264 2805 πολλοῦ
286 2749 501 2824 γινωσκόμενος,
524 2746 548 2805 εἰ
571 2746 617 2805 καὶ
641 2749 679 2820 μὴ
707 2748 791 2818 οθτως
814 2750 852 2820 ὡς
875 2751 929 2825 νῦν,
954 2748 969 2804 6
991 2752 1040 2823 τῆς
1063 2748 1092 2806 ἐν
1115 2755 1147 2830 τῇ
1170 2751 1243 2827 νήσῳ
1267 2753 1299 2828 τῇ

22 2863 110 2944 Πάτμῳ
131 2869 303 2946 περιωνύμου
326 2876 413 2944 μονῆς
435 2875 485 2944 τῆς
508 2870 549 2928 ἐπ’
567 2869 677 2944 όνύματι
699 2875 745 2929 τοῦ
764 2871 943 2948 ήγαπημένου
965 2868 1011 2932 καὶ
1034 2868 1179 2948 Θεολόγου
1201 2874 1297 2946 τιμιιύ-

21 3004 86 3058 τατος
113 2989 332 3068 καθηγούμενος,
360 2993 375 3050 6
403 2991 582 3070 ἱερομόναχος
603 2992 757 3070 Γερμανός·
786 2994 859 3064 ὅπως
891 2992 922 3051 δέ
953 2995 1071 3064 τοιοῦτος
1103 2993 1235 3071 ἔγνωσται
1261 2995 1300 3051 ὢν

22 3106 144 3188 τῷλόγῳ
168 3109 224 3185 ήδη
247 3109 395 3185 λελέξεται
421 3111 467 3172 καὶ
491 3111 523 3187 δὴ
546 3113 669 3190 λέγεται.
693 3115 710 3188 ή
734 3109 804 3173 κατὰ
825 3114 875 3188 τἠν
896 3121 978 3190 νῆσον
995 3115 1047 3173 Κῶ
1068 3113 1227 3190 διακειμένη
1250 3133 1298 3174 σε·

22 3226 108 3303 {mia
136 3233 320 3311 πατριαρχικὴ
350 3235 419 3308 μονή
450 3240 502 3294 τῶν
530 3235 659 3294 Σπονθῶν
689 3232 722 3312 ήν
746 3237 791 3294 ότε
820 3235 940 3306 πολλοῖς
971 3236 1080 3310 ἐπήνθει
1110 3237 1168 3306 ταῖς
1197 3238 1298 3314 χάρισι,

23 3353 68 3422 ταῖς
88 3373 117 3412 τε
143 3353 216 3413 κατὰ
242 3356 288 3414 τ“ον
319 3353 374 3427 ἔξω
403 3355 449 3415 καὶ
477 3355 602 3432 αἰσθητόν
630 3359 713 3430 αύτῆς
739 3359 852 3435 κόσμον,
879 3355 926 3416 καὶ
953 3357 1017 3428 θοος
1045 3357 1073 3416 ἐν
1100 3356 1226 3432 κτίσμασι
1252 3356 1299 3416 καὶ

24 3469 175 3554 οἰκοδομαῖς,
203 3475 249 3536 καὶ
272 3479 331 3550 ταῖς
359 3477 430 3537 κατὰ
451 3478 497 3536 τον
521 3476 597 3537 ἐνθον
624 3475 670 3537 καὶ
693 3477 759 3557 ύπέρ
782 3477 911 3560 αἴσθησιν,
934 3477 982 3538 καὶ
1005 3481 1068 3550 ὅσος
1089 3479 1118 3538 ἐν
1141 3480 1224 3561 ἀρετῇ
1246 3485 1299 3538 τῶν

25 3595 214 3672 ἐνισταμένων
242 3597 309 3680 αύτῇ
335 3619 401 3660 ποτε
424 3605 563 3677 μοναχῶν.
593 3599 652 3658 ἐπεὶ
676 3599 707 3658 δὲ
734 3599 780 3660 καὶ
803 3601 869 3674 αῦτη
897 3601 976 3680 ἔργον
1000 3601 1124 3679 ἐγεγόνει
1145 3605 1191 3662 τοῦ
1213 3604 1301 3661 πάντα

25 3715 63 3788 ρέν
85 3719 117 3778 τὰ
146 3721 265 3799 ρανέντα
291 3722 452 3800 κρύπτοντος
477 3724 587 3802 χρόνου,
620 3723 708 3781 πάντα
731 3706 896 3800 θὲρύσντος
917 3722 1040 3801 τάθηλα,
1063 3724 1181 3784 τοιούτου
1203 3725 1299 3784 λοιπόν

26 3837 106 3919 ἀνδρός
134 3841 221 3903 ἐδεῖτο
247 3843 315 3922 πρός
342 3844 472 3924 σύστασιν,
500 3845 592 3915 θποῑος
617 3845 632 3902 6
660 3842 803 3924 εἰρημένος
832 3843 1013 3925 θερομόνσχος
1040 3845 1192 3924 Γερμανός·
1223 3839 1300 3917 ούτος

25 3959 59 4018 καὶ
81 3963 132 4043 γὰρ
162 3963 241 4039 ήθεοι
271 3965 322 4040 μέν
354 3965 495 4046 ἐκτρέπων
526 3968 570 4024 τόν
601 3967 698 4042 εύγενῆ
730 3965 957 4045 θιαζωγραφοῦσιν
986 3963 1072 4046 ἄνδρα
1102 3966 1148 4026 καὶ
1177 3968 1299 4046 κόσμιον,

27 4081 107 4158 ὶρετῆς
133 4087 166 4146 δὲ
193 4089 319 4164 μετέχων
346 4086 392 4148 καὶ
419 4087 457 4166 τῷ
484 4089 545 4147 κατ’
570 4089 651 4162 αῦτὴν
678 4088 920 4166 ἐγκαλλυνόμενος
948 4090 1074 4168 εύπρεπεῑ
1099 4090 1153 4166 καί,
1181 4092 1211 4149 τύ
1233 4088 1300 4149 θλον

27 4201 104 4285 α’τεῑν,
132 4209 220 4287 ἔργων
248 4213 390 4288 τυγχάνων
413 4210 560 4270 ἐποονετῶν
584 4211 724 4288 ζηλωτής,
751 4211 840 4290 ἔργων
864 4211 996 4290 θεοφιλῶν
1020 4212 1144 4292 ἐραστής,
1167 4209 1230 4270 ούδὲ
1253 4212 1300 4286 τὴν

27 4321 154 4404 εἰρημένην
185 4332 272 4405 μονὴν
300 4335 354 4390 τῶν
385 4331 514 4392 Σπονθιῦν
550 4333 651 4412 ἔρημον
682 4333 752 4410 ἔγνω
783 4331 887 4416 ἀφεῖναι
917 4336 966 4407 τῆς
995 4333 1066 4390 κατὰ
1099 4335 1129 4392 τύ
1161 4333 1301 4412 ἐγχωροῦν

27 4442 137 4522 ύῦηθείας
152 4451 234 4514 αὺτοῦ
250 4450 298 4512 καὶ
316 4455 479 4534 συνάρσεως.
506 4453 543 4532 τῷ
565 4473 606 4513 τοι
628 4452 675 4512 καὶ
697 4456 817 4534 πρόσεισι
839 4453 890 4528 μὲν
915 4453 1012 4532 ἀρτίως
1033 4459 1067 4535 τῇ
1089 4455 1168 4528 ήμῶν
1190 4455 1299 4533 μετριό-

27 4585 81 4648 τητι,
103 4571 215 4634 αἰτεῖται
242 4572 344 4648 δὲτὴν
368 4575 452 4650 μονήν
480 4573 523 4634 ἐπὶ
546 4581 579 4656 τῇ
603 4573 746 4650 βελτιώσει
769 4573 859 4635 δοῦναι
884 4575 981 4651 ταύτην
1007 4573 1053 4634 καὶ
1075 4581 1214 4658 προνσοτζη,
1236 4579 1300 4635 τοῦ·

29 4706 50 4746 ἵε
70 4693 116 4764 μὲν
137 4701 187 4772 τῆς
208 4701 262 4755 τῶν
285 4694 439 4771 οἰκοδομῶν
462 4701 660 4778 περιποιήσεως
682 4697 913 4776 ἀντιποιήσασθαι,
936 4703 1011 4756 τοῦτο
1038 4697 1068 4755 δὲ
1084 4701 1144 4772 ,τῆς
1169 4701 1215 4756 τοῦ
1236 4701 1303 4757 ναοῦ

1063 4819 1094 4867 13
