3160 5292
34 579 148 647 σωματῦα
165 576 266 654 έχοντα
289 577 337 650 τῆν
354 577 542 654 Ἀποντάλυψιν
563 581 609 636 τοῦ
626 573 792 662 Θεοβιύγου]
816 579 1022 657 ἡρμηνευμένην
1046 579 1091 638 διὰ
1113 579 1243 656 σχολίων,
1258 582 1304 639 τύν

33 696 230 772 ’διαλησιαστῆν
252 695 299 757 ιιαί
322 699 351 757 τδ
367 695 467 772 Ἀισμα
489 703 543 756 τῶν
560 694 697 780 ᾀσμάτων,
720 697 767 759 ιιαί
791 700 857 759 αὑτὰ
879 699 924 759 διὰ
946 700 1077 778 σχσλίων.
1102 702 1182 782 έτερα
1204 705 1303 782 τετρά-

32 817 63 874 δια
82 817 245 895 βαμβαιιηνά
265 821 363 897 έχοντα
383 821 522 898 αεραίλαια
541 820 666 880 Ἰωάννου
685 825 731 879 τού
751 821 899 900 Καρπάσου
918 819 975 895 σις’
995 821 1041 881 ιιαί
1063 825 1144 902 ἕτερα
1165 824 1303 902 νιεράλαιά

29 959 88 996 τινων
106 941 192 1016 ἁγίων
213 940 260 1000 καί
277 941 356 1019 ἕτερα
377 941 504 1020 τετράδια
528 941 627 1018 έχοντα
643 942 772 1020 Ἰατρυιά.
796 942 929 1022 κρεβάτια
950 943 1078 1022 τορνευτὸν
1100 945 1245 1018 συμβαλτδι
1260 943 1301 1018 ς’.

29 1063 125 1134 σταμνία
153 1062 280 1141 τορνευτὸν
305 1059 350 1136 ιβ’.
378 1059 409 1134 ἐξ
431 1057 469 1121 ὧν
491 1063 525 1122 τά
548 1063 598 1137 μέν
620 1065 736 1144 τέσσαρα
761 1065 881 1124 ἔστωσαν
908 1063 937 1123 ἐν
963 1062 1002 1142 τῷ
1024 1064 1082 1142 ναιῙι
1104 1069 1150 1124 τοῦ
1171 1063 1302 1141 Ἀσωμά-

28 1201 69 1259 πυ,
93 1183 123 1241 τά
153 1183 184 1243 δέ
213 1186 332 1262 τέσσαρα
363 1183 391 1241 ἐν
416 1181 456 1260 τῷ
482 1183 541 1261 ναῷ
570 1187 616 1244 τοῦ
640 1185 809 1263 Προδρύμου,
840 1185 874 1244 τά
901 1185 926 1244 δ’
951 1187 1040 1264 έτερα,
1072 1187 1136 1245 ἔνθα
1167 1186 1235 1270 δόξῃ
1264 1185 1303 1266 τῷ

27 1305 163 1384 ἡγουμένῳ.
192 1307 283 1384 θρύνια
306 1305 451 1380 συμβαλτά
475 1304 530 1365 δύο.
554 1301 704 1390 τραπέζ[ια]
728 1303 873 1381 συμβαλτά
894 1303 928 1367 δ’.
956 1304 1093 1384 μί..γ’..
1116 1307 1304 1388 χερνιδύξιστα

27 1423 52 1484 δ’,
77 1425 178 1506 ἐσχάρα
200 1427 305 1506 σιδηρᾶ.
328 1426 473 1508 πυρωστίαι
496 1427 552 1488 δύο.
576 1435 660 1486 ταῦτα
682 1430 768 1487 πάντα
792 1427 936 1504 ἀνατίθημι
958 1427 996 1507 τῷ
1019 1429 1073 1508 θεῷ
1096 1429 1143 1489 οιαὶ
1166 1429 1204 1510 τῷ
1226 1431 1301 1506 ἠγα-

26 1551 121 1626 πημένῳ
152 1552 233 1628 χάριν
262 1553 379 1628 ψυχικῆς
403 1571 454 1624 μου
477 1551 611 1629 σωτηρίας
633 1552 715 1609 ένειτα
737 1549 784 1608 καί
806 1551 885 1630 λόγῳ
908 1547 1086 1623 ἀναπαύσεως
1112 1551 1179 1626 ἐμοῦ
1198 1573 1228 1610 τε
1255 1549 1302 1611 καί

25 1675 65 1725 τῶν
89 1672 217 1744 μαθητῶν
245 1691 306 1749 μου,
330 1672 430 1743 ζῶντός
453 1675 505 1746 μού
527 1693 556 1729 τε
583 1671 629 1730 οιαὶ
657 1672 727 1746 μετὰ
752 1673 877 1752 θάνατον,
905 1672 964 1750 οἵγε
991 1671 1037 1732 καί
1066 1671 1141 1732 αὑτοὶ
1162 1669 1301 1750 ρυλάξωσν

24 1791 60 1861 τῆν
85 1792 198 1866 ἐντολήν
222 1813 274 1866 μου
301 1791 348 1852 καί
378 1793 572 1872 προσμείνωσιν
601 1793 629 1852 ἐν
655 1799 689 1873 τῆ
717 1797 786 1874 μονῇ
817 1793 881 1872 ἀχρι
907 1794 1005 1864 τέλους
1035 1795 1109 1869 ζωῆς
1137 1793 1224 1853 αὑτῶν
1254 1793 1301 1854 καὶ

25 1909 168 1986 ρνλίξσυσιν
198 1911 238 1984 εἰς
264 1915 310 1973 τδν
337 1915 543 1992 καθηγούμενον
570 1913 730 1974 ταπείνωσιν
756 1913 802 1972 νιαί
832 1915 969 1991 ὑποταγὴν
998 1913 1045 1973 καὶ
1075 1915 1159 1989 σέβας
1188 1913 1234 1974 ιιαὶ
1262 1914 1302 1987 είς

24 2032 70 2104 τούς
95 2035 209 2106 λοιπούς
238 2037 370 2114 γέροντας
401 2083 407 2095 .
434 2085 440 2097 .
466 2085 472 2097 .
503 2034 549 2094 καί
577 2033 636 2111 ίσην
659 2035 739 2110 τιμὴν
770 2035 809 2106 είς
832 2055 861 2095 τε
890 2037 935 2094 τὸν
966 2036 1052 2110 τίμιον
1082 2039 1198 2114 γέροντα
1227 2040 1301 2116 κύριν

24 2157 153 2232 λείρυτσν,
181 2158 227 2215 τὀν
256 2157 377 2234 μοναχδν
405 2161 479 2236 κύριν
503 2157 650 2237 Γρηγύριον
677 2155 724 2216 καί
750 2159 796 2216 τδν
821 2159 942 2234 μοναχὸν
968 2160 1042 2236 ιιῦριν
1066 2157 1232 2236 Λαβρέντιον
1255 2157 1301 2218 νιαί

23 2273 52 2346 τίς
77 2281 178 2349 πάντας
204 2277 265 2348 τούς
296 2277 431 2357 ἀδελφούς
460 2277 569 2358 ἀγάπην
599 2277 646 2337 οιαὶ
676 2279 794 2338 διάθεσιν
827 2276 873 2338 καί
904 2280 1030 2353 ὁμόνοιαν
1061 2279 1104 2338 ἐπ’
1129 2278 1224 2357 ἀγαθῷ
1253 2277 1300 2340 οιαὶ

23 2400 120 2476 ποργῆν
143 2399 304 2476 ἀδελρινιῆν.
328 2398 374 2460 οιαὶ
403 2399 427 2458 τί
449 2405 532 2460 ταῦτα
554 2401 638 2472 οὑτως
665 2401 817 2480 τηρηθεῖεν,
842 2399 911 2472 ἄξιοι
935 2402 1056 2460 ἔστωσαν
1082 2399 1128 2461 καί
1152 2393 1232 2476 τιμῆς
1253 2399 1300 2460 καί

22 2519 113 2596 ἀγάπης
136 2521 183 2580 ιιαί
200 2523 348 2593 διαθέσεως
370 2519 500 2598 ἀληθοῦς.
524 2522 571 2582 καί
594 2525 625 2581 οὑ
646 2523 725 2600 λέγω
747 2526 830 2582 ταῦτα
851 2524 919 2602 πρδς
940 2523 986 2582 τδν
1009 2522 1085 2582 δεῖνα
1104 2525 1122 2597 ῆ
1143 2524 1190 2582 τδν
1214 2523 1300 2604 δεῖνα,

21 2641 68 2712 τούς
89 2645 213 2718 μαθητάς
236 2663 297 2718 μου,
321 2647 359 2715 ὣς
382 2664 453 2716 τινες
475 2645 613 2723 λέγουσιν,
637 2643 704 2702 ἀλλ’
729 2645 785 2704 ὅσοι
804 2647 838 2703 άν
861 2641 931 2718 μετὰ
952 2643 1036 2723 ρύβου
1059 2645 1121 2704 θεοῦ
1142 2643 1189 2702 ιιαί
1210 2647 1300 2720 πάσης

21 2761 138 2837 ἀληθείας
166 2761 197 2836 ἐξ
224 2763 281 2824 ἴσου
302 2786 347 2837 μοι
370 2767 414 2823 τδν
438 2764 540 2824 ἑαυτῶν
567 2765 710 2843 λογισμόν,
737 2766 768 2824 ού
795 2767 878 2839 μόνον
910 2765 1028 2840 μαθηταί
1051 2785 1103 2840 μου
1130 2763 1176 2824 οιαὶ
1202 2768 1301 2843 γνήσια

19 2885 86 2942 τέκνα
107 2887 236 2964 ἔστωσαν,
259 2885 337 2946 ἀλλὰ
359 2885 406 2944 καί
428 2884 542 2966 ἀδελφοί
564 2885 610 2946 καί
632 2887 760 2965 πατέρες,
784 2885 843 2963 οἵγε
863 2886 912 2958 τὰς
932 2885 1047 2957 ἐντολὰς
1065 2890 1111 2946 τοῦ
1130 2887 1192 2946 θεοῦ
1211 2887 1299 2965 ρυλά-

19 3001 92 3074 ξουσιν
111 3005 160 3066 ιιαὶ
177 3007 226 3078 τὰς
247 3007 316 3082 ἐμὰς
337 3007 458 3076 είπελείς
480 3005 526 3066 νιαὶ
549 3007 697 3082 ούδαμινὰς
720 3005 912 3085 παραγγελίας
935 3005 980 3066 διὰ
1001 3007 1050 3081 τῆν
1072 3010 1118 3066 τοῦ
1141 3007 1203 3066 θεοῦ
1225 3003 1299 3084 ἀγά-

18 3145 68 3199 πην,
101 3129 180 3206 λέγω
204 3128 238 3201 δὴ
261 3131 291 3187 τδ
314 3129 475 3207 προσμένειν
499 3127 528 3186 έν
550 3135 583 3208 τῆ
607 3134 678 3208 μονῇ
701 3127 764 3207 ἀχρι
791 3129 905 3202 ὑστάτης
928 3127 1065 3201 ἀναπνοῆς
1092 3125 1140 3188 ιιαί
1163 3127 1236 3205 ἔχειν
1259 3125 1299 3198 είς

18 3249 52 3305 τ’τν
75 3252 282 3326 καθηγούμενον
309 3250 388 3324 τιμῆν
416 3249 463 3308 καί
490 3249 628 3327 ὑποταγὴν
654 3247 701 3309 καὶ
729 3247 769 3320 είς
795 3255 883 3309 πᾶσαν
910 3249 958 3323 τῆν
986 3245 1159 3326 ἀδελφότητα
1182 3249 1299 3308 διάθεσιν

18 3370 54 3427 ιιαί
78 3371 196 3448 ἀγάπην,
225 3369 335 3448 εἰρήνην
357 3369 404 3430 ιιαί
430 3371 567 3446 δμύνοιαν,
598 3369 622 3430 εί
649 3371 734 3442 οὑτως
762 3371 832 3448 ἔχει,
861 3370 963 3450 ἐγγύας
989 3370 1080 3446 τίθημι
1108 3369 1145 3450 τῷ
1171 3367 1237 3450 θεῷ,
1260 3371 1298 3441 ὡς

18 3493 40 3550 οὑ
59 3497 238 3569 ζητηθήσεται
265 3493 296 3566 ἐξ
319 3494 406 3554 αὑτῶν
433 3493 552 3574 ἁμαρτία
577 3494 652 3574 παρὰ
673 3491 742 3574 θεῷ,
769 3496 821 3553 κᾶν
844 3495 883 3566 ὡς
906 3495 1039 3574 άνθρωπαι
1062 3494 1296 3569 ἐλαττωματίτζιά

17 3633 64 3671 τινα
85 3614 133 3674 καί
154 3615 351 3695 σραλματίτζια
373 3615 578 3696 περιπίπτουσιν,
603 3616 679 3686 εὑθὺς
702 3614 887 3692 ἐπιγνώμονες
915 3613 961 3675 οιαὶ
988 3613 1061 3676 αὑτοὶ
1089 3617 1187 3676 τούτων
1211 3619 1297 3695 γενή-

18 3755 97 3793 σονται
126 3735 171 3796 καί
201 3737 250 3812 τῆν
281 3739 425 3813 μετάνοιαν
456 3737 628 3817 ἀσπάσονται,
659 3733 691 3810 ἐξ
717 3737 784 3812 ἐμοῦ
811 3737 826 3795 ὁ
852 3737 914 3807 θεδς
943 3741 1026 3798 ταῦτα
1053 3737 1225 3812 ἀπαιτῆσειεν
1252 3735 1298 3798 καί

17 3855 105 3934 λόγους
127 3859 192 3940 ὑπὲρ
215 3860 301 3918 αὑτῶν
330 3857 418 3938 ὑρέξω
444 3858 491 3920 καὶ
517 3861 728 3936 νολασθῆσομαι
754 3859 811 3918 ἀντ’
835 3860 932 3937 αὑτῶν,
960 3858 1022 3938 οίγε
1049 3858 1245 3939 προσρείνωσιν
1268 3859 1298 3918 ἐν

17 3983 132 4062 τῆμσνῆ
154 3983 217 4060 ἀχρτ
239 3983 364 4042 θανάτου.
389 3981 416 4041 σί
438 3982 468 4040 δέ
483 4002 527 4060 γε,
551 3983 617 4061 ὅπερ
641 3981 806 4060 ἀπεύχομαι,
834 3979 873 4052 εἰς
895 3985 994 4054 πτῶμα
1017 3982 1178 4060 περιπέσητε
1203 3979 1297 4058 ἀδιόρ-

16 4099 91 4159 θωτον
125 4101 170 4161 καί
197 4102 391 4180 ἀμετανόητον,
427 4099 522 4162 άδειαν
553 4103 642 4180 ἐχέτω
672 4104 761 4178 ζητεῖν
790 4103 838 4176 τὴν
870 4103 949 4161 αὑτοῦ
978 4101 1121 4181 σωτηρίαν,
1155 4102 1221 4160 ὅπου
1250 4098 1297 4160 καί

17 4221 145 4300 βούλεται,
172 4223 218 4283 καὶ
242 4224 352 4298 μᾶλλον
379 4223 522 4304 συνεργούς
551 4224 640 4301 έχέτω
668 4221 707 4294 εἰς
735 4268 1088 4285 ...............
1118 4220 1207 4302 αὑ]τ“ον
1231 4217 1295 4292 ἐξε·

17 4341 114 4403 λαύνειν
145 4345 187 4405 διὰ
215 4347 246 4406 τδ
274 4344 444 4425 ἀντοίτρευτον
465 4345 512 4404 νιαί
540 4341 712 4424 ἀδιόρθωτον,
739 4343 783 4402 ἵνα
810 4345 848 4419 μὴ
876 4347 924 4418 τῆς
952 4341 1056 4415 οίιιείας
1082 4343 1180 4413 ιιανιίας
1208 4364 1295 4418 μετα-

17 4461 80 4546 δὼση
109 4463 156 4524 καί
180 4471 235 4539 τοῖς
263 4464 402 4546 ἀδελροῑς.
433 4465 480 4526 καί
506 4471 589 4526 ταῦτα
617 4467 667 4541 μὲν
690 4465 790 4536 οὑτως·
814 4464 908 4540 ἐπειδὴ
937 4464 968 4524 δὲ
998 4465 1125 4524 ἐπέκεινα
1150 4469 1204 4522 τῶν
1225 4483 1294 4544 στρο-

17 4590 162 4666 γραρέντων
187 4591 313 4649 ἁπάντων
340 4587 536 4663 άνατεθειμένα
564 4587 674 4648 δέδωκα
702 4586 739 4657 τίς
769 4589 817 4662 τὴν
848 4587 932 4661 μονὴν
959 4581 1112 4662 νομίσματα
1139 4585 1186 4646 δύο
1212 4587 1296 4663 χιάτα

17 4706 54 4765 ναὶ
82 4709 149 4788 ύπέρ
178 4707 280 4782 ἐξόδων
309 4709 387 4770 τινιῖνν
418 4709 571 4785 νομίσματα
599 4714 682 4768 ταῦτα
711 4708 776 4789 ὑπὲρ
809 4706 970 4782 ἐξωνῆσεως
1002 4706 1131 4786 πιθαρίων
1162 4753 1294 4770 ......

1093 4827 1141 4878 16*
