3186 5286
1269 321 1331 386 367

55 508 166 588 μάλιστα,
191 509 218 568 εί
235 530 275 582 τις
296 513 364 591 πρός
379 531 437 570 τινα
461 510 626 592 διενεχθείη,
648 513 757 591 ὓστερον
780 517 844 590 γοῦν
869 514 910 593 ἐφ’
925 535 965 586 οις
989 517 1021 572 ἀν
1045 513 1151 590 δύνηται
1175 514 1332 576 διαλύεσθαι

55 630 78 687 τί
105 631 269 706 ἐγκλήματα
297 633 365 710 πρός
394 633 439 692 τόν
467 633 611 714 ἀντίδικον,
643 639 834 716 συγχωροῦντα
860 634 907 696 καί
934 639 1153 716 συγγινωσκοντα
1182 636 1278 714 ἐκείνῳ
1299 637 1334 697 τὰ

54 754 281 831 προημαρτημένα.
304 753 388 836 ταῦτη
409 773 464 831 τοι,
489 755 598 816 ἐπειδάν
620 777 686 816 ποτε
709 756 815 834 ἐπιεικῆ
838 760 956 818 τοιοῦτόν
978 779 1037 818 τινα
1059 761 1115 830 τοῖς
1137 758 1214 833 ἤθεσι
1235 757 1333 840 κατίδῃ

54 874 140 946 ηκαθ
160 876 235 949 ἡμᾶς
257 880 303 936 τοῦ
323 876 437 956 Χριστοῦ
460 877 572 957 μεγάλη
596 856 740 956 ἐκκλησία,
763 877 849 950 ἰλεως
871 882 940 938 πάνυ
963 879 1080 940 ἐπαίνων
1102 886 1156 939 τῶν
1177 883 1333 960 προσηκόν-

53 1015 93 1052 των
115 995 224 1068 ἀξιοῦσα
248 997 369 1072 εῦμενιῖις
392 998 559 1076 ἀποδέχεται
581 997 627 1058 καί
649 1001 699 1074 τὴν
722 999 834 1078 αἴτησιν,
859 999 882 1059 εί
908 1001 966 1078 ἔχοι
988 1022 1012 1060 τι
1035 1001 1098 1079 παρ’
1120 1002 1218 1076 ἑαυτῆς
1241 999 1334 1074 ἀξιοῦ-

53 1137 129 1195 μενος,
152 1121 244 1198 ὥσπερ
266 1117 313 1178 καί
335 1117 379 1179 ἐπὶ
400 1125 446 1180 τοῦ
468 1123 610 1202 παρόντος.
640 1120 734 1198 ἐπειδὴ
756 1117 810 1202 γάρ
834 1121 863 1182 ἐν
885 1127 919 1203 τῇ
941 1126 1017 1200 νήσῳ
1038 1123 1142 1201 ίίάτμῳ
1165 1125 1252 1182 κεῖται
1275 1122 1335 1204 ἰερὰ

53 1238 174 1314 ἐκκλησία
192 1243 378 1316 σεμνυνομένη
402 1241 452 1316 μὲν
474 1241 516 1302 ἐπ’
533 1241 644 1317 ὀνόματι
666 1245 712 1302 τοῦ
733 1242 820 1322 ἀγίου,
846 1239 956 1315 ἐνδόξου
980 1245 1225 1323 μεγαλομάρτυρος
1241 1245 1334 1324 Γεωρ-

52 1362 100 1434 γίου
120 1366 164 1420 τοῦ
180 1363 394 1442 Τροπαισφόρου,
418 1362 603 1442 ἐπιλεγομένη
630 1363 660 1424 δὲ
683 1369 732 1441 τῆς
755 1365 856 1439 Πόθας,
883 1363 929 1425 καὶ
952 1364 1013 1444 περὶ
1035 1365 1134 1440 ταύτης
1158 1365 1335 1444 ἐνεφανίσθη-

52 1503 91 1540 τον
114 1482 167 1558 ἤδη
200 1484 243 1543 ἐπί
270 1485 379 1546 συνόδου
407 1481 485 1544 ἀλλα
508 1506 538 1544 τε
569 1483 684 1566 διάφορα
714 1487 886 1566 ἐνυπόγραφα
913 1489 1064 1566 γράμματα
1094 1485 1141 1546 καί
1173 1487 1334 1567 ἐσφράγιοτα

51 1607 99 1674 τοῖς
124 1605 195 1664 κατά
218 1607 299 1666 τόπον
321 1607 489 1686 ῦπογραφαῖς
511 1611 565 1666 τῶν
587 1609 809 1688 προκριπωτέρων
831 1613 994 1686 χριστιανῶν
1016 1607 1062 1667 καί
1085 1615 1118 1690 τῇ
1142 1608 1266 1689 σφραγῖδι
1288 1611 1334 1668 τοῦ

51 1723 99 1783 ἐκεῖ
124 1726 195 1806 ἱεροῦ
223 1725 270 1787 καί
297 1728 446 1804 σεβασμίου
467 1729 603 1807 ἡμετέρου
628 1733 826 1809 πατριαρχικοῦ
848 1728 895 1789 καί
917 1734 1133 1808 σταυροπηγικοῦ
1156 1729 1336 1807 μοναστηρίου

50 1850 88 1904 τοῦ
109 1847 186 1928 άγίσυ
209 1850 336 1910 Ἰωάννου
358 1855 404 1910 τοῦ
427 1849 581 1931 θεολόγου,
608 1851 647 1910 ἔτι
673 1850 704 1910 δὲ
727 1849 774 1910 καὶ
795 1853 913 1932 τέσσαρα
934 1851 1117 1930 πατρισφχικά
1138 1849 1186 1910 καί
1210 1850 1337 1910 συνοδικά

50 1971 204 2048 σιγιλλιώδη
227 1975 378 2052 γράμματα
400 1978 453 2032 τῶν
475 1975 799 2054 προπατριαρχευσάντων
814 1973 1143 2050 Κωνσταντινουπόλεως,
1166 1973 1197 2032 τό
1220 1972 1271 2050 μὲν
1290 1977 1336 2033 τοῦ

52 2091 165 2168 ἀοιδίμου
180 2093 323 2174 Σαμουὴλ,
346 2096 377 2153 τδ
398 2093 428 2152 δὲ
450 2097 497 2154 τοῦ
519 2095 619 2175 κυρίου,
642 2093 732 2175 κυρίου
749 2092 907 2174 Θεοδοσίου,
930 2095 960 2153 τό
984 2093 1015 2154 δὲ
1037 2097 1084 2154 τσῦ
1107 2094 1136 2153 ἐν
1159 2093 1281 2176 μακαρίᾳ
1303 2099 1336 2176 τῇ

50 2211 123 2287 λήξει
147 2216 297 2294 γενομένου
319 2215 481 2298 Σωφρονίου,
508 2219 539 2275 τδ
569 2215 600 2275 δέ
629 2221 674 2276 τοῦ
702 2215 864 2293 ἀειμνήστου
887 2215 1021 2296 Γαβριήλ,
1052 2215 1083 2276 οῦ
1111 2217 1202 2291 μέντοι
1230 2214 1337 2296 συνῳδὰ

50 2333 91 2394 καὶ
115 2340 243 2416 σύμφωνα
271 2337 424 2416 ἀλλήλοις,
452 2337 530 2397 ἀλλά
551 2336 585 2397 τά
607 2337 658 2412 μέν
685 2337 861 2416 ἐπικυροῦντα
882 2338 931 2413 τὴν
953 2338 1153 2418 προπατσρικὴν
1176 2337 1338 2416 κτητσρικίην

51 2457 132 2531 τἰτοῐς
155 2457 277 2532 ἐξουσίαν
299 2458 339 2537 τῷ
355 2459 462 2538 Μάρκῳ
479 2459 589 2540 Ῥαλλη
610 2458 658 2518 καί
679 2465 713 2540 τῇ
735 2460 874 2541 Κυριακῄ,
896 2464 953 2530 τοῖς
975 2456 1228 2539 πρωτεξαδέλφοις,
1250 2459 1285 2518 τὰ
1307 2457 1339 2518 δὲ

52 2577 77 2650 ἐξ
102 2582 229 2658 ἡμισείας
259 2581 403 2663 μερίζοντα
432 2582 530 2658 ταύτην
564 2581 610 2640 καί
640 2580 804 2641 ἀποδιδόντα
834 2583 864 2640 τδ
892 2581 942 2656 μέν
968 2587 1002 2662 τῇ
1024 2580 1120 2663 Ἄννη,
1151 2577 1261 2660 θυγατρὶ
1291 2586 1340 2655 τῆς

49 2703 108 2761 ποτὲ
130 2703 246 2780 Καλῆς,
274 2704 305 2762 τδ
327 2702 359 2762 δὲ
380 2705 437 2774 τοῖς
462 2704 569 2775 τέκνοις
595 2706 641 2761 τοῦ
662 2701 729 2762 ποτὲ
753 2701 898 2782 Γεωργίου,
927 2699 983 2760 υἱοῦ
1005 2706 1055 2776 τῆς
1077 2701 1143 2761 ποτὲ
1167 2699 1338 2778 θεολογοῦς.

51 2821 138 2899 ἐπειδὴ
165 2823 210 2884 οῦν
237 2829 348 2885 τοιαῦτα
375 2823 584 2902 ἐνεφανίσθησαν
612 2821 655 2884 ἐπὶ
682 2823 793 2882 συνόδου
819 2825 972 2902 γράμματα
998 2819 1045 2880 καί
1072 2823 1245 2900 παρέστησαν
1273 2823 1287 2880 δ
1309 2841 1339 2880 τε

50 2943 135 3022 ῥηθείς
163 2943 280 3026 Μάρκος
303 2945 423 3024 Ῥάλλη,
454 2947 469 3004 ό
496 2942 543 3004 καί
574 2944 715 3024 ἐπίτροπος
743 2949 793 3019 τῆς
819 2941 1052 3022 πρωτεξαδέλφης
1082 2943 1162 3002 αῦτοῦ
1184 2943 1338 3022 Κυριακῆς,

48 3064 90 3124 ναὶ
112 3067 126 3126 ό
150 3067 295 3143 Μανωλης
310 3065 435 3143 Κυλίδης
459 3067 637 3147 ἐπιτροπικῶς
660 3066 693 3125 ἐκ
715 3067 814 3145 μέρους
835 3070 889 3124 τῶν
912 3065 1014 3124 τέκνων
1037 3067 1082 3123 τοῦ
1106 3061 1250 3142 εἰρημένου
1271 3062 1338 3122 ποτὲ

50 3186 179 3268 Γεωργίου
208 3189 437 3268 ἀμφισβητοῦντες
467 3187 514 3248 καί
536 3189 785 3268 ἀντιδιαφερόμενοι
808 3185 852 3246 ἐπὶ
873 3186 984 3246 συνόδου
1006 3183 1053 3244 καί
1077 3182 1116 3257 είς
1137 3184 1263 3244 πίστωσιν
1286 3189 1341 3243 τῶν

48 3310 282 3388 προβαλλομένων
310 3311 393 3390 όγνον
414 3312 586 3392 γραμμάτων
609 3308 652 3369 ἐπὶ
674 3312 772 3388 χεῖρας
793 3308 1032 3389 προβαλλόμενοι,
1054 3307 1073 3383 η
1097 3308 1240 3387 μετριότης
1260 3306 1341 3382 ἡμῶν

49 3433 114 3504 μετὰ
140 3439 190 3510 τῆς
216 3431 279 3514 περὶ
300 3435 375 3509 ἡμᾶς
400 3438 454 3492 τῶν
481 3432 608 3510 ἀδελφῶν
636 3431 797 3510 όμηγῦρεως
823 3432 853 3490 τδ
876 3429 978 3508 ἀσαφές
998 3428 1090 3509 δρῶσα
1111 3432 1158 3488 τοῦ
1179 3429 1342 3507 πράγματος

47 3549 91 3612 καί
115 3555 339 3636 ταλαντευομένη
365 3559 399 3635 τῇ
429 3552 491 3635 δίκη
518 3553 565 3612 καὶ
593 3554 642 3613 οῦκ
663 3552 775 3632 ἔχουσα,
803 3553 877 3623 ὅπως
904 3545 1024 3626 βεβαίως
1049 3550 1201 3627 δικάσηται,
1230 3548 1289 3623 ἃμα
1311 3545 1343 3607 δὲ

47 3675 89 3734 καὶ
115 3677 177 3749 τοῦς
205 3673 476 3756 ἀντιδιαφερομένους
502 3675 593 3755 όριῦσα
617 3672 661 3733 ἐπὶ
683 3673 799 3734 πολλῶν
824 3671 890 3732 ἐτῦν
914 3671 1051 3747 διάστημα
1079 3673 1172 3731 ἕνεκεν
1194 3674 1243 3746 τῆς
1266 3669 1344 3744 δίκης

47 3798 141 3874 ταύτης
163 3797 211 3860 καί
234 3797 363 3878 διαφοράς
387 3797 595 3872 ἀποδημοῦντας
618 3795 668 3872 μὲν
691 3801 740 3872 τῆς
761 3794 900 3874 πατρίδος,
922 3793 1120 3868 πλανωμένους
1144 3791 1175 3851 δέ
1199 3791 1228 3850 έν
1251 3789 1343 3850 ἀλλο-

49 3918 118 4000 δαπῇ
145 3920 191 3981 καί
214 3919 490 4000 ταλαιπωρουμένους
515 3917 562 3979 καὶ
586 3920 636 3979 οῦκ
659 3917 743 3994 όλίγα
767 3916 979 3991 δαπανωμένους
1001 3912 1048 3974 καὶ
1070 3912 1211 3988 ἐπιτιμίοις
1235 3911 1342 3986 ἐκκλη-

48 4047 190 4116 σιαστικαῖς
209 4041 433 4124 περιβάλλοντος
456 4041 594 4117 ἀλλήλοις
617 4040 662 4100 διά
683 4045 799 4120 φρικτῦν
821 4043 1024 4118 πατριαρχιναῑιν
1037 4012 1192 4095 Ισυναδικοῦν
1208 4035 1343 4112 γραμμά-

48 4185 108 4245 των,
139 4165 221 4244 οίκτῳ
247 4165 404 4244 καμφθεῖσα
432 4160 475 4222 ἐπ’
500 4164 589 4233 αῦτσῖς
619 4161 829 4236 συνεβοῦλευσεν
861 4160 1001 4237 ἑκατέροις
1030 4157 1181 4217 παθοαοθαι
1215 4154 1265 4230 μὲν
1295 4160 1345 4230 τῆς

49 4285 177 4368 διαφοράς
198 4288 307 4365 τοῦτης,
331 4287 473 4367 ἐπιτρέψαι
489 4283 520 4344 δέ
535 4289 584 4359 τῆς
600 4279 751 4356 ἐκκλησίας
770 4281 869 4355 τάπης
890 4281 939 4354 τὴν
963 4276 1121 4339 δεσποτείαν
1144 4277 1345 4356 ἀφιερωσαντας

48 4409 91 4468 καὶ
120 4409 305 4486 ἀναθεμένους
332 4405 372 4478 εἰς
398 4408 444 4467 τδν
468 4407 530 4466 καθ’
553 4405 627 4480 ἡμᾶς
649 4407 741 4464 τοῦτον
765 4396 914 4482 άγιιίιτατον
935 4402 1141 4480 πατριαρχικόν,
1165 4398 1345 4458 ἀποστολικδν

48 4529 91 4589 καί
123 4530 311 4606 οἱκουμενικδν
339 4530 443 4609 θρόνον,
470 4528 516 4588 ίνσι
537 4527 674 4607 γενομένη
701 4524 894 4604 πατριαρχικη,
926 4520 1146 4602 σταυρσπηγιακὴ
1176 4519 1345 4600 προσηλωθῄ

48 4653 85 4730 τῳ
113 4651 252 4732 εἰρημένῳ
274 4651 346 4711 κατὰ
367 4651 449 4710 τόπον
472 4648 538 4728 ἱερῷ
561 4644 733 4725 μοναστηρίῳ
755 4649 802 4704 τοῦ
825 4642 902 4722 άγίου
927 4644 1052 4702 Ἰωάννου
1074 4644 1121 4702 τοῦ
1143 4640 1296 4720 Θεολόγσυ.
1321 4637 1347 4700 σί
