3160 5292
254 356 318 422 228

258 553 363 630 ζοντας,
387 549 480 610 οἱκαὶ
503 551 564 610 κατ’
581 550 667 625 ὄνομα
693 548 866 628 δηλούμενα,
893 553 939 610 τοῦ
961 569 991 608 τε
1017 547 1200 630 ίεροδιοικένου
1226 551 1306 628 κυροῦ
1327 546 1538 628 χαρτοφῦλακος,

254 677 334 752 κυροῦ
359 671 494 746 Μανσυῆλ
523 675 568 731 τοῦ
596 669 763 750 Σκουρίλλα,
793 675 874 750 κυροῦ
897 669 1032 750 Γεωργίου
1059 674 1104 730 τοῦ
1128 665 1313 750 Ἀμαρτώλου,
1344 666 1538 727 Κωνοταντίνου

254 799 300 854 τοῦ
321 795 461 870 Ῥόδονος,
486 795 606 871 Μιχαὴλ
628 799 674 853 τοῦ
697 795 809 873 Δρθσου,
833 794 968 872 Στεφάνου
990 797 1036 852 τοῦ
1060 793 1167 866 Γλαβοί,
1192 789 1298 866 Νικήτα
1319 795 1365 850 τοῦ
1387 791 1537 868 Φουρνάρη.

256 916 396 976 Νικολάου
423 920 469 975 τοῦ
492 916 649 993 Ἀβραμίου,
674 916 809 996 Γεωρχίου
837 919 882 974 τοῦ
906 917 1055 992 Φωτεινοῦ,
1081 915 1207 974 Ἰωάννου
1234 917 1280 974 τοῦ
1303 913 1397 990 Φάση,
1421 913 1538 970 ’Ἰωάννου

255 1043 301 1099 τοῦ
329 1041 477 1118 Μεντώνη,
507 1039 628 1116 Μιχαὴλ
657 1043 702 1097 τοῦ
730 1038 951 1116 Ἀμοιχειρεύτου,
979 1035 1117 1116 Θεοδὸρου
1146 1041 1192 1094 τοῦ
1215 1035 1382 1114 Χεντάρχου,
1411 1031 1538 1114 Γεωρχίου

255 1165 301 1218 τοῦ
325 1161 468 1240 Βεργωτῆ,
493 1160 695 1220 Κωνοταντίνου
717 1164 762 1220 τοῦ
784 1160 934 1236 Καλαμέα,
958 1157 1099 1218 Νικολάου
1121 1163 1168 1217 τοῦ
1191 1159 1317 1235 Μακροῦ,
1343 1155 1391 1214 καὶ
1420 1156 1472 1214 άπδ
1498 1161 1538 1228 τῆς

256 1281 413 1362 Στροβῆλου
436 1286 516 1362 κυροῦ
540 1281 650 1340 Παύλου
673 1285 719 1342 τοῦ
744 1281 905 1359 Μαγγούση,
930 1279 1024 1360 ἱερέως
1047 1284 1093 1338 τοῦ
1116 1279 1218 1357 Σωροῦ,
1243 1277 1350 1352 Νικήτα
1371 1281 1419 1338 τοῦ
1443 1277 1537 1355 Παχυ-

256 1405 348 1480 μένου,
372 1403 391 1460 Γ
393 1403 507 1484 εωρχίου
529 1407 575 1462 τοῦ
598 1404 728 1482 Καμοινά,
752 1403 878 1462 Ἰωάννου
901 1407 946 1461 τοῦ
969 1403 1189 1476 Βεβαπτιομένον
1216 1399 1262 1460 καὶ
1287 1405 1333 1458 τσῦ
1355 1400 1537 1480 καοτροφῦλτ-

255 1545 302 1594 κος
329 1529 375 1584 τοῦ
398 1525 598 1604 Παρδοβούνου,
625 1529 705 1604 κυροῦ
728 1523 868 1584 Νικολάου
894 1529 941 1583 τοῦ
964 1522 1114 1601 Χουρτίκή,
1142 1521 1189 1582 καὶ
1216 1522 1269 1580 ἀπὸ
1295 1527 1345 1596 τῆς
1373 1521 1479 1600 ἐνορίας
1500 1529 1538 1578 τοῦ

255 1647 395 1724 Κεφάλου,
419 1651 464 1706 τοῦ
486 1653 654 1725 πρωτοπαπᾶ
671 1645 859 1726 Θεοχιώστου,
883 1646 1086 1725 δευτερεύοντος
1110 1645 1245 1716 Ἰωάννου,
1268 1641 1315 1702 καί
1337 1649 1384 1702 τοῦ
1407 1644 1538 1722 καθηγου-

256 1769 337 1843 μένου
366 1773 416 1843 τῆς
446 1770 596 1844 σεβασμίας
627 1775 713 1846 μονῆς
742 1775 788 1830 τοῦ
816 1768 930 1848 Ἀλοου,
966 1772 1088 1846 μοναχοῦ
1109 1770 1189 1848 κυροῦ
1213 1765 1338 1843 Παύλου,
1369 1763 1417 1824 καὶ
1448 1765 1539 1842 ἐτέρων

256 1896 344 1968 τινῶν,
368 1891 480 1950 ἐνώπιον
501 1889 613 1950 καὶτοῦ
634 1891 794 1970 άρχιερέως,
818 1895 898 1970 κυροῦ
914 1891 1050 1970 Γαβριήλ
1074 1889 1120 1948 καί
1144 1890 1327 1968 ἐρωτήσαντες
1350 1888 1466 1966 τούτους,
1489 1896 1540 1954 πῦς

255 2011 420 2070 τὰτοιαῦτα
443 2007 543 2071 ἐλαϊκέ
566 2013 666 2092 δένδρα
689 2013 898 2088 ἀπεσπάσθησαν
925 2013 958 2071 ἐκ
979 2019 1028 2086 τῆς
1050 2017 1183 2090 περιοχῆς
1206 2015 1251 2070 τοῦ
1274 2011 1401 2088 Σωτῆρος
1424 2011 1539 2088 Χριστοῦ.

257 2131 334 2192 ἀλλὰ
362 2133 395 2206 δὴ
422 2132 469 2192 καὶ
496 2133 608 2213 ίδρύοιις,
637 2133 684 2192 καὶ
713 2135 830 2205 ἅπαντες
858 2129 928 2193 οῦτοι
956 2135 993 2204 ὡς
1023 2131 1053 2205 ἐξ
1081 2134 1141 2204 ἐνὀς
1169 2135 1304 2206 στόματος
1332 2131 1382 2213 μιᾷ
1411 2137 1443 2212 τῆ
1473 2136 1540 2208 φωνῇ

258 2251 417 2329 ἐξεβόησαν,
448 2256 488 2312 ὅτι
516 2255 656 2336 δυναστείᾳ
691 2235 837 2336 χρώμενος
871 2257 885 2312 θ
916 2256 1119 2332 άπευχούμενος
1153 2255 1298 2324 ἐπίσκοπος
1331 2257 1406 2332 κῦρις
1434 2244 1541 2320 Ἡσαΐας

256 2376 431 2454 καθήρπαοεν
461 2381 543 2436 ταῦτα
576 2377 623 2436 καί
650 2377 789 2436 ἀπέσπασε
818 2378 870 2435 άπδ
900 2383 949 2451 τῆς
975 2376 1132 2454 ὑπογραφῆς
1158 2380 1204 2435 τοῦ
1236 2372 1418 2454 ἐξωρισμένου
1445 2373 1540 2433 ἐκείνου

258 2495 303 2556 διὰ
324 2498 354 2555 τδ
377 2491 513 2557 εἶναικαὶ
538 2500 601 2558 αῦτδ
624 2500 789 2578 συμφέροντα
812 2497 850 2574 τῷ
873 2497 1009 2572 θελήματι
1035 2498 1145 2557 τούτου·
1175 2497 1235 2556 ἕθεν
1263 2497 1326 2556 οῦδὲ
1352 2497 1423 2556 κατά
1447 2491 1540 2554 δίκαιον

258 2617 344 2696 λόγον
366 2617 427 2678 οὔτε
441 2619 538 2697 γονικδι
556 2623 731 2698 τυγχάνουσιν
753 2627 803 2694 τῆς
827 2621 984 2698 ἐπισκοπῆς,
1010 2618 1070 2678 ούτε
1094 2619 1248 2698 ἀχοραοίαι,
1273 2617 1332 2679 οὔτε
1356 2618 1465 2698 δωρεαί,
1488 2616 1540 2674 οῦτε

261 2739 335 2800 ἄλλο
355 2761 388 2801 τι.
419 2741 539 2801 ἐντεῦθεν
560 2747 623 2820 γοῦν
645 2748 699 2800 τῶν
723 2744 863 2823 μαρτύρων
886 2743 1092 2822 ἀκροασάμεθα,
1115 2740 1207 2811 καθὼς
1229 2739 1275 2800 καὶ
1301 2741 1463 2814 δεδήλωται.
1488 2734 1540 2796 εἶτα

258 2859 305 2920 καί
328 2859 402 2934 αὖθις
424 2864 469 2922 τὀν
494 2862 638 2922 ἐπίσκοπον
660 2865 840 2944 ήρωτήσαμεν
863 2862 909 2922 καὶ
933 2863 1104 2938 ἐζητήσαμεν
1127 2862 1292 2936 δικαίωμαν·
1317 2863 1332 2920 δ
1355 2861 1387 2920 δὲ
1410 2863 1457 2921 οῦκ
1478 2861 1539 2934 ήδυ-

258 2984 327 3057 νήθη
356 2981 442 3055 δεῖξαι
464 2988 482 3058 ῆ
507 2985 551 3043 διὰ
578 2979 762 3058 δικαιώματος
784 2987 802 3058 ή
826 2984 870 3044 διὰ
893 2985 1043 3064 μαρτύρων,
1071 2985 1164 3054 καθὼς
1192 2983 1217 3042 οί
1240 2982 1355 3060 μοναχοί
1385 2985 1539 3061 ἐνεφάνησαν

258 3107 289 3166 τδ
316 3105 454 3180 δικαίωμα
480 3105 527 3164 καὶ
552 3107 601 3180 τὴν
629 3106 760 3180 διαθήκην
787 3110 833 3164 τοῦ
860 3109 1005 3184 κτήτορος,
1034 3105 1213 3184 ίερομονάχου
1240 3115 1319 3184 κυροῦ
1342 3106 1475 3182 Νεοφύτσυ
1500 3107 1539 3160 τοῦ

260 3227 395 3306 Ἀμπελᾶ,
419 3227 605 3300 ἀποσοβοῦντα
628 3230 661 3288 ἐκ
682 3234 731 3304 τῆς
753 3234 886 3306 περιοχῆς
908 3231 996 3303 πάσης
1017 3232 1064 3286 τοῦ
1086 3227 1214 3308 Σωτῆρος
1234 3229 1356 3307 Χριστοῦ,
1381 3227 1458 3286 ἀλλὰ
1476 3229 1534 3304 προ-

260 3369 336 3427 φαοιν
363 3350 448 3426 λόγου
471 3351 486 3407 δ
514 3351 658 3421 ἐπίσκοπος
684 3352 882 3428 ποιησάμενος,
914 3353 953 3408 ὅτι
981 3350 1141 3429 ἐκρατοῦντο
1169 3349 1243 3430 παρὰ
1265 3353 1310 3408 τοῦ
1332 3347 1393 3428 πρὶν
1416 3349 1536 3428 ἀρχιερα-

259 3471 381 3542 τεύοντος
408 3470 454 3529 καί
480 3471 627 3549 «ἐκράτουν
642 3475 724 3530 ταῦτα
739 3470 786 3530 καί
803 3472 859 3550 ἐγώ
875 3473 957 3550 μέχρι
973 3471 1019 3530 καί
1042 3475 1191 3552 τήμερον»,
1215 3471 1261 3530 καί
1286 3469 1344 3531 ἐπεὶ
1369 3472 1477 3550 εύρομεν
1498 3471 1536 3526 τὀν

261 3591 405 3652 ἐπίσκοπον
432 3593 495 3650 άνευ
523 3593 706 3666 δικαιώματος
733 3591 779 3651 καί
808 3594 998 3674 άμαρτύρωτον
1027 3595 1231 3672 άσυοτατοῦντα,
1261 3588 1452 3668 άπεδιύξαμεν
1470 3592 1536 3650 οῦτοι

260 3712 356 3771 τέλεον
387 3713 420 3771 ἐκ
448 3719 498 3788 τῆς
528 3721 659 3793 περιοχῆς
688 3719 740 3772 τῶν
772 3715 891 3774 ἐλαϊκῶν
924 3715 1044 3796 δένδρων
1074 3713 1119 3773 καί
1149 3721 1202 3773 τῶν
1234 3715 1319 3793 δρυῶν
1349 3720 1396 3775 τοῦ
1424 3717 1536 3792 Σωτῆρος

262 3835 377 3914 Χριστοῦ
399 3834 444 3892 καὶ
467 3835 702 3913 παραδεδώκαμεν
725 3840 807 3894 ταῦτα
828 3838 896 3916 προς
918 3844 951 3914 τῆ
975 3837 1086 3917 ῥηθείσῃ
1110 3837 1244 3916 σεβασμίᾳ
1269 3844 1339 3918 μονῆ
1362 3839 1409 3896 τοῦ
1424 3839 1535 3913 Σωτῆρος
1560 3859 1561 3897 ι

262 3957 385 4034 Χριστοῦ,
413 3958 504 4027 καθὼς
531 3953 591 4034 εἶχε
618 3961 702 4016 ταῦτα
728 3955 774 4015 καί
797 3960 935 4038 πρότερον.
966 3957 1024 4018 ἐπεὶ
1044 3963 1108 4036 χοῦν
1131 3955 1232 4017 καὶτὰ
1255 3959 1353 4037 γονικὰ
1374 3959 1431 4020 ἴδια
1452 3959 1534 4036 χωροί-

262 4098 307 4155 φια
337 4083 385 4152 τῆς
414 4079 539 4158 ῥηθείσης
569 4084 655 4154 μονῆς
684 4079 718 4137 τὰ
750 4079 910 4154 διακείμενα
940 4081 968 4138 ἐν
998 4087 1030 4160 τῇ
1063 4081 1153 4161 ἐνορίᾳ
1182 4087 1232 4156 τῆς
1260 4082 1470 4158 Ἀντιμαχαίας,
1491 4079 1535 4134 :inv
1559 4115 1560 4132 ι

263 4201 414 4278 Λουετρῶν,
446 4201 562 4280 ἔφθασαν
592 4199 638 4261 καὶ
666 4201 732 4262 αῦτδι
763 4201 965 4278 ἀποσπασθῆναι
998 4203 1029 4261 ἐκ
1059 4209 1108 4278 τῆς
1137 4211 1268 4282 περιοχῆς
1298 4209 1347 4279 τῆς
1379 4205 1535 4279 δηλουμένης

264 4326 349 4395 μονῆς
376 4325 422 4382 τοῦ
444 4323 571 4400 Σωτῆρος
594 4324 707 4402 Χριστοῦ
738 4323 781 4382 διά
811 4325 841 4382 το
871 4324 918 4382 οῦκ
947 4319 1015 4382 εἶναι
1042 4325 1056 4382 θ
1080 4324 1232 4404 ἐπικρατῶν
1263 4329 1355 4404 ταῦτα,
1385 4321 1533 4404 παραδεδώ-
1558 4373 1559 4414 ,

262 4463 350 4517 καμεν
372 4445 419 4502 καί
441 4445 508 4504 αῦτδι
531 4449 597 4522 πρδς
618 4452 651 4527 τῇ
676 4446 785 4526 ρηθείοῃ
810 4453 879 4528 μονῇ
904 4449 941 4516 ὡς
960 4446 1015 4506 ίδια
1038 4446 1083 4506 καί
1100 4448 1288 4527 κληρονομικά
1311 4449 1394 4524 αὐτῆς
1416 4449 1534 4522 κτήματα.

264 4563 357 4634 καθὼς
378 4567 396 4637 ή
418 4566 534 4642 κραταιά
555 4565 601 4623 καὶ
624 4565 690 4641 άχία
711 4567 789 4640 ήμῶν
812 4566 889 4646 κυρία
911 4566 957 4626 καί
980 4567 1117 4647 δέσποινα,
1141 4572 1178 4640 ὡς
1202 4568 1352 4648 ίδιύκτητον
1376 4571 1535 4645 μοναοτήριον

1557 4663 1558 4700 ι

265 4684 358 4762 αὐτῆς,
382 4683 426 4744 διὰ
449 4687 559 4764 ὁρισμοῦ
583 4689 665 4762 αὐτῆς
688 4687 790 4765 ἐφορῶν
813 4689 1010 4767 διακελεύεται,
1038 4693 1077 4762 ὡς
1099 4691 1142 4750 ἵνα
1165 4692 1217 4752 ἀπὸ
1232 4713 1267 4770 γε
1289 4697 1336 4752 τοῦ
1358 4697 1402 4752 νῦν
1423 4693 1439 4765 ἦ
1461 4687 1533 4762 ⁶⁵3²·
