3162 5278
1267 347 1327 411 311

46 543 110 618 μετὰ
130 543 176 618 τἠν
199 543 348 618 ἀποθέωσιν
371 545 451 604 αῦτοῦ
480 541 587 615 ἐντοῖς
610 541 686 614 ἰδίοις
707 541 864 614 πεκουλίοις
890 539 938 602 καί
959 545 1019 614 ταῖς
1042 541 1246 620 εὑρισκομένοις
1268 542 1334 621 παρ’

47 667 127 737 οἰστοῖς
150 665 315 744 περιουσίαις
342 667 395 736 ζιῦν
425 665 463 724 ἔτι
490 661 537 724 καὶ
564 666 647 742 ὑγιῶς
673 665 722 736 τάς
749 666 848 742 ρρένας
876 665 949 742 ἔχων
975 663 1046 722 κατά
1072 663 1122 735 τὰς
1144 655 1336 738 τετυπωμένας

46 787 112 865 παρὰ
140 789 195 857 τοῖς
225 785 309 866 ίεροῖς
335 787 429 861 νόμοις
455 789 634 866 περιστάσεις,
666 786 892 864 καταλεγόμενος
924 786 1026 845 ἕκαστα
1056 783 1103 845 καί
1135 784 1256 862 διορίζων
1287 784 1336 854 τὰς

47 910 225 982 ἐλεημοσθνας
254 909 333 968 αὐτοῦ
359 907 405 966 καὶ
434 907 467 966 τά
495 910 545 967 ὅσα
568 905 706 982 οἰκονομεῖ
728 907 794 988 ὑπὲρ
817 911 935 984 ψυχικῆς
957 906 1038 965 αῦτοῦ
1061 905 1211 986 σωτηρίας,
1239 906 1268 964 ἐν
1296 899 1337 978 οἰς

46 1029 140 1106 ὲρειλει
161 1031 213 1110 πρδ
235 1033 343 1089 πάντων
367 1027 490 1108 διορίζειν
515 1031 598 1109 μέρος
620 1050 645 1087 τι
674 1028 803 1108 ἁρμόδιον
826 1028 946 1106 λεγοίτου
968 1027 1047 1106 λόγῳ
1070 1027 1247 1087 ἀποδίδοσθαι
1268 1027 1336 1106 πρὸς

43 1152 86 1225 τὴν
114 1149 176 1210 καθ’
198 1153 275 1227 ἡμᾶς
305 1155 352 1211 τοῦ
378 1151 495 1232 Χριστοῦ
526 1152 655 1228 μεγάλην
686 1150 846 1229 ἐκκλησίαν,
882 1151 930 1224 τἠν
965 1150 1070 1229 μητέρα
1098 1147 1145 1208 καί
1177 1148 1334 1228 εῦεργέτιδα

45 1274 126 1353 ἀστοῦ,
154 1271 185 1346 ἐξ
211 1268 246 1350 ἧς
272 1273 369 1348 λαβὼν
398 1274 464 1350 έσγε
491 1271 537 1332 καί
568 1274 617 1348 τὴν
646 1269 723 1345 ἀξίαν
755 1270 802 1332 κοιί
832 1273 881 1346 τὴν
906 1273 987 1346 τιμὴν
1018 1268 1064 1329 καὶ
1092 1270 1140 1345 την
1167 1276 1260 1346 κτῆσιν
1287 1276 1337 1346 τῆς

42 1395 191 1474 περιουσίας
224 1394 271 1454 καί
302 1395 371 1469 μετά
402 1398 486 1454 ταῦτα
515 1395 548 1454 τὰ
578 1395 662 1454 λοιπὰ
692 1397 780 1454 πάντα
811 1391 1008 1472 διατάττεσθαι,
1043 1391 1187 1452 κάντεῦθεν
1217 1395 1291 1458 πάσα
1317 1391 1335 1464 ἡ

43 1519 144 1592 τοιαθτη
173 1518 290 1594 διαθήκη
319 1516 410 1593 ἐκείνη
438 1522 492 1576 τῶν
518 1518 586 1596 πρδς
612 1517 702 1596 κῦριον
732 1515 923 1591 ἐκδημοῦντων
950 1515 1101 1594 ἀρχιερέων
1127 1514 1181 1594 ἔχῃ
1203 1515 1234 1572 τὸ
1256 1517 1336 1592 κῦρος

43 1638 84 1698 καὶ
116 1639 164 1713 τἠν
194 1637 272 1717 ἰσχῦν
304 1637 351 1698 καὶ
381 1639 412 1698 τὀ
442 1639 643 1718 ἀμετάτρεπτον
677 1635 723 1696 κοιί
753 1638 783 1696 το
814 1637 990 1714 ἀμετάθετον,
1026 1637 1056 1694 τδ
1091 1635 1123 1694 δέ
1158 1637 1336 1715 μοναστηριον

44 1760 153 1842 διαμένῃ
184 1761 371 1836 ἀνενὲχλητον
402 1759 448 1820 καί
476 1760 677 1840 ἀνεπηρέαστον
707 1756 754 1817 καί
785 1757 871 1834 μηδὲν
904 1759 956 1839 ἔχη
986 1759 1138 1837 περαιτέρω
1169 1758 1258 1832 ζητεῖν
1287 1757 1337 1831 τὴν

43 1883 99 1940 καθ’
123 1883 197 1958 ήμσῖς
224 1887 272 1941 τοῦ
294 1883 410 1962 Χριστοῦ
437 1883 566 1960 μεγάλην
595 1879 746 1956 ἐκκλησίαν
773 1881 846 1960 παρά
873 1881 903 1938 το
931 1879 1062 1958 δισριοθὲν
1087 1879 1175 1938 ἐκεῖνο
1203 1877 1250 1938 καί
1273 1879 1336 1938 δια-

42 2003 137 2080 τυχθὲν
166 2005 195 2063 ἐν
222 2009 257 2085 τῇ
281 2003 399 2086 διαθήκη
427 2008 473 2064 τοῦ
499 2004 711 2078 τελευτήσαντος
735 2004 900 2084 ἀρχιερέως,
924 2004 990 2080 ὅπερ
1012 1998 1059 2060 καί
1082 1997 1137 2076 θεῷ
1159 1999 1206 2060 καί
1229 1996 1336 2081 ἀνθρώ-

41 2147 97 2196 ποις
125 2125 197 2186 ἐστὶν
222 2126 335 2206 ἀρεστον
358 2124 405 2184 καί
427 2121 562 2205 ἀνώτερον
584 2122 747 2198 πλεονεξίας
769 2125 841 2196 τινὀς
862 2122 909 2182 καὶ
932 2121 1110 2202 ἀδιακρισίας.
1135 2123 1165 2193 δς
1189 2120 1213 2179 δ’
1231 2123 1262 2180 ἀν
1286 2122 1336 2198 ὀψέ

42 2268 102 2306 ποτε
140 2247 275 2329 κακονοίᾳ
307 2247 357 2308 τινὶ
396 2249 526 2328 διανοηθῇ
560 2249 688 2324 ἀθετῆσαι
726 2249 760 2306 τὰ
794 2247 822 2306 έν
857 2245 896 2324 τῷ
929 2247 1040 2326 παρέντι
1073 2245 1257 2324 γεγραμμένα
1290 2241 1337 2303 καί

41 2368 210 2429 πλεονέκτιδι
239 2367 314 2449 χειρὶ
342 2369 471 2447 ἀδικῆσαι
500 2368 546 2429 καὶ
577 2367 738 2447 συνταράξαι
765 2369 794 2428 τδ
822 2371 1011 2447 μσναστίγριον,
1042 2363 1139 2438 ὁποίας
1165 2369 1204 2424 ὢν
1231 2363 1338 2438 τάξεως

42 2491 83 2549 καὶ
104 2491 197 2552 δποίου
218 2491 335 2570 βαθμοῦ,
360 2492 545 2570 ἀφωρισμένος
566 2489 609 2566 εἰη
631 2491 683 2550 ἀπὸ
706 2491 769 2550 θεοῦ
790 2489 837 2549 καὶ
859 2489 1051 2568 κατηραμένος
1073 2486 1120 2547 καὶ
1143 2488 1337 2566 ἀσυγχώρητος

42 2609 85 2670 καί
108 2612 211 2684 ἀλυτος
235 2612 305 2687 μετὰ
329 2615 442 2672 θάνατον
465 2610 512 2672 καί
536 2615 594 2680 ταῖς
617 2615 760 2690 πατρικαῖς
783 2610 828 2671 καί
852 2610 1002 2680 συνοδικαῖς
1022 2609 1099 2688 ἀραῖς
1119 2607 1255 2676 ὑπόδικος.
1278 2608 1339 2666 ὅθεν

43 2733 77 2806 εἰς
101 2733 215 2806 ἔνδειξιν
238 2734 285 2794 καὶ
308 2735 460 2813 ἀσφάλειαν
483 2736 605 2810 ἀπελῦθη
628 2736 658 2792 το
681 2735 766 2812 παρδν
786 2733 982 2812 πατριαρχικδν
1003 2733 1127 2808 γράμμα.
1154 2727 1279 2811 ,αχΙ-γέ,
1304 2729 1337 2787 ἐν

42 2855 114 2932 μηνὶ
139 2855 268 2936 ίουλίῳ,
291 2855 501 2927 ἰνδικτιῶνος
523 2855 561 2934 γ’.
585 2857 606 2933 †
881 2908 884 2914 .

42 2979 115 3058 †‘0
141 2977 281 3056 Ἐρέσου
305 2975 508 3047 Ἀθανσίσιος
532 2979 552 3056 †
713 2976 734 3053 †
758 2977 793 3032 '0
816 2972 986 3052 Λαρίσσης
1011 2972 1206 3048 Παρθένιος.
1231 2973 1252 3048 †

42 3099 661 3178 γὉ“ΗρακλείαςΒαρθολομαῖος.ίγ
714 3097 793 3175 †‘0
827 3143 832 3155 .
872 3143 877 3154 .
915 3142 921 3154 .
959 3141 965 3152 .
1000 3141 1005 3152 .
1039 3137 1046 3152 .
1080 3141 1086 3152 .
1120 3141 1126 3153 .
1159 3137 1166 3150 .
1196 3139 1203 3152 .
1231 3094 1252 3170 †
1317 3129 1320 3136 ·

42 3223 114 3298 †‘0
138 3223 272 3300 Σερριῦν
296 3220 473 3300 Κῦριλλος.
498 3221 518 3298 †
716 3217 795 3298 †‘0
819 3217 954 3295 Δράμας
983 3263 989 3272 .
1019 3263 1026 3278 .
1058 3261 1063 3274 .
1095 3259 1102 3273 .
1127 3259 1133 3271 .
1159 3257 1167 3271 .
1196 3259 1202 3272 .
1232 3213 1252 3290 †

44 3345 117 3418 †·0
153 3340 388 3418 Νικομηδείας
426 3341 664 3420 Παρθένιοςγ
717 3339 795 3420 †‘0
824 3387 830 3398 .
868 3385 875 3398 .
913 3384 919 3397 .
951 3383 957 3396 .
992 3385 998 3398 .
1036 3383 1041 3396 .
1076 3383 1081 3395 .
1115 3381 1121 3394 .
1155 3380 1161 3392 -
1195 3379 1201 3391 ·
1232 3333 1253 3410 †

43 3468 117 3544 ιν
146 3508 444 3526 ---------
474 3464 494 3540 †
534 3437 538 3444 '

143 3593 291 3662 Archetyp.
320 3591 396 3648 ἀίω.
422 3591 462 3645 ΙΙ.
493 3608 543 3644 ατο
565 3591 614 3659 57,
646 3589 717 3659 quod
737 3589 803 3642 Ιιασα
824 3588 918 3641 habet:
948 3579 1113 3654 Συμβέβηκε
1137 3573 1342 3652 ἀποβιώσαντος

43 3699 85 3751 τοῦ
106 3687 306 3768 Διδυμοτοίχου
329 3690 349 3746 Γ
352 3687 478 3769 ρηγορίου
506 3687 535 3746 ἐν
564 3694 597 3770 τῇ
625 3693 695 3768 μονῇ
725 3682 833 3770 (1693,
862 3686 900 3754 ὥς
924 3685 993 3743 ἐστιν
1023 3681 1088 3742 ἰδεῖν
1117 3679 1160 3741 ἐπὶ
1186 3686 1233 3741 τοῦ
1259 3683 1341 3759 τάφον

47 3799 118 3856 αὐτοῦ
143 3797 184 3855 ἔτι
212 3798 257 3852 νῦν
288 3795 441 3867 σωζομένου
471 3787 641 3870 ἀριστερέθεν
671 3797 720 3865 τῆς
751 3787 854 3848 εἰσόδου
886 3787 926 3860 εἰς
955 3788 1004 3862 τὴν
1035 3786 1122 3860 αῦλὴν
1152 3791 1200 3860 τῆς
1232 3781 1341 3866 μονῆς),

45 3901 249 3978 τροσκληθῆναι
276 3899 325 3956 ῦπδ
352 3904 402 3973 τῆς
431 3896 582 3970 ἐκκλησίας
608 3897 653 3954 τὀν
681 3895 889 3972 καθηγούμενον
911 3896 958 3952 τοῦ
982 3891 1073 3950 δοῦναι
1100 3891 1186 3966 λέγον
1209 3885 1270 3968 περὶ
1293 3893 1342 3964 τῆς

78 4067 82 4086 γ
117 4006 197 4076 υοίας
223 4007 270 4063 τοῦ
293 4001 497 4078 Διδυμοτοίχου.
527 4001 541 4058 ὁ
565 3998 596 4058 δέ
620 4000 867 4078 ἀπολογησάμενος
895 3993 942 4056 καὶ
970 3995 1059 4074 ἀθῷος
1083 3990 1201 4072 εὑρεθείς
1223 3991 1343 4072 ᾐτήσατο

58 4112 64 4124 ⁵
157 4109 163 4128 Ι

47 4131 71 4168 το
92 4129 191 4188 παρον.
