3184 5288
1291 373 1353 438 133

158 561 243 638 †'0
282 561 400 640 κριτὴς
437 565 498 622 τοῦ
536 561 640 636 βήλου
675 562 926 636 Κωνσιαντῖνος
962 565 1301 643 πρωτονωβελίσιμος
1339 567 1354 625 ό

72 682 248 756 Βαλσαμθιν
275 681 313 740 τά
338 685 488 762 παρόντα
517 682 572 743 ἴσα
598 690 656 760 τῆς
682 705 717 743 τε
748 685 968 760 ὑπομνήσεως
999 683 1054 745 καὶ
1084 691 1141 760 τῆς
1171 685 1354 762 βασιλικῆς

71 805 183 873 λῦσεως
205 805 275 874 τοῖς
297 805 524 883 πρωτοτῦποις
547 805 740 880 ἀντιβαλὼν
763 808 945 886 ῦπέγραήα.
969 807 990 886 †

159 931 310 1001 &emptor
331 933 417 987 σάατί.
442 933 518 990 Ιιίσσ.
542 953 592 988 nro
616 936 666 990 56.

270 1269 444 1334 XXXVII.
469 1269 695 1354 6705-1197,
719 1293 829 1336 mense
852 1272 948 1354 iunio,
971 1269 1036 1335 ind.
1060 1271 1134 1334 XV.

71 1433 175 1488 ίίυιισίιλι
190 1452 209 1486 α
227 1435 400 1490 Οσιισίαιιίῦισ
418 1434 573 1504 paphnutio
591 1433 740 1488 Εσοίνοσίιο
755 1435 839 1504 sacta
857 1435 1019 1488 πιοιιασίσνίο
1034 1443 1058 1488 τί
1074 1437 1167 1504 pactio
1182 1453 1242 1488 cum
1254 1436 1352 1489 eodem.

158 1653 454 1730 ήΚωνσταντῑνος
479 1648 697 1737 Ι][αρνσότιος
720 1655 735 1712 ό
758 1649 825 1738 καὶ]
849 1651 1058 1732 Ἐξώτροχος
1079 1651 1257 1733 προέταξα.
1282 1657 1303 1734 †

157 1775 249 1852 †'Ev
277 1774 388 1849 δνόματι
414 1779 462 1834 τοῦ
491 1775 593 1854 πατρός
620 1773 667 1836 καὶ
694 1779 740 1835 τοῦ
763 1774 819 1834 υἱοῦ
842 1773 957 1836 καὶτοῦ
980 1775 1242 1854 ἀγίουπνεῦματος.
1267 1777 1351 1836 Κων-

67 1897 190 1967 σταντῖνσς
210 1895 225 1954 ό
246 1892 419 1976 Ἐξιῦτροχος
441 1897 456 1954 ό
476 1894 523 1956 καί
543 1895 718 1974 Παρνοῦτιος,
741 1897 756 1956 ό
782 1895 829 1956 καί
861 1895 974 1956 ἐνταῦθα
996 1893 1182 1976 οίκειοχείρως
1205 1893 1353 1976 προτάξας,

66 2019 106 2090 τήν
130 2021 266 2096 παροῦσαν
293 2017 444 2096 ἐγγραρονΙ
459 2016 507 2076 καί
538 2018 720 2098 ἑνυπόγραρον
751 2017 821 2094 μετὰ
847 2016 1034 2098 προσενέξεως
1064 2016 1109 2076 καί
1139 2012 1354 2098 προσκυριίισεως

66 2139 206 2217 συμφωνίαν
228 2159 258 2197 τε
285 2136 333 2196 καὶ
360 2138 503 2217 ἀφιέρωσιν
531 2137 576 2200 καί
605 2139 821 2200 ἀποκατάστασιν
842 2143 889 2198 τοῦ
910 2141 1073 2219 πράγματος
1095 2137 1187 2214 τίθημι
1213 2137 1262 2198 καί
1283 2145 1353 2198 ποιῶ

68 2261 192 2338 ἓκουσίως,
221 2259 340 2340 ἀρόβως,
372 2260 508 2333 ἀβιάστως
537 2259 584 2320 καί
611 2260 841 2338 ἀμεταμελήτως,
869 2262 918 2322 ουκ
946 2261 1071 2331 ἔκτικας
1098 2260 1262 2336 ἀνάγκηςή
1290 2261 1352 2335 βίας

63 2373 79 2452 λή
100 2379 291 2455 δυναστείαςή
319 2387 492 2460 συναρπαγίγς
515 2385 533 2456 ή
560 2381 757 2458 δελεασμοῦή
786 2381 878 2457 ἀλλης
911 2388 960 2458 τῆς
992 2381 1098 2442 οίασοῦν
1128 2381 1265 2462 περινοίας
1302 2379 1350 2442 καί

68 2501 222 2581 δολιότητος,
251 2501 329 2562 ἀλλὰ
356 2503 427 2578 μετά
451 2504 562 2579 πολλῆς
585 2525 637 2580 μου
664 2504 775 2578 μᾶλλον
802 2509 851 2578 της
876 2503 1028 2583 προθυμίας
1053 2501 1100 2564 καί
1124 2503 1256 2580 μεγίστης
1279 2504 1351 2563 ἀπο-

68 2622 142 2700 δοχῆς
166 2622 213 2684 καί
241 2624 381 2702 όλοψόχου
407 2626 563 2704 προθέσεως
589 2623 636 2684 καί
659 2624 803 2704 ἀρεσκείας
825 2623 871 2684 καί
895 2625 965 2699 μετὰ
988 2625 1227 2704 μεμεριμνημένσυ
1250 2629 1352 2686 σκοποῦ

66 2744 104 2803 καὶ
131 2747 272 2825 χρονιαίας
301 2751 350 2821 τῆς
380 2744 551 2823 διασκέψεως
584 2744 632 2804 καὶ
663 2747 733 2820 μετὰ
762 2747 912 2806 καθολικοῦ
940 2744 988 2805 καὶ
1018 2745 1133 2821 νομίμου
1164 2745 1351 2824 δερενσίωνος,

65 2867 123 2943 πρός
144 2867 174 2926 σέ
200 2869 246 2927 τόν
269 2863 414 2928 ὁσιώτατον
436 2869 542 2946 πατέρα
569 2865 616 2928 καὶ
644 2867 772 2940 αἰθέντην
796 2889 858 2944 μου,
886 2870 931 2927 τὀν
958 2868 1163 2946 καθηγοίιμενον
1189 2872 1239 2940 τῆς
1267 2867 1351 2948 ἐντῇ

66 2989 129 3067 νήσῳ
158 2989 265 3068 Πάτμῳ
298 2987 498 3068 καθιδρυμένης
529 2985 611 3064 οὔσης
640 2987 792 3064 σεβασμίας
822 2995 908 3064 μονής
940 2994 990 3064 τής
1017 2986 1057 3061 είς
1086 2988 1173 3062 όνομα
1200 2991 1246 3048 τοῦ
1273 2986 1351 3066 ἁγίου

65 3108 104 3166 καί
135 3107 246 3182 ἐνδόξου
284 3110 437 3170 ἀποστόλου
475 3108 521 3170 καί
560 3109 756 3189 εὐαγγελιστοῦ
792 3110 926 3188 παρθένου
960 3111 1087 3170 Ἰωάννου
1119 3113 1166 3170 τοῦ
1196 3107 1351 3188 Θεαλόγου,

65 3233 176 3309 μοναχὸν
204 3235 278 3312 κῦριν
306 3233 451 3312 Ἄρσένιον,
479 3230 526 3292 καί
553 3231 599 3292 διά
625 3235 672 3292 σοῦ
698 3233 767 3311 πρός
792 3231 853 3301 τοὺς
880 3233 908 3290 έν
936 3231 1059 3314 αῐιτῄιή
1087 3237 1157 3314 μονῇ
1179 3229 1226 3300 καί
1249 3231 1298 3290 ῦπό
1320 3229 1351 3290 σὲ

66 3351 238 3429 ἀσκουμένους
261 3355 399 3433 μοναχοὶις
425 3351 472 3413 καί
500 3355 571 3413 ἅπαν
598 3355 628 3412 τό
652 3355 735 3434 μέρος
759 3355 852 3433 αῦτής,
874 3354 966 3423 καθὼς
990 3353 1189 3430 δηλωθήσεται.
1218 3349 1264 3412 καὶ
1286 3354 1350 3431 γάρ,

66 3473 96 3544 ῦς
124 3475 182 3534 ἐπεί
213 3475 248 3534 δι’
273 3475 392 3554 ἐφέσεως
423 3475 497 3552 έχων
525 3477 642 3534 πάντοτε
673 3473 719 3534 καὶ
749 3475 783 3533 τόν
812 3475 880 3552 πρδς
911 3474 1044 3550 σωτηρίαν
1071 3479 1119 3548 τῆς
1146 3477 1276 3547 ταπεινῆς
1299 3493 1351 3546 μου

66 3599 143 3673 ψυχῆς
168 3594 217 3656 καί
243 3601 289 3656 τοῦ
316 3595 412 3656 ἀθλίου
439 3615 491 3671 μου
517 3599 644 3670 σώματος
671 3593 715 3654 ἀεὶ
742 3595 878 3674 μελετῶν,
906 3598 976 3656 ὥστε
998 3594 1045 3654 καί
1067 3595 1201 3670 συνθήκας
1225 3593 1352 3654 ἐπέδωκα

67 3713 97 3788 είς
117 3719 187 3798 θεόν,
215 3715 264 3776 καί
289 3717 392 3794 λόγους
419 3717 489 3792 μετὰ
517 3721 565 3778 σοῦ
591 3721 638 3776 τοῦ
665 3715 837 3792 δηλωθέντος
859 3717 1067 3793 καθηγουμένου
1089 3715 1141 3795 πρό
1163 3735 1234 3786 τινος
1257 3717 1352 3794 καιροῦ

66 3836 104 3896 καὶ
129 3840 289 3919 ἀριεριίισεις
312 3839 415 3918 ἔφθασα
441 3843 551 3916 ποιῆσαι
573 3837 641 3919 πρός
668 3839 697 3897 τό
725 3837 914 3918 ἀποκαρθῆναί
936 3857 972 3913 με
1004 3837 1033 3896 ἐν
1055 3843 1089 3917 τῇ
1113 3835 1224 3916 ῥηθείσῃ
1247 3837 1296 3895 όπό
1320 3835 1351 3894 σέ

67 3959 189 4041 σεβασμίᾳ
219 3966 290 4042 μονῇ
321 3965 366 4020 τοῦ
395 3958 549 4039 θεολόγου,
573 3959 651 4020 ἀλλά
679 3957 727 4019 καί
754 3959 825 4020 δόσιν
852 3959 912 4018 τινθι
938 3956 985 4018 καὶ
1012 3957 1155 4038 ἀφιέρωσιν
1182 3959 1258 4028 ζώων
1284 3957 1352 4035 πρός

69 4081 139 4154 αἰτήν
170 4083 297 4160 θέμενος,
330 4081 404 4156 πλὴν
438 4081 529 4154 ἀκμὴν
563 4083 612 4142 οῦκ
642 4081 746 4157 ἔφθασα
780 4079 957 4160 ἐκπληρῶσαι
986 4081 1034 4154 τήν
1063 4079 1187 4154 τοιαῦτ-ην
1211 4099 1262 4152 μου
1283 4077 1352 4158 πρός

67 4200 119 4258 θέον
147 4203 248 4279 αἴτησιν
278 4203 457 4278 κωλυόμενος
488 4203 570 4282 μέχρι
599 4207 648 4277 τής
678 4205 797 4282 σήμερον
829 4199 873 4260 ἐπὶ
902 4202 961 4271 ταῖς
992 4201 1129 4274 βιωτικαῖς
1162 4199 1271 4280 ιῦρβαις
1304 4197 1351 4258 καὶ

67 4327 246 4404 περιστάσεσιν,
274 4323 402 4401 ήθέλησα
431 4323 481 4398 τὴν
508 4323 628 4402 σήμερον
654 4325 706 4381 κάν
734 4323 815 4396 αἰπήν
842 4341 872 4380 τε
900 4322 947 4395 τὴν
975 4321 1168 4400 ἀριερωθεῑσαν
1194 4321 1258 4400 παρ’
1284 4321 1351 4395 ἐμοῦ

68 4445 125 4520 πρός
145 4447 190 4522 τὴν
212 4446 337 4520 τοιαύτην
360 4445 446 4520 μονὴν
468 4443 625 4524 προσένεξιν
650 4444 827 4525 ἐκπληρῶσαί
840 4465 871 4502 τε
893 4441 945 4529 καὶ.
962 4441 1200 4517 ἀποκαταστῆσαι·
1224 4441 1270 4501 καί
1294 4441 1351 4501 ίδοθ

70 4563 107 4620 διέι
126 4571 167 4628 τοῦ
187 4567 321 4647 παρόντος
344 4566 481 4645 ἐγγράφου
504 4587 555 4642 μου
584 4565 737 4642 ἀποδίδωμι
760 4563 813 4624 ἀπό
835 4571 884 4640 τῆς
906 4566 1025 4643 σήμερον
1052 4563 1121 4642 πρός
1144 4563 1226 4638 αὐτήν
1249 4583 1278 4622 τε
1301 4564 1350 4637 τὴν

70 4686 146 4760 μονὴν
165 4695 211 4762 τῆς
235 4689 357 4767 Πάτμου,
380 4685 446 4766 ὑπὲρ
468 4691 585 4764 ιμνγικῆς
608 4707 660 4762 μου
688 4685 833 4766 σωτηρίοις,
862 4688 944 4744 ἕνεκα
967 4681 1014 4742 καὶ
1037 4684 1207 4760 μνημοσῦνου
1231 4683 1298 4759 ἐμοῦ
1320 4703 1350 4742 τε
