3184 5288
1307 349 1368 414 135

85 542 109 600 δέ
131 541 240 616 ἐτησίας
267 541 328 602 κοτ’
352 542 413 612 ἔτος
444 541 498 602 ἀπδ
528 542 578 614 τἠν
608 543 694 618 μονὴν
722 542 776 602 ἀπο
803 549 856 600 τῶν
883 544 1094 622 κατερχομένων
1123 543 1236 601 ένταύθα
1262 541 1368 602 πλοίων

83 665 162 738 arb-553,
187 665 270 742 χάριν
298 663 428 740 εὐλογίας
456 669 570 744 μικροῖς,
598 664 631 723 ἐκ
660 665 845 744 προαιρέσεως
877 669 923 722 σού
949 683 979 722 τε
1008 668 1055 722 τοῦ
1084 664 1292 742 καθηγουμένου
1321 661 1368 724 καὶ

83 789 127 842 τῶν
155 790 293 864 μονα-χῶν,
322 786 420 864 μέχρις
447 787 480 844 ἂν
510 783 539 844 ἐν
556 783 636 864 ,τῷδε
663 782 702 862 τῷ
733 785 784 864 βίῳ
811 791 1013 864 προοκαρτερῶ,
1042 785 1146 857 άλατος
1176 783 1279 860 μοδίων
1308 805 1366 864 τρι-

80 905 195 964 τινακίων
218 904 314 984 είνοοι,
339 905 446 986 ὀσπρίου
469 904 623 985 φασουλίων
646 905 749 980 μοδίων
770 905 873 980 ὁμοίως
899 912 979 984 τριῶν
1001 905 1048 966 καὶ
1076 906 1239 986 άμυγδάλου
1269 905 1365 982 μοδίου

80 1027 161 1100 ίμοίου
183 1027 254 1106 ένύς,
279 1025 349 1102 μττέι
372 1027 404 1086 δέ
427 1027 474 1104 τὴν
502 1027 650 1108 άπὸκαροίν
673 1047 725 1104 μου
747 1029 913 1102 παυθησεται
936 1029 953 1102 ἡ
976 1029 1085 1102 τοιαύτη
1109 1029 1197 1100 δύσις·
1221 1025 1367 1088 ἀλλὰκαὶ

81 1149 134 1206 αἰτδ
154 1149 184 1207 τδ
207 1149 380 1224 μνημόσυνον
404 1149 471 1225 ἐμοῦ
494 1169 523 1208 τε
550 1147 673 1224 κάλπης
696 1149 830 1227 ὁμοζύγου
853 1169 905 1226 μου
933 1148 980 1210 καὶ
1003 1153 1090 1210 αύτιῖιν
1113 1159 1166 1208 τῶν
1188 1149 1292 1210 παίδων
1316 1169 1367 1223 μου

78 1269 212 1346 ίφειλομεν
240 1271 316 1348 ἔχειν
344 1270 397 1330 άπδ
425 1277 474 1346 τῆς
501 1272 632 1351 σάμερον,
659 1243 760 1342 ζ’ῶντες
781 1269 829 1330 καί
852 1271 924 1346 μετὰ
946 1273 1071 1351 θάνατον,
1095 1271 1148 1330 άπδ
1170 1277 1220 1348 της
1241 1273 1367 1345 τοιαύτης

77 1397 153 1466 μονῆς
178 1389 225 1450 καὶ
248 1397 302 1451 τῶν
325 1391 463 1472 ἀδελφῶν,
488 1393 693 1452 ἀκατάπαυστον
715 1411 745 1452 τε
772 1391 819 1452 καὶ
843 1392 961 1474 αίάινιον,
985 1395 1084 1473 μέχρις
1107 1395 1139 1451 θίν
1162 1393 1313 1453 συνίσταται
1335 1394 1365 1451 τθ

76 1510 203 1590 τερίγειον
226 1515 273 1572 τοῦ
295 1515 400 1588 κόσμου
422 1513 525 1592 τούτου,
548 1513 611 1574 καθ’
632 1515 745 1574 ἕκαστον
769 1513 864 1594 δρθρον
886 1533 916 1573 τε
943 1513 989 1573 καὶ
1012 1515 1129 1592 ἑσπέραν
1152 1513 1198 1573 καὶ
1222 1513 1251 1572 ἐν
1274 1513 1367 1586 αθτοιϊς

74 1639 127 1704 ταῖς
154 1633 246 1711 ἁγίαις
277 1632 324 1694 καὶ
351 1634 437 1706 θείαις
468 1634 684 1713 ίεροτελεοτείας
716 1635 745 1694 ἐν
773 1635 838 1716 αἰτῇ
865 1641 898 1716 τῇ
927 1641 997 1716 μονῇ
1024 1635 1220 1709 τελουμένοις·
1245 1634 1289 1694 διὰ
1312 1635 1366 1712 γὰρ

76 1761 143 1814 τούτο
166 1753 213 1814 καί
235 1755 266 1814 τ“ο
288 1756 374 1836 παρὀν
396 1763 446 1832 της
470 1755 623 1836 συμφωνίας
647 1757 717 1832 μετὰ
739 1763 798 1836 της,
822 1757 859 1828 ὡς
883 1755 996 1836 εἴρηται,
1019 1752 1207 1836 προσενέξεως
1230 1757 1366 1835 έγγροιφέν

75 1897 119 1948 μου
141 1877 209 1957 πρὸς
231 1878 263 1935 σέ
285 1897 314 1936 τε
337 1879 383 1936 τὀν
410 1876 594 1956 διαληφθέντα
621 1879 839 1958 καθηγούμενον,
865 1879 911 1938 τδν
938 1879 1082 1937 ὁσιώτατον
1108 1881 1214 1956 πατέρα
1243 1880 1290 1936 καί
1314 1880 1365 1937 αύ-

74 1999 159 2072 θέτιην
175 2019 238 2080 μου,
261 1999 307 2058 τδν
330 2001 453 2077 μοναχδν
475 2003 549 2079 κύριν
570 1999 717 2079 Ἀρσέντον,
740 1998 787 2059 καί
810 2001 878 2080 προς
901 1999 962 2071 τούς
987 2001 1015 2059 ἐν
1037 2005 1071 2080 τῇ
1094 2001 1203 2081 τοιαύτῃ
1227 2007 1296 2082 μονῇ
1320 2005 1365 2060 τού

75 2119 218 2194 ἐπιστηθίου
245 2119 292 2179 καὶ
314 2120 495 2200 ἠγαπημένον
520 2119 560 2200 τῷ
587 2127 687 2202 σωτῆρι
710 2119 818 2200 Χριστῷ
841 2121 970 2180 Ἰωάννου
996 2119 1043 2180 καί
1070 2121 1215 2200 Θεολύγου
1242 2122 1364 2192 ἅπαντας

74 2242 220 2319 μονοχούς,
248 2240 295 2300 καὶ
322 2241 390 2322 πρδς
416 2241 477 2312 τούς
504 2243 566 2316 μεθ’
589 2243 660 2318 ύμάς
688 2241 886 2317 ἐλευσομένους
913 2243 1052 2320 μοναχούς
1078 2240 1125 2302 καί
1150 2245 1218 2321 πρδς
1239 2243 1270 2300 τ“ο
1294 2243 1365 2300 ἅπαν

73 2365 150 2440 μέρος
172 2369 222 2439 τῆς
244 2364 369 2440 τοιαύτης
392 2369 478 2439 μονῆς
501 2361 635 2438 ἑξεθέμην
659 2363 729 2438 μετὰ
751 2361 798 2422 καί
820 2368 865 2423 τοῦ
889 2365 988 2443 μέρους
1011 2383 1072 2440 μου,
1096 2363 1131 2422 δι’
1155 2356 1254 2423 οὔκαὶ
1277 2363 1365 2442 ἀσφα-

72 2484 186 2566 λίςομαι,
222 2486 261 2554 ὡς
292 2485 367 2564 εύτερ
402 2485 544 2564 ἐσύστερον
578 2485 650 2560 μετὰ
679 2486 728 2560 τὴν
758 2485 882 2559 τοιαύτην
913 2485 985 2544 δύσιν
1015 2491 1065 2562 τῆς
1094 2481 1283 2566 προσενέξεως
1312 2483 1365 2543 τιῖιν

71 2607 320 2686 ἀναγεγραμμένων
343 2601 420 2677 ζώων
442 2605 489 2666 καί
511 2611 557 2666 τοῦ
579 2609 679 2688 σπόρου
701 2606 748 2666 καί
773 2603 843 2692 [τῆς]
867 2606 981 2678 ἀννὸνας
1002 2611 1049 2666 τού
1072 2607 1214 2685 ζευγαρίου
1243 2604 1290 2665 καὶ
1319 2610 1365 2666 τοῦ

71 2727 177 2805 μισθίου,
208 2729 248 2800 ὡς
277 2727 393 2808 εἴρηται,
423 2727 582 2803 μετάμελος
609 2729 734 2805 γένωμαι
763 2731 830 2808 προς
859 2729 908 2804 τὴν
938 2731 1062 2804 τοιαύτην
1094 2728 1166 2788 δύσιν
1207 2727 1254 2787 καί
1288 2732 1360 2804 ζητῶ
1396 2721 1398 2726 ’

71 2850 271 2930 άντιοτροφῆναί
299 2871 344 2925 μοι
376 2851 410 2910 τὰ
443 2853 507 2932 παρ’
537 2851 604 2926 ἐμοῦ
636 2851 749 2911 δοθέντα
782 2850 828 2911 καὶ
863 2847 1070 2936 άφ[ιερω]θέντα
1100 2856 1134 2932 τῇ
1165 2857 1235 2932 μονῇ
1264 2853 1283 2924 ἢ
1314 2850 1366 2928 πρδ

69 2977 116 3046 της
148 2972 328 3051 άποκάροειύς
363 2993 415 3046 μου
452 2971 517 3044 ἴσως
551 2975 569 3047 ἡ
600 2971 647 3032 καὶ
679 2973 750 3047 μετὰ
782 2972 831 3048 τὴν
863 2969 1012 3051 άπύκαροίν
1040 2991 1090 3046 μου
1120 2973 1139 3046 ἢ
1166 2969 1213 3030 καὶ
1243 2971 1307 3030 αύτδ
1335 2972 1366 3029 τ“ο

70 3094 130 3171 παρ’
154 3095 222 3168 ἐμοῦ
253 3094 393 3172 ἐσύστερον
421 3093 555 3167 μέλλοντι
583 3093 695 3169 δοθῆναι
721 3096 788 3174 προς
815 3095 863 3168 τὴν
891 3097 987 3172 μονήν,
1018 3091 1041 3152 εί
1064 3092 1129 3164 ἴσως
1153 3093 1249 3172 εὑρεθῇ
1273 3091 1320 3166 μοί
1341 3111 1366 3150 τι

71 3214 97 3271 ἐν
130 3215 168 3294 τῷ
196 3213 286 3295 καιρῷ
321 3221 371 3289 της
401 3209 581 3295 άποκάρσεώς
609 3233 660 3289 μου
691 3215 820 3275 ἐπέκεινα
848 3222 902 3274 τῶν
932 3214 1109 3290 δηλουμένων
1140 3216 1217 3284 ζώων
1247 3211 1294 3273 καὶ
1320 3217 1366 3272 τού

71 3338 226 3418 οιτοκρίθου,
255 3345 309 3396 τῶν
338 3336 385 3396 καὶ
416 3333 619 3416 ἀφιερωθέντων
649 3338 713 3416 παρ’
738 3337 805 3412 ἐμοῦ
834 3339 901 3416 πρδς
932 3337 1013 3410 αότὴν
1043 3337 1091 3412 τὴν
1119 3338 1215 3414 μονήν,
1243 3335 1292 3393 ἐὰν
1318 3333 1365 3394 καί

71 3459 161 3534 φθάσω
182 3457 352 3537 παραδοῦναι
375 3457 439 3516 αύτδ
461 3459 528 3536 πρδς
551 3457 643 3536 αύτην,
671 3459 744 3532 ζητῶ
771 3457 976 3536 άντιστραφήναί
1000 3477 1045 3531 μοι
1069 3455 1115 3516 καὶ
1138 3457 1155 3514 ά
1180 3501 1347 3516 ......
1356 3501 1364 3532 ,

70 3577 150 3650 ἢέπί
170 3585 220 3654 της
244 3575 420 3664 ζω[αρ]κτίας
444 3600 496 3655 μου
524 3577 750 3652 σκανδαλίζωμαι
777 3576 824 3636 καί
848 3579 923 3638 έλκω
946 3580 1017 3652 ύμᾶς
1040 3577 1157 3653 κοίτην
1181 3579 1267 3652 μονίην
1290 3578 1363 3651 ύμῶν

72 3698 108 3772 είς
129 3703 158 3760 τ“ο
184 3701 313 3775 πλέονη
342 3699 389 3760 καὶ
418 3700 462 3758 ἐπ’
486 3699 559 3778 αύτῷ
585 3699 624 3777 τῷ
652 3701 786 3779 ἀνθρώπῳ
810 3719 861 3776 μου
887 3698 926 3777 τῷ
949 3695 1106 3784 μέλλ[οντι]
1133 3699 1304 3760 ἐκδουλεύειν
1328 3717 1364 3772 με

72 3821 154 3904 ἐν-τῇ
182 3829 252 3904 μονῇ
282 3819 329 3882 καὶ
359 3822 455 3882 λοιπδν
490 3822 618 3898 βουληθῶ
649 3821 799 3901 ἀνατρέψαι
828 3822 877 3896 τὴν
904 3825 1040 3900 παρούοοίν
1069 3843 1121 3896 μου
1151 3823 1305 3900 συμφωνίαν
1334 3821 1363 3880 ἐν

71 3945 144 4022 μέρει
173 3948 191 4018 η
220 3941 269 4003 καὶ
299 3943 361 4002 καθ’
389 3943 556 4024 ὁλόκληρον,
583 3946 602 4016 ἡ
633 3944 673 4002 δτι
704 3943 780 4022 ῥῆμα
809 3944 839 4002 ἓν
868 3942 915 4002 καί
946 3946 1028 4018 μονον
1058 3947 1076 4018 ἡ
1107 3941 1234 4015 διάσιιξιν
1264 3943 1363 4018 ταύτης

72 4063 183 4124 ἐκκλίνω
209 4068 229 4139 ἢ
266 4065 449 4144 παραθραίσω
476 4067 494 4138 ἡ
527 4063 687 4145 άλλοιωσω,
718 4064 757 4139 μὴ
791 4065 873 4138 μόνον
905 4063 1069 4138 άνηκοιιστος
1099 4063 1145 4124 καί
1176 4062 1363 4144 άπρέοδεκτος

72 4185 161 4258 ἔσομαι
183 4187 236 4246 άπδ
258 4185 360 4256 παντδς
382 4184 554 4264 δικαστηρίου
576 4182 623 4242 καὶ
646 4187 729 4260 νόμου
751 4184 892 4244 πολιτικοῦ
914 4187 944 4243 τέ
966 4206 1034 4264 φημι
1056 4183 1103 4244 καὶ
1125 4185 1361 4262 έκκλησιαοτικού,

73 4304 144 4364 ἀλλὰ
170 4306 218 4367 καὶ
243 4308 293 4382 τὴν
320 4305 388 4386 άρδν
415 4303 470 4379 έξω
496 4309 604 4366 πάντων
631 4311 684 4366 τῶν
712 4306 796 4384 ἁγίων
825 4304 872 4365 καὶ
898 4309 945 4365 τού
972 4306 1050 4384 ἁγίου
1080 4305 1128 4365 καὶ
1155 4303 1266 4378 ἐνδόξου
1289 4306 1361 4366 άπο-

73 4431 164 4490 στόλου
188 4427 237 4490 καὶ
264 4429 461 4508 εύαγγελιοτού
490 4427 636 4506 Θεολέγου
662 4426 709 4488 καίΙ
731 4429 762 4487 τδ
785 4427 910 4504 ἀνάθεμα
935 4427 981 4486 καὶ
1004 4427 1052 4503 τὴν
1075 4427 1143 4506 ἀρὰν
1165 4431 1219 4486 τῶν
1242 4429 1272 4487 ἐν
1295 4429 1361 4510 αύιῆ

72 4556 104 4629 ’τῇ
129 4559 195 4634 μονῇ
226 4552 403 4626 ἀσκουμένων
431 4549 570 4629 μοναχῶν,
601 4549 679 4608 ἀλλὰ
705 4547 752 4608 καὶ
779 4550 851 4621 ὅστις
878 4549 931 4608 άπδ
958 4553 1003 4609 τού
1031 4550 1131 4628 μέρους
1154 4569 1206 4624 μου
1235 4548 1269 4608 τὰ
1291 4549 1362 4609 κατὰ

72 4673 165 4748 ταύτης
188 4679 238 4748 τῆς
264 4673 402 4753 παρούσης
424 4693 476 4748 μου
503 4670 656 4750 συμφωνίας
686 4669 733 4730 καί
759 4666 947 4751 προσενέξεως
975 4671 1098 4754 βουληθῇ
1126 4671 1284 4751 ἀνατρέπειν
1314 4669 1361 4730 καὶ
