3162 5278
1272 323 1335 388 307

54 516 105 588 τούς
127 517 246 597 ἐνεργεῖν
272 517 322 590 τὴν
345 519 391 575 τού
413 521 485 594 σφῶν
507 517 660 594 ἡγουμένου
682 515 866 597 προχείρηειν.
895 517 957 592 μεθ’
977 519 1007 576 δν
1030 518 1180 596 ἁγιώτατον
1202 519 1336 598 πατριάρ-

54 659 108 716 χην,
133 641 180 716 κύρ
208 638 350 716 Ἰωάννην,
379 636 427 696 καί
454 639 541 717 ἕτεροι
571 638 643 698 κατά
668 638 778 717 καιρούς
805 639 984 718 πατριάρχαι,
1014 643 1064 718 κύρ
1087 639 1197 710 Λουκᾶς
1226 637 1336 714 δηλαδὴ

53 758 91 818 καί
111 765 158 838 κύρ
181 759 294 834 Συμεὼν
316 757 363 818 καὶ
387 763 436 838 κύρ
461 759 589 840 Ἰωάσαφ,
612 766 661 838 κύρ
684 760 825 838 Κύριλλος
844 758 894 818 ,καὶ
918 761 1000 818 ἄλλοι
1022 765 1076 820 τῶν
1100 763 1338 840 μεταγενεστέρων

53 877 114 938 κατά
138 880 221 940 ταύτά
247 882 304 952 τοῖς
332 879 409 950 ἰδίοις
437 879 523 939 αύτῶν
552 880 755 958 σιγιλλιῶδεσιν
782 881 955 956 ὑπομνήμασι
981 881 1016 939 τά
1037 885 1172 960 προνόμια
1197 886 1243 941 τού
1266 881 1339 962 ἱεροῦ

54 1003 122 1060 τάτού
149 1002 328 1082 μοναστηρίου
355 1003 443 1062 σθένει
473 1001 552 1060 παντὶ
582 1003 788 1082 διεκρατύναντο
818 1004 1091 1083 προσεπικυρούμενσι
1121 1003 1154 1061 τά
1183 1009 1237 1062 τῶν
1267 1025 1338 1082 προ-

52 1127 207 1204 γενεστέρων
235 1123 261 1183 οἱ
288 1126 513 1204 μεταγενέστεροι
540 1127 621 1204 χάριν
645 1125 806 1204 εὐλαβείας,
835 1126 967 1200 σέμνωμα
989 1129 1071 1184 ταύτοι
1095 1127 1245 1203 φάσκοντες
1269 1121 1338 1184 εἶναι

52 1244 232 1326 τῇπεριδόξῳ
254 1247 336 1328 ταύτῃ
360 1252 431 1328 μονῇ
453 1245 659 1326 προσαρμοοθὲν
682 1247 732 1306 ύπό
757 1247 901 1322 βασιλικῆς
925 1247 1065 1321 εὐσεβείας
1088 1247 1133 1306 διά
1154 1249 1185 1306 τό
1207 1249 1252 1306 τόν
1277 1247 1338 1306 έπι-

53 1370 148 1440 πηθιον
179 1369 283 1428 ἐκεῖνον
315 1369 439 1445 μαθητὴν
468 1367 516 1428 καί
547 1369 699 1429 ἀπόστολον
727 1369 858 1443 Ἰωάννην
886 1370 932 1428 τδν
960 1368 1114 1447 Θεολόγον,
1150 1369 1178 1427 έν
1209 1370 1275 1450 αύτῃ
1305 1375 1339 1450 τῇ

51 1493 115 1568 νήσῳ
142 1492 171 1549 τό
197 1489 270 1568 ἱερόν
298 1490 503 1568 συγγράψασθαι
531 1491 706 1569 εύοιγγέλιον,
734 1489 781 1550 καί
808 1491 875 1569 πρός
904 1491 934 1549 τδ
962 1491 1106 1564 βασιλικόν
1132 1489 1339 1570 χρυσόβουλλον

52 1611 209 1683 ἀτενίζοντες
234 1610 281 1670 καὶ
306 1611 395 1670 έκεῖνο
418 1609 524 1690 συνῳδὰ
547 1611 753 1672 διακελεύονται
779 1615 829 1688 την
852 1612 1004 1688 σεβασμίσιν
1026 1613 1124 1686 ταύτην
1147 1612 1233 1686 μονὴν
1256 1614 1339 1672 αύτο-

52 1731 171 1793 Ξέτποτον
199 1727 269 1792 εἶναι
295 1731 342 1792 καί
364 1733 426 1791 καθ’
452 1733 558 1814 ἑαυτήν,
585 1735 630 1792 τόν
653 1754 684 1792 τε
705 1739 895 1808 πνευματικῶς
917 1736 1114 1812 προϊστάμενον
1141 1739 1195 1792 τῶν
1220 1733 1248 1792 έν
1272 1734 1338 1816 αύτῇ

51 1856 265 1930 οινοοκουμένων
293 1859 423 1932 μοναχῶν
452 1855 549 1930 μηδενί
570 1875 637 1915 ποτε
663 1858 799 1935 προσώπῳ
827 1855 1004 1930 ύποκείμενον
1031 1851 1110 1934 εἶναι,
1142 1853 1203 1915 οὔτε
1230 1855 1338 1932 ἐκκλη-

50 1973 178 2056 σιαττικῷ,
203 1973 263 2034 ούτε
286 1975 421 2053 κοσμικῷ,
445 1978 531 2052 μόνην
555 1975 585 2035 δέ
607 1977 656 2052 τὴν
678 1977 877 2055 πατριαρχικὴν
901 1977 1106 2054 μεγαλειότητα
1127 1977 1253 2056 κεφαλὴν
1277 1977 1339 2036 έπι-

49 2092 182 2171 γινώσκειν
210 2099 405 2176 πνευματικήν,
432 2099 500 2177 πρός
528 2095 559 2156 δὲ
586 2103 619 2180 τῇ
646 2103 695 2174 τῆς
722 2104 808 2174 μονῆς
835 2099 968 2178 κυρτότητι
992 2095 1130 2175 διεξάγειν
1154 2099 1232 2158 αύτδν
1255 2117 1339 2158 πνευ-

50 2224 164 2290 ματικῶς
191 2217 238 2278 καί
266 2222 369 2289 πάντας
399 2219 461 2291 τούς
489 2219 517 2278 ἐν
545 2222 611 2300 αὐτῇ
638 2225 671 2302 τῇ
699 2223 773 2298 νήσῳ
801 2218 939 2290 οἰκοῦντας
965 2219 1134 2298 χριοτιανάυς
1161 2217 1207 2278 καὶ
1235 2222 1340 2290 πάντας

50 2339 103 2411 τούς
123 2341 365 2420 προσκαθημένους
388 2339 416 2398 ἑν
439 2341 496 2412 τοῖς
518 2343 636 2415 κτήμασι
659 2334 706 2400 καί
729 2339 868 2418 μετσχίοις
891 2345 939 2416 τῆς
962 2347 1049 2418 μονῆς
1070 2339 1117 2399 καί
1137 2339 1244 2400 πάντων
1266 2341 1341 2418 ἔχειν

49 2461 91 2534 τἠν
110 2461 294 2538 πνευματικὴν
315 2461 453 2541 ἀνάκρισιν
475 2460 522 2521 καὶ
546 2461 676 2538 διοίκησιν
698 2462 745 2522 καί
768 2463 920 2537 ποιμαίνειν
945 2462 1038 2533 αύτούς
1060 2468 1248 2536 πνευματικῶς
1271 2462 1343 2522 κατὰ

49 2581 91 2656 τὴν
119 2582 231 2642 ἐνοῦσαν
259 2581 331 2662 αύτῷ
359 2582 498 2663 διάκρισιν,
527 2583 634 2659 μηδένα
656 2604 686 2643 τε
708 2590 761 2643 τῶν
785 2585 937 2665 ἀρχιερέων
959 2583 1131 2665 παρείσδυσίν
1154 2604 1212 2642 τινα
1237 2591 1342 2658 κεκτη-

51 2704 106 2762 οθσιι
132 2706 162 2764 τό
188 2707 318 2784 παράπαν
345 2702 405 2764 ούτε
433 2725 462 2763 εν
483 2726 517 2786 τη
541 2725 625 2787 μονῃ,
652 2726 714 2764 ουτε
737 2727 767 2764 εν
790 2726 839 2765 τινι
861 2711 915 2765 τῶν
939 2706 988 2766 ύπό
1010 2707 1059 2780 τὴν
1083 2707 1168 2780 μονὴν
1191 2705 1342 2766 τελούντων

50 2829 199 2906 κτημάτων,
230 2827 294 2886 ούδέ
324 2847 348 2886 τι
378 2826 567 2904 ἀρχιερατικῶν
600 2827 641 2886 ἐπ’
672 2829 762 2899 αύτοῑς
794 2826 966 2908 διενεργῖησαι
995 2827 1192 2907 λειτούργημα,
1223 2827 1291 2886 ἀλλ’
1319 2827 1346 2886 εί

50 2966 110 3006 ποτε
137 2951 289 3028 ἀρχιερέως
317 2948 429 3024 δεηθείη
457 2949 565 3008 όκατόι
592 2949 702 3029 καιρούς
723 2949 930 3026 καθηγούμενος
955 2948 1000 3007 διά
1022 2948 1190 3028 χειροτονίαν
1211 2952 1229 3022 ἢ
1251 2949 1342 3023 ἀλλην

49 3065 216 3148 ἰερσπραξίαν
243 3073 313 3151 τινά,
344 3070 535 3146 μετακαλῆται
558 3072 649 3130 όντινσι
670 3076 723 3130 τῶν
747 3069 899 3150 ἀρχιερέων
925 3069 1047 3143 θελήσει.
1078 3064 1153 3148 παρὰ
1179 3072 1261 3129 ταῦτα
1288 3075 1342 3128 τῶν

50 3189 212 3267 φιλοδοξίαις
234 3213 292 3263 πως
320 3191 537 3268 ἑπιμαινομένων
569 3189 618 3252 καὶ
645 3191 694 3263 τάς
723 3191 852 3270 ἀκαίρους
878 3190 1060 3268 ἡγουμενείας
1090 3187 1251 3271 ὑφαρπάζειν
1280 3189 1342 3250 ἐπι-

50 3308 205 3392 χειρούντων
225 3313 274 3388 τὴν
294 3313 381 3393 όρμὴν
402 3313 619 3383 ἀναστέλλοντες
641 3311 845 3373 διακελεύονται
869 3313 934 3388 μηδ’
951 3311 1026 3384 όλως
1048 3308 1149 3384 ἐξεῖναι
1171 3309 1234 3370 καθ’
1251 3313 1342 3390 ἕτερόν

51 3453 102 3494 τινα
126 3437 227 3514 τρόπον
253 3437 302 3508 την
327 3435 449 3514 ἐκλογὴν
470 3433 627 3516 προβαίνειν
652 3438 699 3495 τοῦ
727 3436 934 3512 καθηγουμένου
961 3439 1011 3510 της
1034 3440 1120 3510 μονῆς
1143 3434 1251 3515 ταύτης,
1275 3428 1342 3493 ἀλλ’

51 3557 178 3637 ἢμόνον,
202 3557 297 3628 καθὼς
319 3557 451 3616 ἀνέκαθεν
475 3557 659 3636 ἐπεκράτησεν
683 3557 716 3615 ἐκ
737 3561 783 3616 τού
807 3557 869 3636 δρου
896 3559 941 3615 τού
967 3557 1098 3634 κτήτορος
1121 3556 1214 3635 σίντης,
1239 3555 1343 3616 ἐκείνου

52 3683 91 3735 τοῦ
112 3679 248 3754 εύλαβούς
272 3681 404 3756 μοναχού,
434 3681 483 3758 κύρ
506 3677 716 3758 Χριστσδούλου,
743 3677 828 3756 ἤγουν
857 3676 953 3747 αύτούς
981 3677 1079 3751 μόνους
1105 3674 1168 3748 τούς
1194 3696 1343 3736 συνασκου-

54 3800 140 3872 μένους
171 3800 310 3878 μοναχοθς
341 3801 370 3859 ἐν
400 3805 432 3881 τῇ
461 3801 526 3881 αύτῃ
557 3805 627 3881 μονῇ
656 3798 778 3878 ἐκλογὴν
805 3800 891 3858 ποιεῖν
918 3797 1011 3872 κοινὴν
1040 3795 1088 3856 καί
1114 3799 1143 3856 όν
1173 3800 1204 3856 ἀν
1232 3797 1344 3875 εύρωσιν

54 3921 196 3996 ἀρέσκοντα
229 3927 262 4004 τῇ
296 3924 430 3996 κοινότητι
465 3923 560 3992 αύτῶν,
596 3921 700 3980 ἐκεῖνον
732 3921 891 3980 καθιστῶσιν
923 3919 1085 3998 ἡγούμενον.
1124 3917 1171 3977 καὶ
1205 3916 1248 3976 ἐπί
1279 3923 1345 3976 πάσι

53 4044 141 4115 καλῶς
167 4043 215 4104 καί
240 4049 375 4121 νουνεχῶς
399 4041 565 4123 διορίζουσιν,
593 4043 668 4114 όπως
692 4041 739 4100 έάν
763 4042 862 4122 ἔφθαοέ
881 4062 906 4100 τι
928 4043 1056 4120 γενέσθαι
1077 4043 1096 4114 ἢ
1118 4041 1265 4117 γενήσεται
1289 4035 1343 4110 ἔξω

53 4171 98 4223 τῶν
124 4165 348 4244 διατεταγμένων
374 4164 462 4222 τύπων
488 4167 534 4222 τού
562 4162 741 4242 μοναστηρίου
769 4163 973 4236 ἐναντιούμενον
1000 4167 1033 4242 τῇ
1062 4167 1131 4242 μονῇ
1159 4159 1206 4220 καί
1234 4161 1291 4232 τοῖς
1314 4160 1343 4219 ἐν

54 4286 112 4368 σύτῇ
137 4289 272 4364 μσναχοῑς
299 4284 346 4346 καὶ
372 4287 440 4365 πρδς
466 4283 623 4346 σκάνδαλον
650 4285 756 4366 ἀφορῶν
779 4287 797 4358 ἢ
819 4285 940 4344 καθόλου
963 4287 981 4358 ἡ
1006 4283 1034 4342 ἐν
1058 4286 1146 4362 μέρει,
1173 4285 1203 4342 τ“ο
1225 4285 1343 4342 τοιοῦτον

55 4407 188 4489 ἀνίαχυρον
217 4403 287 4468 εἶναι
313 4405 360 4466 καὶ
384 4409 521 4487 ἄπρακτον
548 4405 595 4468 καὶ
618 4408 656 4478 ὡς
679 4408 717 4481 μὴ
742 4401 811 4466 είναι
835 4404 907 4482 μηδὲ
928 4405 1044 4483 γεγονός
1067 4402 1217 4483 λογίζεται.
1249 4403 1344 4474 οἵτινες

53 4526 197 4602 ἠξιῶσαντσ
220 4527 268 4590 καὶ
288 4532 364 4604 ἡμᾶς
386 4530 416 4588 σύ
444 4529 540 4610 μικρόν
569 4528 771 4608 ἑπιχορηγησαι
798 4527 888 4598 αὐτοῖς
914 4525 961 4588 καὶ
988 4519 1120 4606 νεώτερον
1148 4525 1343 4604 πατριαρχικδν

53 4649 162 4730 γράμμα
194 4654 330 4732 ἡμέτερον
363 4651 435 4712 κατὰ
465 4652 526 4721 τούς
560 4651 611 4730 προ
641 4651 721 4726 ἡμῶν
755 4650 923 4727 ἀγιωτάτσυς
956 4650 1127 4730 πατριάρχας
1161 4646 1204 4707 ἐπὶ
1237 4645 1344 4706 πλείονι

1086 4765 1136 4820 20*
