3186 5286
502 1330 709 1438 Appendix
734 1331 871 1416 Primo.

49 1533 123 1588 Aeta
136 1531 338 1602 Prtnctpum
353 1532 546 1590 Occidentis
567 1547 631 1602 pro
650 1533 857 1590 monaterio
878 1531 992 1588 Sancti
1010 1532 1149 1588 Ioannis
1165 1533 1331 1601 'theologi

101 1637 276 1696 ininsula
295 1639 418 1695 Patrne
441 1642 475 1695 st
498 1638 668 1706 epistulse
690 1637 855 1695 abbatum
878 1637 1034 1693 ccencbtt
1057 1639 1100 1694 ad
1124 1638 1271 1693 eosdem.

264 1839 289 1904 1.
313 1817 540 1924 ooooqsos,
564 1839 594 1903 3.
617 1841 736 1904 mensis
759 1841 905 1923 ianuarii,
928 1837 993 1903 no.
1011 1838 1101 1904 vin.

47 1979 131 2030 Petrus
144 1981 279 2030 Mudatius
296 1987 324 2031 et
335 1981 431 2032 Petrus
444 1980 607 2048 Delphinus,
625 1981 804 2032 vicereotoras
818 1979 952 2042 chenese,
971 1979 1130 2030 confirmant
1149 1980 1331 2044 donationem,

46 2082 116 2131 quarn
133 2067 252 2118 Joeobus
271 2068 395 2118 Barotim
417 2068 483 2118 fecit
500 2068 660 2118 monasterio
680 2067 771 2118 Sancti
789 2067 904 2118 Joannis
921 2066 1000 2133 styli,
1018 2068 1090 2134 quod
1108 2073 1149 2118 est
1167 2067 1330 2118 metcehium

395 2154 420 2204 S.
433 2154 548 2205 Joannis
567 2154 698 2220 Theologi
716 2156 745 2204 in
763 2154 853 2204 insula
870 2154 972 2205 Patmo.

139 2351 199 2408 Nos
222 2349 328 2408 Petrus
357 2349 494 2408 Mndooio
524 2355 555 2407 et
581 2351 687 2408 Petrus
714 2349 845 2420 Delfino,
880 2349 1042 2408 consiliarii
1073 2355 1104 2408 et
1134 2349 1331 2412 vicerectores

46 2453 180 2525 Chaneae,
205 2459 307 2512 notum
330 2454 455 2512 facimus
477 2453 624 2514 universis
647 2453 831 2531 presentibus
854 2459 884 2512 et
905 2455 1023 2526 futuris,
1047 2455 1116 2532 quia
1131 2475 1197 2514 cum
1212 2459 1329 2530 Paulus,

46 2577 193 2632 yconomus
210 2559 386 2617 monasterii
410 2558 511 2617 Sancti
528 2559 671 2618 Johannis
694 2559 731 2616 de
747 2558 831 2628 Stilo,
855 2578 952 2616 coram
975 2565 1074 2618 nostra
1095 2561 1244 2638 presentia
1266 2581 1330 2638 per·

46 2664 173 2734 venisset,
209 2663 293 2722 nobis
322 2663 530 2724 vehementius
560 2663 747 2740 supplicavit,
780 2665 866 2741 quod,
899 2683 964 2722 oum
996 2685 1049 2741 per
1077 2666 1205 2724 nobilem
1231 2667 1331 2726 virum

46 2767 188 2826 dominum
211 2769 354 2826 Jaocbum
376 2768 490 2840 Barooi,
516 2769 588 2827 olim
609 2775 755 2828 rectorem
778 2770 922 2838 Chaneae,
947 2771 1016 2827 dota
1037 2769 1142 2828 fuisset
1165 2777 1245 2829 terra
1265 2791 1331 2850 yco-

44 2891 119 2932 nomo
150 2873 224 2930 dieti
253 2873 438 2944 monasterii,
470 2893 526 2951 que
554 2893 589 2932 eo
616 2879 748 2950 tempore
776 2879 841 2931 erat
871 2893 923 2949 pro
953 2874 1088 2932 domibus
1118 2877 1332 2934 constituendis

43 2996 87 3052 pro
119 2977 263 3053 calogeris
293 2977 402 3054 prefati
436 2977 608 3036 monasterii
643 2983 674 3034 et
704 2995 806 3034 eorum
838 2978 1030 3048 habitatione,
1066 2999 1122 3056 que
1152 2986 1232 3038 terra
1260 2985 1331 3038 tuno

42 3081 142 3158 scripte
176 3101 233 3139 non
264 3083 323 3140 tuit
352 3081 430 3140 dicto
461 3101 615 3160 yconomo,
652 3101 717 3140 eam
746 3081 802 3138 sibi
833 3083 870 3139 ob
899 3082 956 3139 hoo
986 3081 1074 3140 scribi
1105 3089 1136 3141 et
1164 3085 1330 3143 cetasticari

41 3186 130 3244 tacere
158 3187 342 3257 deberemus,
371 3186 422 3264 qui
449 3187 505 3244 hoo
531 3187 573 3244 sic
600 3186 628 3244 ei
656 3187 758 3243 datum
785 3190 816 3243 et
838 3185 1024 3261 designatum
1050 3187 1110 3246 fuit
1139 3207 1192 3265 per
1217 3189 1330 3247 dictum

40 3292 185 3350 dominum
208 3291 351 3350 Jaocbnm
370 3291 483 3358 Barcoi,
508 3291 579 3348 olim
605 3295 750 3348 rectorem
773 3291 919 3363 Chaneae,
947 3293 1084 3368 probaret
1106 3295 1271 3370 perbonos
1300 3300 1331 3352 et

41 3395 153 3454 idoneos
181 3400 284 3466 testes;
315 3395 393 3453 unde
415 3396 548 3454 volentes
575 3394 639 3452 eius
662 3395 796 3474 yconomi
825 3395 1017 3473 petitionibus
1038 3417 1177 3470 annuere,
1205 3399 1331 3457 fecimus

40 3519 130 3560 coram
162 3505 263 3558 nostra
295 3499 445 3576 presentia
477 3499 634 3576 pervenire
666 3500 842 3558 Andriolum
876 3504 907 3558 et
940 3502 1155 3576 Martinelium,
1190 3523 1331 3580 precones

23 3603 156 3676 ·Caneae,
188 3624 261 3682 quos
291 3603 484 3662 astrinximus
517 3609 707 3675 sacramento,
742 3609 776 3661 ut
805 3624 893 3682 snper
922 3605 1055 3682 predicta
1089 3607 1217 3680 datione,
1252 3609 1329 3686 quod

39 3709 156 3780 scirent,
192 3709 349 3786 perhibere
382 3709 525 3767 deberent
556 3709 760 3767 testimonium
789 3710 925 3783 veritati,
960 3712 1011 3790 qui
1042 3731 1149 3790 nempe
1178 3713 1328 3784 dixerunt,

40 3815 109 3889 quod
140 3813 263 3890 ipsimet
291 3813 404 3872 fuerint
433 3815 470 3871 ad
500 3815 729 3872 mensurandum
758 3821 790 3874 et
819 3836 856 3893 pa
869 3861 876 3874 .
891 3861 896 3874 .
912 3818 1041 3875 ‚andum
1068 3817 1176 3876 dictam
1209 3823 1327 3888 terram,

39 3937 122 3994 quam
149 3918 247 3978 dictus
275 3917 410 3977 dominns
432 3920 558 3977 Jaccbus
580 3920 685 3978 Barcci
713 3921 792 3980 dicto
819 3940 961 3999 yconomo
991 3923 1076 3980 dedit
1106 3922 1225 3980 nomine
1255 3922 1328 3980 dicti

39 4023 213 4082 nonasterii.
242 4023 341 4086 Quare
368 4031 574 4099 cognoscentes
596 4027 686 4084 talem
708 4026 877 4098 veritatem,
901 4028 1003 4086 damus
1029 4033 1061 4086 et
1082 4026 1269 4086 concedimus
1297 4027 1329 4084 in

38 4135 205 4206 perpetuam
237 4129 447 4204 possessionem
478 4129 558 4186 dicto
585 4131 688 4202 Paulo,
720 4149 862 4208 yconomo
891 4132 1001 4210 prefati
1029 4131 1200 4190 monasterii
1227 4130 1328 4221 Sancti

38 4232 175 4292 iohannis
198 4233 235 4290 de
258 4233 342 4304 Stilo,
371 4237 402 4290 et
425 4233 546 4291 nomine
573 4239 604 4291 et
625 4233 692 4292 vice
719 4235 793 4292 dioti
819 4237 990 4294 monasterii
1018 4237 1181 4313 predictam
1207 4239 1327 4306 terram,

37 4355 121 4413 qnam
144 4335 295 4414 predictus
318 4337 454 4395 dominus
477 4338 602 4396 Jacobus
625 4337 705 4396 dicto
726 4339 904 4397 monasterio
927 4340 1010 4398 dedit
1037 4345 1068 4398 et
1094 4341 1246 4410 concessit,
1271 4360 1328 4418 que

37 4441 90 4500 init
114 4443 255 4500 deterre
281 4441 373 4498 nostri
401 4442 564 4500 communis
590 4461 680 4518 prope
702 4442 819 4502 vineam
847 4444 970 4502 ecclesie
992 4444 1093 4502 Sancti
1115 4444 1232 4504 Nicolai
1255 4445 1326 4516 illic,

36 4547 81 4605 ubi
112 4551 158 4604 est
180 4545 378 4604 sablonarium
404 4552 435 4604 et
456 4546 508 4605 ubi
530 4546 589 4604 fuit
611 4548 715 4606 domus
737 4549 808 4607 dicti
833 4549 1012 4621 monasterii,
1036 4569 1094 4627 que
1115 4555 1196 4608 terre
1217 4551 1328 4609 dicitnr

36 4669 93 4710 esse
121 4671 139 4708 a
165 4650 263 4727 capite
293 4651 330 4708 de
357 4670 459 4710 versus
494 4657 650 4727 ponentem
681 4673 781 4729 passus
808 4653 830 4711 G
860 4659 891 4712 et
920 4675 973 4732 per
1002 4655 1110 4713 faciem
1143 4661 1329 4714 tramontane

36 4773 130 4829 passus
150 4755 176 4812 L
199 4760 231 4812 et
252 4774 305 4831 per
330 4754 438 4814 faciem
465 4757 591 4815 levantis
617 4776 717 4833 passus
738 4759 759 4814 G
787 4763 817 4816 et
839 4777 893 4834 per
914 4759 1021 4819 faciem
1048 4761 1140 4818 austri
1169 4779 1269 4837 passus
1292 4762 1326 4833 L,

1122 4860 1173 4910 25*
