3160 5292
1264 357 1326 422 185

51 603 106 616 ...
130 601 137 615 .
161 603 168 614 .
194 603 201 616 .
227 603 234 614 .
259 603 266 615 .
290 556 311 634 †
334 554 432 632 Σίγνον
456 557 658 634 τζαγκράτορος
680 553 818 634 Γεωργέου
839 557 886 614 τοῦ
908 555 1047 629 Ματζθνη.
1071 555 1092 632 †
1114 551 1210 630 Σίγνον
1236 555 1323 630 τζαγ-

49 679 162 757 ιράτορος
184 675 329 736 Νικολάου
352 679 398 736 τοῦ
420 677 534 758 Κρίτζη.
559 677 580 756 †
603 676 702 755 Σίγνον
717 679 917 757 τζανκράτορος
939 673 1074 755 Γεωργίου
1096 679 1143 735 τοὺ
1162 674 1322 754 Λικαρθίτη.

48 799 171 878 ήΣίγνσν
193 797 340 862 Νικολάου
366 801 413 860 τοὺ
434 798 543 880 Τραλη.
567 801 589 880 †
612 797 710 878 Σίγνον
733 798 875 860 Νικολάου
900 803 946 859 τοὺ
969 795 1046 874 Ἀμα
1069 843 1204 860 .....
1227 798 1249 878 †
1279 795 1325 856 καὶ

49 921 130 1002 ἑτέρων
154 923 203 981 οὑκ
224 919 338 1000 ὀλίγων.

134 1043 156 1122 †
179 1037 361 1130 Μον[αχθς]
375 1040 531 1119 Μάξιμος
549 1041 605 1102 καὶ
624 1041 724 1116 αὑτθς
746 1048 919 1124 μαρτυρῶν
941 1043 1126 1123 ὑπέγραψα.
1147 1043 1326 1122 ΙψΜιγαὴλ

46 1166 191 1244 ὑθράσος
219 1163 277 1224 καί
306 1167 404 1237 αὑτθς
433 1170 605 1246 μαρτυρῶν
631 1165 815 1245 ὑπέγραψα.
843 1163 1060 1244 ψἹερεμίας
1086 1164 1197 1244 ίερεὺς
1227 1160 1326 1248 [μαρ-

46 1285 145 1368 τυρῶν]
173 1288 359 1366 ὑπέγραψα.
386 1289 683 1366 ψΚωνσταντῑνος
712 1285 822 1368 ίερεὺς
850 1287 865 1346 6
893 1287 1107 1364 Ῥαψομάτης
1140 1286 1325 1366 ὑπέγραψα.

45 1409 242 1486 ήῚωάννης
271 1455 570 1473 ..........
605 1415 664 1487 τῆς
697 1409 885 1487 ἁγιωτάτης
919 1409 1104 1486 ίπισκοπής
1136 1411 1237 1483 νήσου
1271 1409 1326 1468 Κῶ

44 1529 88 1590 καί
112 1532 211 1604 αὑτὺς
237 1537 408 1613 μαρτυρῶν
438 1531 620 1612 ὑπέγραψα.
645 1533 666 1612 †
690 1533 939 1604 Κωνσταντῖνος
961 1529 1081 1613 ίερεὺς,
1109 1533 1248 1608 νσμικθς
1269 1529 1325 1591 καὶ

43 1651 198 1734 κληρικθς
226 1651 282 1714 καί
313 1655 409 1726 αὑτὺς
439 1660 610 1735 μαρτυρῶν
639 1655 822 1736 ὑπέγραψα.
847 1655 868 1734 †
891 1653 1142 1727 Κωνοταντῑνος
1170 1653 1326 1726 διάκονος

44 1777 54 1833 6
74 1776 288 1854 Ἀνατολίτης
310 1775 366 1837 καί
389 1777 485 1849 αὑτθς
509 1781 679 1858 μαρτυρῶν
701 1777 886 1857 ὑπέγραψα.
910 1777 932 1858 ψ
956 1777 1117 1852 Ἰωάννης
1139 1775 1249 1858 ίερεὺς
1270 1773 1327 1836 καί

42 1903 251 1976 πρωτοποπᾶς
278 1900 294 1958 6
316 1899 476 1976 Φωτηνθς
501 1898 559 1960 καὶ
584 1901 681 1972 αὑτὸς
707 1905 879 1980 μαρτυρῶν
906 1899 1089 1980 ὑπέγραψα.
1112 1900 1133 1979 †
1157 1897 1284 1978 Ἱερεὺς
1312 1897 1327 1956 6

44 2021 249 2102 Μαργαρίτης
282 2021 465 2104 ὑπέγραψα.
497 2021 706 2102 ψἸωάννης
738 2020 850 2102 ὑερεὺς
878 2021 894 2080 6
922 2021 1106 2100 Ἐπιράνης
1138 2019 1323 2101 ὑπέγραψα.

43 2143 236 2220 ήἸωάννης
266 2143 375 2224 ίερεὺς
404 2145 419 2204 6
447 2145 687 2224 Πραιτοριανθς
717 2144 899 2224 ὑπέγραψα.
927 2139 1139 2224 ψΓεώργιος
1171 2141 1283 2222 ίερεὺς
1310 2141 1325 2200 6

43 2265 189 2344 Συριανθς
221 2265 404 2348 ὑπέγραψα.
442 2269 464 2348 †
495 2267 660 2339 Διάκονος
689 2266 853 2345 Ζαχαλᾱς
886 2266 1068 2347 ὑπέγραψα.
1097 2267 1118 2345 †
1148 2265 1325 2324 Κωνσταυ-

42 2389 117 2459 τῐνος
138 2386 249 2469 ὑερεὺς
272 2389 287 2448 6
311 2387 553 2468 Μεγαληνίτης
575 2387 760 2468 ὑπέγραψα.
783 2389 805 2468 †
828 2388 868 2448 ‘0
890 2388 1028 2464 νομικθς
1055 2392 1112 2464 τής
1134 2385 1326 2466 άγιωτάτής

43 2507 213 2585 ἐπισκοπῆς
234 2511 336 2585 νήσου
358 2509 506 2586 Νικήτας
529 2509 544 2568 6
566 2510 712 2590 Βράμιος
738 2507 794 2570 καὶ
821 2509 918 2580 αὑτθς
945 2513 1117 2589 μαρτυρῶν
1140 2508 1325 2590 ὑπέγραψα.

41 2627 115 2706 †'O
144 2631 295 2710 μοναχθς
318 2630 525 2703 Ἰωαννίκιος
554 2629 610 2692 καί
639 2629 893 2710 καθηγούμενος
921 2635 980 2707 τῆς
1007 2629 1192 2706 σεβασμίας
1222 2633 1327 2706 μονῆς

42 2756 87 2812 τοὺ
108 2751 202 2832 άγίου
225 2753 531 2834 μεγαλομάρτυρος
553 2752 720 2833 Γεωργίου
745 2751 802 2813 καί
825 2753 922 2824 αὑτὸς
945 2751 1116 2833 μαρτυρῶν
1139 2753 1325 2832 ὑπέγραψα.

41 2873 238 2952 ψΝικήτας,
262 2877 479 2955 άναγνάιστης
501 2873 560 2936 καὶ
582 2875 720 2950 νομικθς
741 2881 800 2948 τῆς
821 2877 920 2950 νήσου
935 2873 1127 2954 Καλὺμνου,
1150 2875 1327 2954 θΒράμιος

41 2994 181 3076 λελαχθς
212 2995 264 3058 ἐπὶ
294 2999 329 3056 πθ
351 2999 456 3078 παρθν
477 2999 768 3076 σημειομάρτυρσν
798 2999 936 3075 γράμμα
967 2997 1068 3070 αὑτής
1099 2995 1327 3074 ὑπέγραψαή
1447 2987 1449 2991 ’

133 3117 345 3196 ψΤολμῶντες
371 3118 397 3178 οί
424 3118 518 3180 δοῦλοι
544 3117 591 3179 καὶ
618 3117 734 3192 στλάβοι
760 3122 810 3194 τῆς
836 3122 969 3198 κραταιᾶς
997 3115 1044 3178 καί
1070 3117 1153 3196 άγίας
1184 3115 1326 3192 βασιλείας

42 3259 89 3320 σου,
116 3240 234 3302 θέποτά
257 3261 308 3316 μου
332 3241 403 3322 άγιε,
427 3239 452 3302 οί
474 3241 579 3302 ἄνωθεν
604 3241 667 3312 τοὺς
693 3239 796 3314 τιμίους
821 3238 869 3299 καί
895 3239 1044 3312 ζωοποιοὺς
1071 3239 1199 3319 σταυροὺς
1223 3236 1326 3299 οἰκειο-

41 3361 131 3442 χοίρως
152 3365 313 3438 ποιήσαντες
335 3361 383 3422 καὶ
404 3363 620 3443 ὑπογράψαντες,
652 3357 822 3441 ἀναρέρομεν
845 3362 895 3437 τἠν
917 3363 1047 3442 κραταιὰν
1070 3359 1118 3423 καί
1140 3357 1221 3441 ἁγίαν
1245 3361 1326 3436 βασι-

41 3483 111 3542 λείαν
126 3505 182 3564 σου,
207 3483 325 3545 θέσποτά
341 3505 393 3560 μου
410 3479 506 3570 [άγιε],
529 3483 590 3564 περὶ
613 3489 662 3559 τῆς
684 3479 895 3568 ὑπτψμνήσεωςψ,
918 3485 951 3560 ήν
975 3483 1100 3565 ἐνέρερεν
1124 3482 1164 3557 είς
1185 3485 1234 3560 τὴν
1255 3503 1326 3564 κρα-

42 3605 108 3664 ταιὰν
139 3605 186 3666 καὶ
224 3606 305 3684 άγίαι
343 3606 485 3682 βασιλείαν
516 3627 562 3666 σου
606 3607 621 3664 6
653 3605 859 3683 καθηγσὺμενος
892 3611 942 3682 τής
976 3606 1129 3684 σεβασμίας
1163 3612 1249 3684 μονῆς
1281 3611 1327 3666 τοὺ

42 3721 144 3806 ’.ίλσου,
174 3729 189 3788 6
219 3729 342 3806 μοναρθς
371 3728 520 3810 Μεθάδιος,
551 3728 596 3789 θιέι
624 3727 673 3803 τὴν
702 3728 787 3805 μονήν
815 3727 929 3788 Σποθῶν
957 3729 1007 3804 σἠν
1035 3729 1211 3806 διακειμένην
1238 3729 1267 3788 ἐν
1294 3735 1327 3810 τῇ

43 3855 103 3930 μονῇ
124 3855 173 3925 τῆς
200 3848 351 3926 σεβασμίας
375 3855 461 3926 μονῆς
482 3855 531 3926 τῆς
555 3851 678 3926 Πέτρου.
706 3853 891 3931 μαρτυροῦμεν
913 3851 997 3930 τοὺτῳ
1020 3851 1063 3911 ἐπὶ
1086 3851 1149 3912 θεοῦ
1171 3851 1254 3930 ρὺβου
1281 3849 1328 3910 καὶ

43 3971 122 4046 πάσης
155 3969 289 4046 ἀληθείας
323 3971 362 4044 ὡς
393 3971 551 4053 χριστιανοί,
586 3973 777 4050 ὁμολογοῦμεν
809 3971 857 4033 καὶ
889 3972 1022 4054 λέγομεν,
1053 3975 1091 4034 ὅτι
1118 3973 1136 4048 ή
1171 3973 1240 4048 μονή
1274 3975 1328 4030 τῶν

44 4091 147 4152 Σποθῶν
175 4090 240 4171 ήπον
268 4093 388 4168 παλαιὸς
416 4095 496 4172 ναές,
527 4096 557 4154 θν
586 4095 716 4176 πρότερον
752 4090 828 4174 παρὰ
860 4100 909 4170 τῆς
942 4094 1056 4166 κτίσεως
1088 4099 1138 4171 τῆς
1165 4100 1252 4170 μονῆς
1281 4097 1327 4154 τοῦ

43 4211 153 4277 ’.ίλσου
167 4263 173 4276 .
187 4261 216 4278 ..
240 4213 287 4276 καὶ
302 4211 351 4294 ήτο
367 4217 436 4292 μάνη
455 4215 599 4296 ἐκκλησία,
615 4215 662 4276 καὶ
679 4216 834 4296 έρθάσαμεν
849 4216 898 4290 τήν
913 4218 1021 4297 ἡμέραν
1035 4221 1082 4276 τοὺ
1102 4215 1226 4291 ἀοιδίμου
1246 4214 1326 4290 βασι-

43 4333 110 4407 λέως
134 4342 179 4397 τοῦ
201 4337 409 4420 Καλοϊωάννου,
437 4339 477 4398 ὅτι
506 4338 706 4420 ἐπροεκάθητον
733 4336 773 4411 εἰς
800 4339 848 4414 τἠν
875 4339 1000 4414 τοιαὺτην
1030 4338 1116 4414 μονὴν
1137 4344 1191 4398 τῶν
1214 4337 1327 4397 ἳιποθῶν

43 4457 187 4540 καλάγερσς
208 4461 389 4535 πνευματικὸς
415 4460 570 4539 λεγόμενος
593 4462 608 4519 6
631 4462 749 4541 Μὺρων·
772 4459 819 4520 καί
842 4461 912 4537 μετὰ
933 4461 979 4520 τθν
1001 4461 1117 4520 θάνατον
1140 4461 1219 4520 αὑτοὺ
1241 4457 1327 4535 ἦλθεν

45 4579 177 4657 ὑὺανιὴλ
197 4583 351 4662 λεγόμενος
373 4583 480 4656 Δοὺκας
507 4582 546 4656 εἰς
572 4585 621 4658 τὴν
646 4587 752 4666 χώραν,
782 4581 830 4642 καί
856 4581 921 4643 ἰδὼν
944 4585 993 4658 τὴν
1016 4582 1177 4662 ἐκκλησίαν,
1201 4583 1241 4642 θτι
1263 4579 1327 4658 ήτον

46 4697 79 4772 εἰς
105 4705 183 4764 τόπον
211 4705 299 4766 καλον
332 4704 379 4765 καί
413 4701 475 4784 εἶχε
508 4705 622 4787 άρκετθν
644 4707 723 4787 νερθν
751 4707 896 4786 πληθικθν,
926 4705 1036 4766 ἐπίασεν
1064 4704 1147 4780 αὑτὴν
1176 4754 1182 4766 .
1208 4752 1214 4764 .
1240 4723 1327 4782 σχον
