3160 5292
1278 243 1339 308 199

149 439 330 511 Ardetypum
353 441 438 498 οίιαπί.
462 442 536 496 flor.
556 442 596 496 ΙΙ.
620 443 739 498 nw16.
767 443 807 498 De
823 444 898 516 fuya
920 445 962 499 M.
984 446 1143 516 Ραθασσίορι·
1168 447 1206 500 ad
1233 445 1338 501 Τατσαα

59 562 77 596 ν.
92 543 270 616 Nicephorum
289 545 439 619 (ἕτεροι-απ
461 549 499 602 ad
521 565 621 602 απιταιιι
646 549 730 602 1256
752 547 789 618 (Ι.
802 567 833 620 p.
853 551 893 604 57
907 551 948 605 σά.
966 548 1077 620 Rom).

286 870 439 936 LXXVI.
465 869 689 954 6767-1259,
712 893 823 936 mense
845 874 937 956 maio,
961 872 1025 936 ind.
1050 873 1091 938 Π.

56 1001 197 1069 Imperator
225 1001 347 1056 Μίοίιαοί
371 1001 550 1074 Ραίωοοίορωα
583 1000 725 1071 confimat
752 1001 902 1074 ρπίυἰίοφία
931 1009 956 1058 τί
973 1005 1154 1072 possessiones
1179 1007 1337 1060 monasterii

535 1107 668 1178 donatque
690 1107 717 1162 σι’
736 1125 843 1180 amm.

145 1293 167 1370 †
193 1291 327 1372 Ἔρχεται
352 1291 400 1353 καί
426 1293 478 1354 άπθ
505 1297 553 1354 τοῦ
573 1295 666 1372 τόπου,
693 1295 783 1374 ὥσπερ
806 1293 841 1368 δὴ
868 1291 915 1354 καὶ
941 1293 995 1354 άπό
1016 1299 1071 1354 τῶν
1091 1295 1244 1375 προσώπων
1267 1315 1335 1374 συγ-

52 1413 168 1492 ιοίιοσιε
190 1410 232 1486 εἰς
254 1414 302 1489 τὴν
326 1412 443 1474 διάθεσιν
465 1419 514 1491 τοι
536 1419 627 1494 θὀιῆτ
648 1413 695 1476 ναὶ
717 1415 846 1493 nemus
867 1417 1024 1494 προσθήκης
1047 1414 1130 1476 αἴτιον
1152 1420 1230 1477 τοῦτο
1251 1417 1334 1478 καθί-

53 1554 136 1594 οταται
166 1535 238 1615 πρὸς
262 1533 302 1614 τῷ
329 1531 382 1596 άπθ
404 1541 455 1614 τῆς
476 1537 580 1616 φόσεως
605 1541 651 1598 τοῦ
678 1539 839 1618 πράγματος
861 1537 958 1618 δικαίῳ
981 1538 1195 1618 προστιθεμένης
1216 1537 1263 1599 καί
1286 1540 1335 1614 τῆς

53 1657 165 1718 ἐντεῦθεν
191 1659 334 1734 ποιότητος
359 1663 407 1720 τοῦ
431 1659 530 1740 καλοῦ,
557 1659 604 1720 καί
631 1664 754 1721 τοοοίπον
776 1660 863 1720 πλέον
884 1659 955 1720 τοῦθ’
980 1661 1048 1720 οὓτω
1069 1655 1184 1739 γίνεται,
1211 1661 1276 1721 ὅσον
1302 1662 1335 1720 ἂν

52 1777 158 1839 πλείονα
179 1781 295 1860 προσῄει
316 1778 355 1860 τῷ
376 1784 451 1861 τθπρ
473 1781 507 1842 τά
529 1781 629 1862 ἀγαθά.
655 1782 813 1842 ἑπενεκτέον
837 1780 868 1842 δὲ
890 1778 937 1842 καὶ
960 1776 997 1842 ὧν
1020 1783 1103 1842 ἕνεκα
1121 1785 1205 1842 ταῦτα
1218 1782 1238 1859 ῆ
1253 1781 1334 1858 βασι-

52 1899 107 1960 λεία
127 1921 181 1976 μου
207 1899 380 1982 προεξέθετο.
404 1905 421 1979 ῆ
444 1903 516 1964 κατὰ
536 1904 586 1980 τῆν
611 1904 722 1980 Πάτμον
750 1902 917 1984 είιαγεστάτη
944 1907 991 1966 τοῦ
1013 1905 1073 1964 κατ’
1098 1899 1238 1985 ἐξαίρετον
1260 1903 1333 1983 ῆγα-

52 2023 163 2095 πημένου
183 2021 293 2102 Χριστῷ
314 2023 362 2084 καί
385 2024 579 2104 είναγγελιστοΰ
600 2023 744 2104 θεολόγον
767 2027 836 2100 μονὴ
858 2023 954 2086 πολλὰ
975 2023 1023 2086 καὶ
1044 2025 1227 2106 πολυτρόπως
1249 2025 1333 2103 ἐχου-

53 2163 82 2202 σα
100 2145 133 2203 τά
154 2150 318 2206 σονιστῶντα
343 2147 392 2222 τῆν
418 2147 517 2224 ταύτης
538 2149 699 2228 σεμνότητα,
726 2147 756 2208 τό
780 2148 994 2228 άνακεχωρηκθς
1020 2151 1066 2208 τοῦ
1088 2147 1169 2208 τόπου
1191 2144 1238 2206 καί
1262 2145 1334 2208 ἰδιά-

53 2266 99 2343 ζον,
124 2265 174 2342 τῆν
201 2267 346 2348 θεάρεστον
373 2274 427 2328 τῶν
457 2269 486 2329 ἐν
513 2271 580 2352 αὐιῆ
607 2269 781 2345 ἀσκουμένων
812 2268 967 2350 διαγωγήν,
993 2267 1042 2344 πἠν
1072 2273 1118 2330 τοῦ
1145 2272 1334 2344 πνευματικῶς

53 2387 125 2463 αἰτῆς
149 2391 348 2470 προίσταμένσυ
373 2391 572 2471 χρηστοήθειαν
599 2389 645 2450 καὶ
670 2393 723 2472 προ
744 2391 852 2450 πάντων
878 2389 926 2450 καί
949 2387 992 2450 ἐπὶ
1014 2395 1079 2450 πᾶσι
1100 2391 1149 2466 την
1176 2390 1335 2468 άγιαστικῆν

52 2513 131 2588 χάριν,
151 2513 186 2586 ῆν
206 2511 331 2591 ἐπαφῆκε
352 2511 391 2591 τῷ
412 2515 487 2593 τόπῳ
510 2513 554 2574 διὰ
576 2519 626 2590 τῆς
650 2515 729 2574 αὐτοῦ
750 2513 934 2593 χρονιωτέρας
960 2513 1101 2592 διατριβῆς
1122 2509 1168 2572 καὶ
1195 2515 1245 2586 τῆς
1273 2511 1333 2572 ἐπι-

51 2632 246 2710 χορηγηθείσης
272 2633 361 2692 αίιτόθι
391 2635 476 2713 τοίιτῳ
505 2641 689 2712 πνευματικῆς
720 2636 861 2710 δυνάμεως
889 2637 903 2694 ὁ
931 2634 1083 2709 ἐπιστῆθιος
1110 2633 1262 2708 ἀπόστολος
1288 2639 1334 2694 τοῦ

52 2753 165 2833 Χριστοῦ.
197 2757 313 2816 τοσαῦτα
339 2755 391 2831 μὲν
418 2753 463 2817 οὖν
490 2756 536 2818 καί
563 2763 672 2819 τοιαῦτα
699 2758 801 2836 ἔχουσα
826 2753 860 2817 τά
886 2757 972 2836 καλά,
999 2757 1062 2817 καθ’
1090 2759 1203 2816 ἕκαστον
1232 2756 1332 2815 τούτων

51 2879 78 2953 τί,
99 2875 217 2936 διαθέσει
237 2882 287 2954 τῆς
309 2878 453 2953 βασιλείας
468 2901 520 2954 μου
542 2878 589 2940 καί
612 2874 756 2960 ᾠκείωται.
780 2879 866 2940 τοίνυν
888 2877 934 2938 καὶ
958 2879 1059 2956 δεῖγμα
1080 2879 1179 2952 ταύτης
1201 2879 1217 2936 ό
1238 2877 1331 2955 παρὼν

51 2997 247 3074 γονοόβουλλος
274 2997 360 3079 λόγος
388 2997 499 3078 ἐξετέθη
526 3007 575 3080 τῆς
601 3002 745 3078 βασιλείας
772 3023 824 3077 μου
849 3000 896 3061 καὶ
923 3001 1137 3080 ἐπεφιλοτιμῆθη
1163 3005 1196 3082 τῆ
1223 2997 1331 3080 τοιαίιτη

51 3125 125 3199 μονῇ,
154 3120 187 3180 δι’
204 3115 236 3180 οίν
262 3119 309 3180 καί
331 3123 454 3200 κραπίνει
477 3123 528 3198 μὲν
554 3121 602 3184 καί
624 3123 799 3204 άσφαλίζεται
821 3126 839 3198 ἡ
862 3121 989 3199 βασιλεία
1005 3143 1056 3197 μου
1078 3123 1167 3180 πάντα
1187 3120 1221 3178 τὰ
1243 3141 1329 3200 προσ-

52 3241 106 3300 όντα
136 3243 201 3324 αὐτῆ
227 3243 384 3322 παλαιγενῆ
420 3242 600 3326 δικαιώματα,
634 3245 829 3326 χρυσόβουλλά
854 3265 884 3306 τε
918 3242 964 3304 καί
987 3242 1113 3324 όρισμοίνς
1134 3241 1182 3302 καὶ
1204 3242 1329 3322 ἀναγρα-

51 3362 119 3436 ηοιόις
143 3364 374 3438 ἀποκαταστάσεις
396 3365 444 3426 καί
467 3365 590 3440 ἐκδόσεις
613 3369 764 3448 ἐγγράφους
786 3367 833 3428 καί
854 3370 941 3427 πάντα
964 3367 1061 3438 σίπλιῖις
1087 3365 1121 3424 τὰ
1145 3365 1173 3424 ἐν
1195 3358 1332 3446 χαρτῴοις

52 3480 204 3562 θικαιίιμαοι
231 3486 278 3548 καί
307 3489 355 3564 τὴν
383 3491 469 3549 αίιτιῖιν
498 3488 574 3568 ἰσχίον
600 3489 647 3550 καὶ
672 3491 721 3565 τῆν
747 3496 801 3549 τῶν
827 3491 996 3570 πραγμάτων
1022 3489 1144 3566 κατοχὴν
1171 3487 1217 3548 καὶ
1243 3489 1330 3562 νομὴν

52 3603 218 3690 βεβαιοτέραν
252 3609 300 3670 καὶ
332 3611 532 3692 άρραγεοτέραν
563 3615 740 3692 περιποιεῖται
771 3611 838 3694 αίιιῆ
867 3611 938 3672 κατὰ
966 3613 1055 3683 πάσας
1090 3610 1141 3682 τὰς
1170 3609 1331 3689 περιλήψεις

53 3727 138 3788 αἰτῶν.
159 3729 199 3804 είς
221 3733 314 3807 μέντοι
336 3735 528 3814 περισσοτέραν
551 3733 702 3813 ἀσφάλειαν
728 3733 775 3793 καί
798 3735 836 3806 ὡς
859 3734 888 3792 ἐν
910 3731 1053 3812 κεφαλαίῳ
1079 3732 1112 3790 τὰ
1135 3732 1218 3814 ταύτῃ
1243 3751 1330 3811 προο-

53 3848 106 3906 ίντα
133 3855 258 3928 κτῆματα
284 3857 302 3928 ἡ
333 3853 460 3927 βασιλεία
490 3875 542 3928 μου
574 3852 612 3932 τῷ
649 3857 761 3936 παρόντι
793 3853 993 3935 περιλαμβάνει
1024 3852 1221 3932 χρυσοβοθλλῳ
1251 3853 1331 3932 λόγῳ

52 3972 149 4053 ταύτης,
175 3977 192 4034 ιῖ
217 3974 264 4035 καί
294 3977 400 4054 ἔχουσίν
427 3977 528 4049 οὓτως·
557 3979 685 4054 μετόχιον
713 3978 727 4036 θ
751 3977 872 4058 ίΙθργος,
895 3977 910 4035 θ
932 3975 1003 4035 κατὰ
1029 3974 1080 4050 μὲν
1102 3976 1147 4034 τὀν
1172 3975 1329 4055 Μαίανδρον

54 4089 93 4149 καὶ
120 4093 196 4173 ἐγγὺς
216 4103 271 4156 τῶν
295 4097 442 4158 Παλατίων
466 4099 607 4180 διάκειται,
633 4100 825 4180 προσεκυρὼθη
850 4098 936 4179 δέτῆ
964 4103 1034 4180 μονῆ
1058 4097 1102 4157 διὰ
1116 4095 1329 4176 ’χρυσοβοθλλου

54 4219 93 4274 τοῦ
117 4216 232 4294 άσιθίμου
261 4219 399 4293 βασιλέως
425 4220 472 4280 καί
499 4219 571 4282 θείου
598 4227 646 4296 τῆς
673 4220 816 4294 βασιλείας
839 4241 899 4300 μου,
922 4224 1002 4299 κυροῠ
1023 4219 1167 4298 Θεοδώρου
1185 4220 1328 4294 Κομνηνοϋ

54 4341 93 4395 ποθ
113 4338 238 4422 Λάσκαρι,
262 4341 437 4423 ἀνεθεωρήθη
462 4343 493 4402 δὲ
515 4341 562 4402 καὶ
584 4345 659 4422 παρὰ
679 4347 726 4402 τοῦ
747 4341 926 4422 περιποθήτου
948 4339 1020 4400 θείου
1042 4346 1092 4416 τῆς
1114 4340 1256 4415 βασιλείας
1277 4363 1328 4416 μου

55 4463 93 4517 τοῦ
112 4463 356 4543 πανυπερσεβάοτου
377 4469 459 4544 πυροῦ
478 4463 615 4545 Γεωργίσυ
638 4468 684 4523 τοῦ
706 4466 936 4545 Ζαγαρομμάτου,
964 4461 1010 4522 καί
1033 4463 1193 4542 περιωρίοθη
1218 4461 1252 4520 δι’
1277 4463 1327 4540 ἐγ-

55 4583 146 4658 γράφου
169 4585 246 4647 αὐτοῦ
271 4590 452 4667 περιορισμοῦ,
480 4587 510 4645 θν
539 4585 573 4664 δὴ
600 4587 709 4668 ὁρισμόν
740 4584 786 4648 καὶ
813 4587 844 4646 τθ
870 4589 952 4668 κῦρος
980 4585 1095 4664 ἐχεινὴ
1122 4584 1249 4662 βασιλεία
1277 4603 1328 4664 μου
