3162 5278
1262 363 1324 428 287

43 555 128 614 αλυτον
155 557 247 628 αιῖτοϊς
274 555 452 636 ἐπιτιθέντες,
475 559 545 616 ὥστε
567 558 657 616 πάντα
678 559 761 616 ταῦτα
782 558 817 616 τά
838 576 868 616 τε
890 555 965 636 ταρά
986 561 1039 616 τῶν
1062 558 1114 637 τρό
1136 557 1216 632 ἡμῶν
1239 557 1328 634 άγιω-

41 681 115 738 τάτων
143 683 331 758 τατριαρχῶν,
366 679 403 738 ἔτι
437 676 469 738 δὲ
499 677 545 738 καὶ
575 679 609 738 τόι
637 679 701 758 παρ’
728 680 807 752 ἡμῶν
837 672 1040 758 ᾠκονομημένα
1073 677 1249 739 ἀναλλοίωτα
1281 677 1329 740 καί

42 801 251 880 ἀταρεγχείρητα
277 806 438 881 συντηρὴσαι
467 799 514 860 καὶ
541 799 613 876 μηδὲ
635 801 666 860 τό
689 801 858 879 βραχύτατον
883 801 968 860 αῦτιῦν
991 800 1127 880 ἀκυρῶσαι
1151 799 1328 880 βουληθῆναι,

41 921 61 980 εί
74 943 105 1000 γε
136 922 279 998 βοόλοιντο
309 921 357 982 καί
385 922 420 982 τά
449 923 514 1004 παρ’
545 925 631 982 αῦτιῦν
664 921 835 1003 δισριζόμενα
866 921 912 982 καί
942 921 1159 998 οἰκονομούμενοι
1187 922 1219 982 τό
1248 926 1344 1002 κῦρος·

40 1044 101 1120 ἔχειν
130 1043 178 1104 καὶ
201 1040 397 1124 ἀμετάτρεττα
425 1043 572 1122 διαμένειν.
606 1043 749 1106 ἐπὶτοῦτο
771 1045 826 1125 γὰρ
848 1043 895 1105 καὶ
917 1045 1055 1126 τδταρδν
1078 1045 1212 1124 ἡμέτερον
1235 1044 1328 1124 οιγιλ-

38 1163 129 1237 λιωδες
151 1167 270 1245 γράμμα
295 1167 418 1240 συνηθως
444 1167 576 1228 πιστωθέν
604 1166 720 1242 ἐπεδόθη
747 1165 786 1245 τῷ
809 1169 888 1248 μέρει
910 1173 958 1243 τῆς
981 1165 1154 1244 δηλωθείσης
1177 1165 1329 1244 σεβασμίας

38 1293 113 1362 μονῆς
135 1290 184 1348 τοῦ
206 1285 286 1364 ἁγίου
314 1285 434 1368 ἐνδόξου,
460 1291 635 1368 τανευρήμου
663 1288 817 1348 ἀποστόλου
843 1287 890 1350 καὶ
912 1289 1109 1367 εὐαγγελιστοῦ
1132 1281 1261 1350 Ἰωάννου
1283 1293 1328 1349 τοῦ

39 1407 173 1486 θεολόγαυ
206 1415 256 1486 τῆς
289 1411 372 1484 νήσου
405 1411 518 1485 Πάτμσυ
550 1412 680 1488 κατέχειν
710 1411 773 1470 αῦιδ
805 1409 845 1483 εἰς
875 1410 986 1488 διηνεκῆ
1017 1412 1066 1486 τὴν
1097 1411 1248 1490 ἀσφάλειαν
1282 1408 1329 1471 καί

38 1531 185 1604 βεβαίωσιν,
208 1533 230 1610 †

132 1654 154 1730 †
178 1651 231 1712 Ἐν
255 1653 322 1712 ἔτει
346 1651 466 1736 Ιαηῑγζ,
490 1651 666 1734 ἰανουαρίῳ
689 1653 733 1732 ιθ’,
757 1652 961 1726 ίνδικτιιῦνος
984 1653 1010 1715 ι’.
1034 1655 1054 1732 †

132 1775 153 1854 †
177 1774 362 1854 Μελέτιος,
395 1775 482 1854 ἐλέῳ
509 1773 596 1838 Θεοῦ
624 1777 736 1845 πάτος
765 1773 821 1836 καὶ
850 1779 1059 1857 πατριάρχης
1086 1783 1144 1853 τῆς
1171 1777 1329 1854 μεγάλης

35 1893 159 1966 πόλεως
183 1887 451 1976 Ἀλεξανδρείας
478 1895 533 1956 καὶ
556 1898 670 1976 κριτὴς
692 1903 750 1974 τῆς
773 1895 987 1975 οἰκουμένης,
1010 1898 1025 1956 ό
1049 1897 1251 1977 έπιτηρητὴς
1273 1901 1329 1958 τοῦ

36 2021 280 2097 τττριαρχικοῦ
302 2019 420 2098 θρόνου
444 2019 847 2091 Κωνσταντινουπόλεως.
871 2021 891 2098 †

133 2145 240 2200 Ατσόιι.
269 2145 356 2201 ciart.
385 2147 460 2202 Flor.
484 2147 525 2202 ΙΙ.
554 2165 603 2202 nro
625 2151 676 2202 38.
708 2148 888 2217 Εασωρίονίσ
917 2149 971 2202 dna
1000 2165 1050 2202 nro
1078 2149 1119 2202 39
1134 2153 1160 2202 ec
1176 2151 1226 2202 40.
1255 2147 1325 2202 ειίίά.

37 2249 56 2302 1.
73 2251 215 2306 Sakkelion
245 2252 275 2304 in
296 2252 436 2322 μανόάίσο
463 2245 656 2324 Εῦαγγελικός
681 2243 767 2328 κῆρυξ
797 2253 849 2308 vol.
877 2253 923 2306 IX
947 2249 1065 2324 (1865),
1089 2269 1122 2324 p.
1147 2254 1326 2306 133-139.

174 2659 327 2726 CXXVI.
353 2659 579 2742 7105-1597,
604 2658 655 2725 die
678 2659 698 2724 3
721 2661 839 2725 mensis
862 2660 1026 2745 februarii,
1048 2659 1113 2724 ind.
1138 2661 1180 2725 X.

36 2807 171 2876 Melaina,
203 2807 371 2877 patriarcha
404 2807 601 2878 Alexandriae,
636 2815 802 2876 procurator
841 2809 966 2862 ecclesiae
1002 2807 1328 2877 Omnianlinopoliianae,

35 2909 155 2966 hortatur
188 2911 341 2982 σιοιιασίιοε,
379 2917 410 2966 ni
443 2911 597 2966 abstineant
622 2929 640 2966 α
664 2912 834 2981 factionibus
867 2913 1012 2982 vivantque
1043 2911 1188 2966 εεσυιιάυιιι
1221 2911 1331 2982 κεραῖαι

595 3017 767 3071 monasticae.

133 3183 363 3263 έρΜελέτιος,
399 3182 485 3262 ἐλέῳ
515 3183 590 3242 θεοῦ
620 3186 731 3256 τάπας
763 3181 818 3242 καί
849 3185 1060 3264 πατριάρχης
1089 3187 1146 3258 τῆς
1177 3179 1331 3257 μεγάλης

35 3306 164 3376 πόλεως
194 3302 459 3386 Ἀλεξανδρείας
488 3302 544 3364 καί
576 3303 779 3385 ἐπιτηρητὴς
808 3308 864 3364 τοῦ
894 3303 1128 3380 οίκουμενικοῦ
1159 3303 1285 3382 θρόνου.
1310 3303 1331 3382 †

133 3482 155 3560 †
179 3479 333 3539 Ὀσιιῦτατε
359 3479 551 3556 καθηγσῦμενε
577 3483 627 3555 τῆς
654 3477 807 3553 οεβασμίας
834 3478 981 3554 βασιλικῆς
1002 3497 1033 3536 τε
1060 3476 1106 3538 καὶ
1133 3480 1332 3558 πατριαρχικῆς

36 3609 116 3678 μονῆς
139 3607 189 3678 τῆς
213 3601 243 3661 έν
269 3607 303 3684 τῇ
329 3605 404 3680 νήσῳ
429 3601 533 3680 Πάτμῳ
559 3601 691 3676 κειμένης
717 3598 764 3659 καὶ
792 3600 836 3658 ἐτ’
857 3599 968 3676 όνόματι
994 3599 1152 3676 τιμωμένης
1174 3601 1221 3658 τοῦ
1244 3597 1332 3678 ἁγίου,

38 3721 153 3803 ἐνδόξου,
185 3725 363 3802 τανευφήμου
393 3723 546 3784 ἀποστόλου
575 3719 623 3782 καί
650 3721 855 3802 εὐαγγελιστοῦ,
888 3721 1039 3798 ἐτιστηθίου
1070 3719 1158 3801 φίλου,
1188 3721 1332 3800 παρθένου,

36 3845 212 3922 θγατημένου
240 3846 367 3906 Ἰωάννου
394 3849 440 3904 τοῦ
463 3842 618 3925 Θεολόγου,
649 3841 695 3904 καί
723 3843 749 3904 οἱ
775 3843 803 3902 ἐν
831 3845 899 3924 αῦτῄ
922 3844 1062 3904 όσιωτατοι
1085 3842 1261 3922 ἱερσμόνοχοι
1286 3838 1333 3900 καὶ

37 3967 160 4046 μοναχσί,
191 3969 275 4028 τέκνα
303 3966 331 4026 έν
358 3964 442 4048 κυρίῳ
469 3961 598 4044 ἀγαπητὰ
623 3972 673 4042 τῆς
694 3967 773 4041 ἡμῶν
804 3967 994 4046 μετριότητος,
1025 3967 1106 4044 χάρις
1134 3961 1176 4040 είη
1203 3963 1264 4038 ὑμῖν
1286 3959 1333 4022 καί

38 4087 125 4168 einim
155 4087 203 4150 καὶ
234 4089 317 4161 ἔλεος
345 4089 400 4148 inb
427 4089 490 4148 θεοῦ
516 4089 742 4168 παντοκράτορος.
777 4087 893 4166 ἔφθασεν
921 4085 961 4158 εἰς
987 4081 1035 4157 τὰς
1063 4079 1149 4158 ἀκοάς
1178 4089 1227 4160 τῆς
1253 4085 1332 4160 ἡμῶν

37 4213 222 4292 μετριότητος,
253 4212 293 4270 ότι
322 4209 394 4282 τινές
423 4215 477 4268 τῶν
509 4209 714 4286 ένασκουμένων
744 4208 773 4268 ἐν
804 4209 871 4290 αῦτη
901 4207 1091 4288 ἱερομονάχων
1125 4204 1173 4266 καί
1202 4211 1333 4284 μοναχιῦν

36 4337 181 4412 πράγματα
208 4333 332 4409 τολμῶσι
354 4331 504 4413 παράλογα
530 4328 577 4390 καί
604 4333 687 4390 ταῦτα
714 4329 743 4388 έν
765 4329 875 4410 τοιαύτῃ
897 4333 979 4410 μονῇ,
1007 4329 1074 4408 ὅπερ
1098 4328 1128 4388 οῦ
1151 4329 1233 4404 μόνον
1259 4327 1334 4408 ταρὰ

36 4463 85 4514 τῶν
115 4457 240 4516 κανόνων
266 4460 320 4514 τῶν
348 4453 434 4533 ἁγίων
460 4455 597 4534 πατέρων,
625 4451 703 4512 ἀλλὰ
729 4449 777 4512 καὶ
798 4451 873 4531 ταρὰ
895 4457 948 4510 τῶν
972 4447 1026 4522 ἔξω
1048 4451 1140 4524 νόμων
1162 4449 1331 4509 κεκώλυται·

36 4575 78 4636 καὶ
97 4577 153 4658 γάρ
172 4579 330 4656 τρέπουσιν
354 4573 445 4648 ἀδεῶς
467 4572 515 4636 καί
537 4574 661 4646 ἀτάκτως
684 4570 851 4652 συνωμοσίας
873 4573 941 4648 ὁμοῦ
964 4571 1011 4634 καὶ
1033 4570 1144 4652 φατρίας
1166 4571 1234 4652 πρός
1256 4569 1332 4632 οθδέν

37 4699 125 4779 ἕτερον
154 4698 361 4773 ἀποβλέποντες
389 4695 412 4755 ei
440 4698 480 4774 μὴ
508 4699 578 4757 ῦοτε
604 4695 747 4776 πληρῶσαι
774 4695 808 4754 τά
834 4694 909 4754 κακά
930 4695 1076 4772 θελήματα
1099 4693 1195 4774 anni,
1224 4694 1333 4773 ἀτρό-
