3186 5286
1269 381 1332 446 399

45 581 198 640 conventui
223 581 297 639 dicti
325 581 497 640 monasterii
528 601 581 657 pcr
602 581 735 640 Turehos
757 582 828 658 ipsis
850 581 1020 659 impositum
1043 601 1100 640 non
1123 582 1235 640 habent
1255 582 1333 638 unde

44 687 153 744 solvant
175 689 263 745 abbas
289 691 321 744 et
343 693 505 746 conventus
528 685 647 762 prelati.
680 685 747 744 Nisi
770 687 883 744 dictum
905 687 1051 745 tributum
1073 686 1186 744 eisdem
1207 685 1333 744 turchis

44 792 254 868 persolverent,
286 794 323 850 ab
343 791 456 850 eisdem
484 809 670 870 nequaquam
692 791 937 867 permitterentur
958 791 1034 850 inibi
1064 790 1208 849 altissimo
1237 789 1333 848 famus

43 896 91 953 lari
108 897 287 974 frustusque,
311 895 446 954 redditus
468 901 499 954 et
521 901 682 972 proventus
705 895 778 954 dicti
801 896 971 954 monasterii
995 900 1063 954 sunt
1084 897 1158 954 adeo
1180 894 1333 969 diminuti,
1413 902 1419 916 ¹

43 1005 72 1056 ut
101 1001 158 1076 ipsi
188 1001 276 1058 abbas
306 1007 337 1058 et
366 1007 529 1060 conventus
559 1019 598 1058 ex
629 1001 688 1059 illis
717 1001 827 1059 nedum
855 1000 1001 1059 tributum
1027 1001 1124 1078 ipsum
1147 1001 1261 1060 solvere
1284 1001 1333 1060 vel

44 1103 107 1162 illuc
130 1105 311 1182 applicantes
333 1105 504 1182 peregrinos
526 1105 562 1162 ed
586 1107 649 1163 loca
671 1111 771 1162 sancta
790 1105 986 1163 transmarina
1001 1103 1219 1181 proficiscentes
1232 1103 1333 1180 hospi·

44 1209 94 1266 tari
118 1215 148 1267 et
171 1210 279 1268 multos
305 1209 447 1286 captivos,
476 1214 511 1268 ut
532 1209 631 1268 lacere
653 1215 880 1282 consueverunt,
912 1209 1070 1280 redimere,
1098 1209 1147 1268 sed
1171 1229 1209 1268 ne
1232 1229 1333 1268 eorum

43 1314 160 1390 quidem
174 1333 320 1391 personas,
345 1314 397 1392 qui
420 1313 495 1372 inibi
523 1333 645 1372 numero
667 1320 786 1372 eentum
808 1319 839 1372 et
862 1314 987 1390 triginta
1009 1315 1046 1372 de
1068 1314 1199 1391 presenti
1221 1314 1335 1390 degunt

43 1427 69 1474 ct
96 1419 256 1497 aliquando
285 1421 372 1494 longe
407 1419 506 1497 plnres
535 1419 645 1494 degere
675 1425 904 1490 consueverunt,
936 1424 1102 1478 sustentare
1135 1420 1268 1491 valeant,
1302 1423 1335 1477 et

43 1523 95 1580 nisi
118 1524 232 1582 eisdem
254 1524 353 1582 abbati
376 1529 408 1582 et
430 1523 589 1584 conventui
612 1525 650 1582 de
666 1523 777 1582 Christi
800 1523 934 1582 fidelium
957 1523 1108 1599 suffragiis
1131 1523 1332 1595 subveniatur,

43 1629 249 1686 monesterium
264 1635 295 1686 et
314 1629 439 1686 insulam
459 1627 629 1686 huiusmodi
650 1629 786 1687 deserere
807 1634 961 1704 coguntur.
985 1629 1047 1686 Nos
1063 1628 1157 1704 igitur
1171 1628 1332 1705 cupientes,

45 1740 73 1790 ut
89 1733 186 1808 ipsum
201 1734 413 1792 monasterium
429 1752 482 1810 pro
497 1733 635 1792 fidelibus
650 1733 721 1810 ipsis
737 1739 768 1792 et
790 1736 844 1793 sub
863 1751 934 1792 cura
956 1732 1164 1807 religiosorum
1186 1711 1333 1810 predicto-

45 1857 106 1895 mm
131 1843 360 1898 manuteneatur
381 1844 413 1897 et
435 1837 626 1898 confirmetur
647 1857 681 1896 ac
704 1838 736 1896 in
758 1837 916 1898 structuris
938 1843 969 1896 et
992 1837 1140 1896 hedificiis
1163 1837 1333 1896 huiusmodi

43 1943 138 2000 debite
160 1949 324 2020 reparetur,
348 1943 519 2021 Christique
538 1941 640 2002 fideles
667 1944 702 2000 ad
724 1943 867 2020 premissa
889 1963 924 2002 eo
947 1943 1089 2001 libentius
1112 1961 1216 2001 manus
1238 1942 1333 2019 porri·

45 2051 112 2120 gant
130 2047 301 2118 adiutrices,
325 2065 383 2126 qno
406 2066 445 2106 ex
467 2048 523 2105 hoc
546 2047 755 2124 conspexerint
777 2048 853 2105 dona
875 2047 993 2104 celestis
1015 2047 1111 2122 gretie
1130 2046 1251 2106 uberius
1269 2065 1334 2106 ero·

43 2150 111 2222 gari,
135 2151 173 2209 de
196 2151 406 2228 omnipotentis
421 2150 479 2208 Dei
503 2151 706 2210 misericordia
727 2169 761 2209 ac
783 2153 937 2210 beatorum
959 2151 1041 2209 Petri
1064 2157 1095 2210 ct
1113 2151 1198 2210 Pauli
1221 2156 1334 2228 aposto·

42 2255 143 2326 lorum,
167 2255 232 2314 eius
254 2255 431 2314 auctoritate
446 2253 548 2312 confisi
572 2255 709 2314 omnibus
731 2261 762 2314 et
785 2255 908 2330 singulis
930 2255 1086 2334 utriusque
1111 2275 1199 2314 sexus
1221 2255 1333 2314 curisti

42 2359 174 2418 fidelibus
193 2361 399 2438 undecumque
415 2359 612 2418 existentibus
628 2379 698 2420 vere
713 2359 916 2437 penitentibus
938 2365 969 2418 et
992 2359 1134 2420 confessis
1156 2361 1220 2420 sive
1243 2359 1333 2420 contl-

44 2466 122 2522 tendi
145 2465 329 2542 propositum
350 2465 536 2536 habentibus,
560 2465 612 2542 qui
635 2466 672 2523 ad
697 2471 875 2525 structuram
896 2470 928 2524 et
950 2464 1158 2524 hedificiorum
1173 2465 1333 2542 reparatio·

45 2587 105 2627 nem
128 2575 159 2628 et
181 2575 422 2646 paramentorum
449 2574 480 2627 ct
502 2573 742 2628 ornamentorum
770 2569 1024 2628 manutentionem
1051 2589 1105 2628 neo
1127 2589 1186 2628 non
1206 2569 1334 2646 predicti

44 2675 145 2733 tributi
161 2675 347 2746 solutionem,
367 2673 591 2750 peregrinorum
607 2673 838 2750 hospitationem
854 2679 885 2732 et
900 2674 1084 2752 captivorum
1099 2675 1335 2752 redemptionem

45 2797 73 2836 ac
93 2797 284 2838 monacorum
302 2778 504 2855 predictorum
524 2777 749 2838 subventionem
768 2785 799 2838 et
820 2779 996 2836 alimentum
1015 2798 1118 2838 manus
1134 2779 1219 2838 iuxta
1233 2799 1335 2838 eorum

44 2882 194 2942 facultates
217 2883 415 2960 porrexerint,
441 2883 583 2940 ducentos
605 2901 697 2940 annos
719 2887 750 2940 et
772 2881 897 2940 totidem
920 2883 1123 2959 quadragenas
1138 2884 1176 2942 de
1191 2882 1334 2942 iniunctis

43 2985 82 3044 eis
103 2987 281 3064 penitentiis
304 2986 539 3046 misericorditer
561 2987 592 3044 in
616 2985 736 3046 domino
757 2987 924 3044 relaxamus
947 2991 978 3043 et
1004 2985 1199 3044 nihilominus
1222 2986 1333 3046 eudem

42 3093 137 3150 abbati
161 3097 194 3151 et
215 3091 385 3164 conventui,
408 3097 442 3150 ut
464 3091 520 3168 ipsi
544 3092 603 3149 duo
625 3092 674 3152 vel
697 3096 756 3150 tres
780 3110 818 3150 ex
841 3091 885 3148 eis
907 3091 1071 3162 dumtaxat,
1095 3091 1145 3168 qni
1169 3111 1223 3167 per
1248 3109 1333 3170 quas-

42 3215 165 3275 cumque
193 3196 296 3256 muudi
327 3201 426 3273 partes
458 3215 526 3255 cum
556 3195 742 3273 presentibus
777 3195 970 3272 originalibus
1006 3195 1116 3254 litteris
1146 3215 1199 3271 per
1232 3215 1334 3254 aarum

43 3301 245 3378 transsumptis
268 3301 365 3376 sigillo
395 3300 519 3360 alicuius
549 3300 657 3377 prelati
684 3305 741 3360 etc.
772 3299 905 3370 munitis,
937 3299 1044 3378 quihus
1073 3305 1168 3358 stetur
1196 3299 1332 3372 firmiter,

42 3406 114 3464 sicut
137 3391 251 3464 eisdem
274 3405 467 3480 originalibus
490 3409 627 3476 staretur,
652 3404 676 3462 si
700 3409 815 3463 ostense
838 3405 944 3476 forent,
969 3407 1005 3464 ab
1025 3403 1097 3482 ipsis
1116 3404 1254 3464 fidelibus
1268 3404 1334 3462 ubi·

42 3509 109 3569 libet
126 3509 296 3569 constitutis
311 3509 491 3568 ellimosinas
510 3510 548 3566 ad
570 3509 713 3586 premissa
735 3515 846 3586 petere,
870 3511 1003 3588 recipcre
1025 3515 1057 3568 et
1077 3511 1187 3582 levare,
1211 3510 1334 3589 illasque

42 3613 69 3672 in
91 3619 245 3692 presentes
267 3621 298 3672 et
319 3632 378 3673 non
401 3614 475 3672 alios
496 3633 566 3672 usus
587 3619 762 3674 convertere
785 3615 912 3673 debeant
938 3614 1058 3686 totiens,
1090 3614 1227 3692 quotiens
1249 3615 1334 3674 vide·

43 3719 126 3793 bitur,
152 3719 290 3797 deputari
309 3719 403 3778 libere
423 3725 454 3776 et
472 3719 556 3777 licite
574 3719 702 3789 valeant,
726 3719 914 3776 concedimus
929 3723 961 3776 et
976 3718 1164 3794 indulgemus
1183 3739 1217 3778 ae
1231 3719 1334 3779 huius·

44 3825 117 3883 modi
149 3822 366 3899 indulgentiam
396 3824 449 3880 sub
478 3821 632 3900 quibusvis
652 3821 891 3882 revocationibus
920 3841 973 3880 seu
1003 3823 1241 3900 suspensionibus
1263 3843 1334 3902 qua·

42 3947 233 4007 rumcumque
263 3927 514 4003 indulgentiarum
543 3947 597 4003 per
634 3945 687 3984 nos
721 3932 763 3995 et.
788 3927 889 3986 sedem
918 3927 1109 4004 apostolicam
1144 3933 1175 3986 et
1209 3929 1335 3986 durante

43 4031 226 4110 indulgentia
248 4051 300 4110 pro
323 4031 436 4091 lubrica
457 4032 578 4090 basilice
605 4031 746 4109 principis
769 4033 967 4109 apostolorum
990 4034 1028 4091 de
1050 4033 1130 4092 Urbe
1152 4037 1183 4092 et
1205 4019 1336 4092 cruciata

43 4157 176 4198 concessa
197 4156 325 4216 pernes
347 4143 378 4195 et
400 4137 500 4195 sedem
522 4136 686 4214 predictam
709 4137 762 4194 sub
786 4137 1019 4215 quibuscumque
1041 4135 1192 4195 tenoribus
1215 4143 1246 4194 et
1268 4155 1334 4194 cum

43 4243 194 4320 quibusvis
216 4241 354 4301 clausulis
376 4247 407 4300 et
429 4241 697 4314 derrogatariorum
720 4241 931 4315 derrogatoriis
953 4241 1040 4300 lactis
1066 4247 1097 4300 et
1122 4259 1175 4318 pro
1202 4247 1334 4318 tempore

43 4347 184 4406 faciendis
206 4347 373 4405 nullatenus
396 4345 568 4422 comprendi
590 4345 709 4416 debere,
734 4345 784 4402 sed
807 4345 844 4402 ab
867 4343 926 4402 illis
949 4365 1065 4421 semper
1085 4351 1254 4422 exemptam
1270 4345 1335 4404 exi·

43 4457 116 4511 stare
132 4451 330 4510 decernimus.
346 4450 487 4508 Volumus
503 4455 611 4521 sutem,
629 4450 716 4528 quod,
733 4449 807 4507 siud
823 4447 965 4526 premissa
978 4468 1081 4506 manus
1092 4449 1254 4508 adiutrices
1269 4469 1334 4526 por·

43 4555 205 4630 rigentibus
221 4561 273 4614 aut
288 4556 352 4632 pias
375 4553 555 4613 ellimosinas
578 4555 782 4630 arrogantibus
804 4553 904 4632 aliqua
926 4552 985 4612 alia
1008 4553 1195 4628 indulgentia
1216 4557 1248 4611 in
1270 4573 1335 4630 per·

43 4665 161 4733 petuum
176 4661 226 4720 vel
246 4661 327 4718 aliud
344 4665 457 4717 certum
473 4665 591 4736 tempus
606 4659 739 4716 nundum
755 4659 886 4734 elapsum
902 4657 1044 4716 duratura
1059 4677 1113 4736 per
1132 4677 1185 4715 nos
1200 4677 1336 4716 concessa

43 4763 141 4836 luerit,
165 4775 317 4842 presentes
339 4765 440 4822 littere
464 4765 574 4822 nullius
597 4763 657 4821 sint
678 4762 792 4822 roboris
814 4763 863 4822 vel
885 4762 1037 4835 momenti,
1062 4763 1247 4840 presentibus
1269 4781 1335 4839 per·
