3162 5278
253 363 316 428 320

253 557 361 628 ταύταις
387 559 417 616 τό
445 555 549 616 δίκαιον
577 554 784 636 ἐπιδιορίζεσθαι
812 557 979 634 φυλάττοντα
1006 555 1056 629 μέν
1088 555 1135 616 καί
1165 556 1227 627 τοὺς
1253 561 1307 614 τιῦν
1334 557 1458 614 κανόνων
1489 555 1539 614 διτ-

253 681 377 761 ρισμοὺς,
405 684 537 759 τηροῦντα
564 679 596 738 δέ
621 677 669 738 καὶ
695 681 725 738 τό
752 679 867 754 ἀζήμιον
896 679 1035 758 ἑκατέροις
1057 681 1113 749 τοῖς
1137 679 1254 758 μέρεσιν.
1288 676 1384 753 ἐπειδὴ
1407 681 1540 756 τοιγαροῦν

253 797 369 882 διαφορά
390 823 431 872 τις
457 798 503 859 καί
531 800 684 880 φιλονεικία
711 801 839 860 συνέπεσε
867 797 969 876 μεταξὺ
995 805 1048 858 τῶν
1076 800 1201 879 πατέρων
1229 803 1275 858 τοῦ
1297 797 1370 880 ίεροῦ
1392 797 1439 858 καί
1463 799 1541 872 σεβα-

253 922 331 998 σμίου
360 923 493 1002 ἡμετέρου
524 925 719 1002 πατριαρχικοῦ
752 925 986 1000 σταυροπηγιακοῦ
1020 921 1199 1001 μοναστηρίου
1234 925 1280 980 τοῦ
1314 919 1393 999 άγίσυ
1423 921 1542 979 Ἰωάννου

253 1049 299 1103 τσῦ
321 1043 464 1122 Θεολόγου
488 1048 532 1102 τοῦ
554 1043 625 1102 κατὰ
646 1043 695 1116 την
718 1047 799 1117 νῆσον
823 1043 935 1116 Πάτμον
958 1041 1005 1102 καί
1028 1048 1081 1102 τῶν
1102 1049 1263 1122 χριοτιανιῦν
1286 1047 1334 1118 τῆς
1357 1045 1439 1116 νησου
1462 1043 1542 1120 Λέρου

253 1164 314 1245 περὶ
342 1172 392 1240 τῆς
417 1167 489 1224 κατὰ
513 1166 562 1240 τὴν
586 1166 674 1244 Λέρου
702 1159 855 1240 ἐκκλησίας
881 1169 931 1240 τῆς
959 1165 1002 1223 ἐπ’
1026 1165 1136 1239 όνόματι
1165 1165 1368 1240 σεμνυνομένης
1394 1168 1445 1239 τῆς
1467 1165 1541 1242 ὑπερ-

255 1288 336 1366 αχίας
364 1285 512 1365 Θεοτόκου,
543 1284 762 1363 ίδιοποισυμένων
791 1287 872 1360 αὑτὴν
901 1287 1039 1366 ἑκατέρων
1066 1292 1119 1345 τῶν
1147 1291 1238 1365 μερῶν
1268 1284 1315 1346 καὶ
1341 1291 1395 1344 τῶν
1426 1286 1477 1361 μέν
1504 1289 1543 1343 τοῦ

255 1409 432 1488 μοναστηρίου
465 1416 559 1484 κτῆμα
593 1403 664 1468 εἶναι
696 1405 726 1480 ἐξ
757 1408 846 1488 ἀρχῆς
878 1407 1127 1488 διισχυριζομένων,
1162 1413 1215 1468 τῶν
1247 1407 1278 1466 δέ
1307 1407 1452 1488 ἐνσριακὴν
1483 1401 1543 1466 εἶναι

254 1532 405 1611 λεγόντων,
438 1529 614 1612 παρεγίνοντο
649 1530 763 1589 ἐνταῦθα
795 1529 824 1588 ἐν
855 1529 1140 1589 Κωνσταντινουπόλει
1174 1529 1227 1588 άπδ
1261 1528 1312 1604 μέν
1345 1532 1392 1588 τοῦ
1426 1527 1545 1609 ῥηθέντας

256 1654 433 1733 μοναστηρίου
456 1657 501 1714 τοῦ
525 1652 669 1732 Θεολόγου
693 1649 872 1732 ἐπιτροπικῶς
895 1653 909 1710 ό
932 1653 1077 1723 ὁσιώτατος
1105 1651 1133 1710 ἐν
1156 1649 1368 1731 ίεροδιοσιόνοις,
1396 1654 1446 1731 κῦρ
1469 1651 1544 1708 Ἰωά-

255 1797 317 1858 σαφ,
345 1776 398 1836 ἀπό
421 1775 452 1835 δὲ
477 1781 527 1850 τῆς
546 1776 637 1854 Λέρου
660 1774 808 1854 χριοτιανοί
830 1793 900 1844 τινες
921 1773 1066 1854 Λεριιῦται,
1090 1771 1137 1832 καί
1158 1775 1345 1852 παραστάντες
1367 1773 1482 1832 ἐνώπιον
1502 1777 1544 1844 τῆς

254 1898 334 1972 ἡμῶν
358 1898 533 1978 μετριότητος
555 1895 701 1968 ουνοδικιῦς
724 1896 947 1976 προκαθημένης,
971 1895 1195 1974 συνεδριαζόντων
1219 1896 1286 1977 αὑτῇ
1308 1895 1362 1954 τῶν
1385 1891 1448 1974 περὶ
1472 1893 1544 1966 αὑτὴν

257 2017 410 2098 ίερωτάτων
435 2019 587 2100 ἀρχιερέων
610 2016 656 2078 καὶ
680 2019 759 2078 αὑτοῦ
782 2022 828 2078 τοῦ
850 2012 921 2078 κατὰ
943 2019 1024 2077 τόπον
1047 2018 1210 2098 ἀρχιερέως,
1230 2016 1430 2098 μητροπολίτσυ
1449 2014 1544 2085 Ῥόδου,

256 2143 305 2221 κῦρ
330 2140 473 2222 Ἰγνατίου,
503 2139 711 2220 προυβάλλοντο
739 2141 909 2220 ἑκατέρωθεν
936 2139 970 2198 τὰ
997 2139 1237 2217 δικαιολογήματα
1260 2141 1356 2218 αὑτῶν,
1386 2136 1435 2198 καί
1462 2138 1477 2195 ό
1502 2137 1546 2211 μέν

257 2261 443 2342 ίεροδιάκονος
466 2263 584 2340 Ἰωάσαφ
612 2263 658 2321 ἀπ’
682 2261 771 2341 ἀρχῆς
798 2267 847 2336 τῆς
873 2262 987 2332 κτίσεως
1016 2261 1099 2336 αὑτῆς
1126 2256 1196 2321 είναι
1218 2262 1268 2321 ὑπό
1289 2262 1339 2336 τἠν
1363 2257 1488 2332 ἐξουσίαν
1509 2263 1548 2318 τοῦ

258 2384 436 2464 μοναστηρίου
459 2383 635 2462 διισχυρίζετο
655 2383 759 2463 λέγων,
783 2385 822 2442 ότι
838 2383 853 2442 δ
868 2382 965 2462 κτίτωρ
988 2385 1080 2462 αὑτῆς,
1104 2383 1285 2463 ἱερομόναχός
1299 2403 1340 2452 τις
1356 2381 1487 2458 Βενιαμὶν
1503 2381 1547 2440 ἀπό

256 2509 302 2564 τοῦ
330 2506 409 2564 αὑτοῦ
433 2503 611 2584 μοναστηρίου
639 2505 767 2584 ὑπάρχων
792 2509 838 2564 τοῦ
859 2504 1013 2585 Θεολόγου,
1038 2505 1161 2580 ἀπῆλθεν
1190 2503 1228 2576 είς
1251 2506 1340 2585 Λέρον
1371 2503 1419 2564 καὶ
1447 2499 1547 2582 ᾠκοδό-
1572 2529 1573 2534 ’

259 2646 344 2702 μησεν
368 2626 450 2701 αὑτὴν
472 2627 521 2700 τἠν
545 2627 672 2706 ῥηθεῖσαν
700 2626 850 2701 ἐκκλησίαι
873 2633 922 2700 τῆς
946 2626 1084 2688 Θεοτόκου
1112 2627 1274 2701 ἀναλώμασι
1302 2625 1348 2685 καί
1378 2623 1485 2698 ἐξόδοις
1510 2629 1549 2682 τοῦ

259 2747 437 2826 μοναστηρίου
467 2747 555 2831 αὑτοῦ,
587 2748 732 2808 κάντεῦθεν
763 2747 809 2807 καί
836 2749 870 2807 τὰ
899 2749 928 2807 ἐν
957 2755 990 2830 τῇ
1019 2750 1084 2829 αῦτη
1113 2749 1195 2824 σκεῦη
1226 2748 1272 2808 καί
1301 2747 1329 2807 αί
1355 2746 1428 2829 ἱεραί
1457 2745 1550 2806 εἰκόναι

259 2868 479 2944 άπεκομίσθησαν
513 2869 566 2928 άπδ
599 2873 645 2930 τοῦ
679 2869 858 2951 μοναστηρίου
891 2871 994 2947 τούτου,
1024 2871 1063 2943 ὡς
1092 2872 1159 2950 πρός
1190 2873 1319 2948 μετόχιον
1350 2869 1445 2929 αὑτοῦ·
1477 2868 1501 2928 οί
1522 2867 1548 2926 δὲ

259 2993 394 3070 Λεριῶται
424 2989 573 3071 χριστιανοὶ
602 2991 801 3068 ἐναντιούμενοι
832 2988 982 3052 ἀντέτεινον
1011 2994 1057 3052 τὀν
1088 2993 1203 3072 ῥηθέντα
1233 2991 1426 3073 ίερομόναχον,
1456 2989 1480 3050 εἶ
1508 2989 1547 3048 καὶ

259 3113 475 3194 μοναστηριακδς
502 3113 633 3194 ὑπῆρχεν,
662 3115 700 3185 ὡς
727 3113 840 3194 είρηται,
869 3114 936 3174 ἀλλ’
960 3112 1005 3173 οὑν
1029 3111 1134 3186 ἐξόδοις
1156 3119 1205 3190 τῆς
1231 3118 1327 3194 χιῦρας
1354 3114 1547 3172 κατασκευάσαι

258 3235 306 3310 τὴν
334 3235 484 3311 ἐκκλησίαν
509 3235 652 3315 εὑρεθέντα
678 3239 738 3296 τότε
761 3237 790 3296 ἐν
812 3243 844 3317 τῇ
867 3239 941 3315 νήσῳ
964 3239 1046 3320 ταότη
1074 3236 1121 3297 καί
1143 3240 1338 3318 προϊστάμενον
1367 3236 1397 3295 ἐν
1421 3237 1488 3318 aim]
1511 3233 1548 3294 δια

258 3354 307 3428 τὰς
329 3360 375 3416 τοῦ
397 3360 491 3436 καιροῦ
513 3357 698 3436 περιπετείας·
724 3357 925 3438 διαφερομένων
949 3356 993 3418 οὖν
1016 3360 1101 3431 οὑτως
1124 3360 1260 3438 ἑκατέρων
1282 3365 1335 3418 τῶν
1359 3363 1453 3436 μερῶν
1475 3357 1548 3426 τέλος

261 3481 486 3558 μαρτυρησάντων
513 3485 566 3538 τῶν
594 3477 808 3558 θεοφιλεστάτων
837 3478 1065 3560 άρχιεπιοκάτων,
1093 3483 1139 3540 τοῦ
1166 3501 1196 3540 τε
1219 3481 1378 3561 Καρπάθου,
1408 3483 1458 3558 κῦρ
1481 3479 1547 3538 Νεο-

260 3599 347 3677 φότου,
378 3597 424 3658 καί
453 3603 500 3658 τοῦ
526 3601 587 3679 Ka»,
618 3604 667 3682 κῦρ
695 3601 846 3682 Κυρίλλου,
880 3605 926 3662 τοῦ
956 3603 1007 3677 μέν
1039 3603 1209 3682 ἐχκαινιάσαι
1240 3604 1339 3678 ταὺτην
1374 3601 1483 3676 ἐξόδοις
1509 3603 1548 3659 τοῦ

261 3719 449 3802 μοναστηρίου,
477 3725 523 3780 τοῦ
551 3721 583 3781 δέ
609 3723 765 3783 ὑποκεῖσθαι
792 3724 890 3797 ταύτην
919 3720 950 3796 ἐξ
976 3724 1064 3804 ἀρχῆς
1090 3725 1128 3804 τῷ
1158 3723 1340 3806 μοναοτηρίῳ,
1371 3724 1547 3804 συνεπεράνθτΙ

259 3845 290 3903 τό
316 3843 418 3924 πρέπον
445 3841 492 3902 καὶ
518 3847 633 3920 νόμιμον
657 3842 701 3904 ἐπὶ
723 3843 761 3923 τῷ
785 3843 945 3922 διαλυθῆναι
967 3851 1056 3906 πᾶσαν
1081 3845 1135 3926 ἔριν
1158 3845 1204 3906 καὶ
1226 3845 1394 3926 φιλονεικίαν
1417 3851 1547 3906 συαινοῦν-

260 3985 307 4038 τος
332 3963 380 4026 καὶ
405 3969 451 4025 τοῦ
477 3965 548 4025 κατὰ
574 3967 656 4024 τόπον
683 3966 847 4048 ἀρχιερέως,
874 3967 922 4028 καὶ
951 3968 984 4043 δὴ
1012 3964 1151 4048 ἀπεφάνθη
1180 3968 1340 4050 συνοδικιῦς,
1369 3971 1444 4042 ὅπως
1466 3971 1483 4043 ί,
1505 3966 1548 4042 μὲν

262 4087 397 4163 ἐκκλησία
421 4089 486 4163 αῦτη
509 4095 559 4165 τῆς
581 4088 730 4168 ὑπεραχίας
746 4087 884 4150 Θεοτόκου
906 4091 1015 4174 ὑπάρχῃ
1035 4089 1085 4150 ὑπδ
1102 4092 1152 4166 τὴν
1168 4089 1294 4164 ἐξουσίαν
1312 4096 1358 4152 τοῦ
1379 4089 1548 4170 μοναστηρίαι

261 4206 308 4267 καί
338 4209 386 4283 τὴν
417 4208 548 4284 διοίκησιν
578 4215 623 4270 τοῦ
651 4211 756 4270 ἐκεῖθεν
785 4213 961 4288 πεμπομένου
988 4210 1132 4288 οἰκονόμου
1160 4212 1208 4272 καὶ
1235 4213 1398 4290 δεσπόζηται
1425 4215 1475 4274 ὑπό
1502 4218 1547 4271 τῶν

261 4330 385 4408 πατέρων
405 4333 451 4389 τοῦ
472 4331 600 4412 ῥηθέντος
623 4332 801 4414 μοναστηρίου
825 4329 895 4408 μετὰ
916 4336 1024 4394 πάντων
1046 4339 1100 4393 τιῦν
1122 4337 1269 4408 κτημάτων
1291 4332 1339 4393 καὶ
1362 4332 1547 4414 άφιερωμάτων

264 4449 345 4524 αὑτῆς
374 4449 500 4512 καὶτῶν
527 4454 669 4533 προσόδων
696 4453 742 4513 καί
770 4453 959 4530 είσοδημάτων
988 4457 1070 4532 αὑτῆς
1099 4454 1145 4516 καί
1175 4457 1228 4538 ἔχη
1254 4457 1304 4531 τὴν
1332 4453 1489 4517 ἐπιστασίαν
1509 4453 1547 4514 καὶ

263 4569 394 4645 διοίκησιν
424 4573 507 4648 αῦτης
534 4575 549 4630 ό
580 4573 632 4632 ἀπό
661 4581 707 4634 τοῦ
739 4577 919 4657 μοναστηρίου
952 4581 998 4637 τοῦ
1028 4577 1172 4656 Θεολόχου
1204 4579 1383 4653 πεμπόμενος
1417 4577 1548 4650 σίκονόμας

265 4691 385 4752 ἐκτελῶν
412 4693 460 4753 καὶ
486 4695 520 4752 τά
546 4693 668 4775 ἱερατικά
696 4697 723 4754 ἐν
750 4699 831 4782 αὑτῇ,
857 4699 916 4776 ἔχει
945 4700 977 4759 δέ
1006 4699 1033 4758 ἐν
1062 4701 1128 4782 αῦτη
1157 4701 1187 4758 τό
1214 4701 1358 4760 κανονικὸν
1386 4704 1547 4776 μνημόσυνον
