3160 5292
259 365 320 428 176

359 560 380 638 †
405 602 930 621 .................
954 558 1057 637 παρὀν
1086 555 1138 618 ἐπὶ
1164 557 1206 635 τῷ
1231 557 1370 636 παρόντι
1398 556 1543 635 ἐγγράρῳ

256 677 323 762 [καὶ
346 685 517 759 μαρτυρῶν
540 679 726 758 ὑπέγραψα.
749 678 782 761 †]

359 801 380 880 †
403 845 896 866 ................
920 805 1058 882 πάρειμι
1082 799 1136 861 ἐπὶ
1157 799 1200 878 τῷ
1226 801 1364 881 παρόντι
1387 799 1544 878 ἐγγράφῳ,

256 925 300 996 ὡς
321 925 356 982 τό
377 924 455 1002 όρος
477 923 587 1001 δηλοῖ,
610 921 666 984 καὶ
688 929 862 1004 μαρτυρῶν
884 925 1070 1003 ὑπέγραψα.
1094 923 1115 1001 †

359 1046 381 1125 †
403 1044 438 1104 ‘0
455 1044 596 1121 εἶιτελὴς
615 1043 770 1116 διάκονος
789 1052 847 1120 τῆς
867 1045 1057 1122 ἁγιωτάτης
1079 1043 1321 1124 μητροπόλεως
1338 1043 1474 1123 Ἐρέσου
1495 1041 1545 1100 καὶ

257 1166 497 1246 οακελλὰριος,
525 1167 683 1242 Ἰωάννης
705 1167 720 1224 ό
744 1166 1006 1246 Λιθοπυργίτης,
1028 1167 1139 1246 παρὼν
1166 1165 1221 1226 καὶ
1252 1167 1351 1238 αὑτός
1377 1165 1546 1244 ὑπέγραψα

256 1289 430 1368 ὁμοίωςψ

359 1411 438 1488 †‘0
463 1411 605 1486 εὐτελὴς
633 1411 790 1483 διάκονος
816 1409 872 1470 καὶ
897 1410 1111 1492 κανοτρίοιος
1132 1416 1191 1488 τῆς
1213 1411 1405 1489 ἁγιωτάτης
1429 1426 1546 1487 μητρο-

256 1533 388 1602 πόλεως
423 1533 577 1613 Ἐρέοου,
611 1533 626 1590 ό
659 1534 828 1614 Γεώργιος
861 1535 876 1592 ό
909 1533 1168 1613 Λιόοπυργάτης,
1206 1531 1320 1613 παρὼν
1359 1529 1417 1592 καὶ
1456 1531 1547 1598 αὐτός

256 1655 484 1734 ὑπέγραψαψ

360 1777 447 1855 †‘0
485 1777 630 1851 εότελὴς
666 1783 735 1836 τῶν
774 1775 938 1836 διακόνων
975 1783 1040 1851 τῆς
1078 1777 1269 1855 ἁγιωτάτης
1309 1773 1549 1856 μητροπόλεως

258 1898 397 1978 Ἐρέσου
439 1897 494 1957 καὶ
529 1897 581 1958 ἐπὶ
613 1905 678 1959 τῶν
712 1901 870 1980 γονάτων,
900 1899 1071 1978 Γεωργιος
1101 1896 1309 1969 όἌπουκας
1342 1899 1459 1978 παρὼν
1496 1895 1549 1955 καὶ

257 2021 353 2092 ababa
376 2027 548 2100 μαρτυρῶν
571 2021 757 2101 ὑπέγραψα.
782 2022 803 2100 †

360 2143 442 2222 †‘0
464 2143 609 2223 γραφεὺς
635 2147 691 2204 τοῦ
716 2144 827 2222 ὓρους,
852 2143 993 2217 εῐυτελὴς
1016 2145 1232 2222 ἀναγνώστης
1255 2147 1310 2204 τοῦ
1332 2136 1550 2222 ἠγαπημένοι

257 2262 432 2342 Θεολόγου
463 2263 519 2324 καὶ
551 2265 690 2340 νομικός
725 2265 857 2336 πόλεως
891 2265 1047 2344 Ἐρέσου,
1083 2265 1256 2337 Νικόλαος
1292 2267 1308 2324 ό
1345 2265 1550 2338 Καλοειδής,

257 2385 431 2466 ὑπέγραψα
452 2385 508 2446 καὶ
531 2387 627 2458 αὑτός
650 2386 793 2462 βεβαιῶν
816 2388 853 2448 τὰ
876 2387 1040 2468 ἀνωτέρω.
1064 2391 1085 2468 †

360 2515 504 2585 Δπάιαόψρ.
528 2516 647 2571 πλανάτω.
673 2514 747 2570 Har.
771 2534 821 2570 nro
846 2518 895 2572 85.

454 2890 457 2895 ¹
495 2801 601 2868 LXII.
626 2802 702 2868 Sine
725 2823 820 2887 anna,
843 2825 953 2867 mense
976 2801 1148 2885 februaria,
1170 2801 1235 2866 ind.
1259 2800 1316 2866 IV.

385 2951 540 3022 Imperator
562 2953 645 3006 donat
667 2953 829 3006 manasterio
850 2951 1006 3005 πιοόοολίιιιιι
1029 2949 1150 3021 Pyraam
1173 2949 1211 3004 ad
1232 2949 1427 3004 Maeandrum.

362 3120 393 3203 [†
417 3165 748 3182 ...........
771 3123 826 3180 τοῦ
847 3117 1107 3201 πανιερωτά]του
1130 3117 1377 3198 μητροπολίτου
1401 3117 1550 3192 Μιλήτου

258 3241 314 3303 καὶ
337 3241 482 3323 ἐξάρχου
508 3246 608 3323 κυροϋ
631 3241 792 3318 Μανουὴλ
820 3287 956 3304 .....
984 3245 1040 3300 τοῦ
1062 3240 1162 3317 Χημα
1187 3288 1194 3302 .
1217 3287 1224 3300 .
1247 3286 1270 3318 .,
1297 3241 1353 3300 τοῦ
1376 3237 1552 3318 Θεοδώρου

261 3411 430 3430 ......
456 3365 553 3425 Παλα
576 3412 583 3426 .
608 3411 615 3424 .
642 3411 648 3426 .
674 3412 680 3425 .
705 3411 712 3424 .
736 3363 868 3442 ἱερέως,
891 3366 946 3422 τοῦ
962 3383 997 3422 τε
1019 3365 1116 3442 πυροῦ
1132 3362 1311 3422 Βασιλείου
1333 3365 1388 3422 τοῦ
1411 3355 1551 3446 [Anava]-

259 3491 356 3568 ὠτου,
397 3483 483 3570 τοψῡ]
513 3485 675 3567 Μαρουλῆ
713 3489 812 3565 κυροῦ
841 3485 1107 3564 Κωνοταντίνου,
1136 3489 1191 3544 τοῦ
1222 3483 1423 3558 Αουλλούδη
1455 3487 1551 3563 κυροό

259 3609 280 3668 Γ
286 3609 441 3690 εωργίου,
467 3606 523 3668 καὶ
549 3608 612 3668 ἀπὸ
637 3613 700 3667 τῶν
727 3613 938 3688 στρατιωτῶν
960 3605 1015 3668 καὶ
1038 3608 1223 3688 συντρόφων
1245 3627 1306 3684 μου
1329 3609 1428 3686 κυροῦ
1450 3605 1550 3679 Νικη-

259 3733 357 3810 ρόρου
388 3775 654 3792 .........
666 3775 675 3808 ,
708 3733 764 3790 τοῦ
794 3727 972 3809 Θεοδώρου
1005 3733 1104 3810 κυροῡ
1136 3728 1336 3808 Γυλιὲλμου,
1366 3733 1422 3790 τοῦ
1452 3729 1550 3806 Τειρῆ

259 3856 358 3934 κυροῦ
380 3849 552 3931 Ἀλεξίου,
574 3850 630 3912 καὶ
653 3851 716 3910 ἀπὸ
741 3856 805 3910 τῶν
828 3848 1072 3912 οἰκοδεσποτῶν
1105 3855 1159 3912 τοῦ
1184 3851 1434 3912 Κωνοταντίνου
1457 3851 1551 3930 κυροῦ

260 3973 400 4054 Νικήτο,
434 3978 488 4034 τοῦ
520 3979 578 4050 τῆς
613 3973 742 4053 Λερίας
773 3975 872 4051 κυροϋ
906 3973 1087 4048 Νικολάου,
1121 3978 1175 4034 τοῦ
1210 4018 1480 4034 .........
1510 3966 1552 4029 καὶ

261 4093 414 4174 ἐτέρωνψ

365 4219 385 4297 †
407 4219 448 4277 Το
471 4219 554 4297 μέρος
574 4223 622 4294 τῆς
638 4217 789 4294 οεβαομίας
803 4221 890 4292 μονῆς
904 4223 954 4292 τῆς
971 4216 1092 4297 Πάτμου,
1115 4218 1129 4276 ό
1151 4214 1313 4293 τιμιώτατος
1336 4217 1462 4294 μοναχός
1485 4219 1553 4294 κῦρῑς

261 4336 399 4417 Νεόρυτος
425 4339 439 4398 ό
462 4339 667 4414 Καππαδόκης,
698 4336 745 4398 καὶ
771 4339 786 4396 ό
812 4339 905 4398 τοότου
933 4336 1129 4419 [ουνὰόελ]ρος
1157 4343 1232 4418 κόρις
1260 4341 1400 4418 Ἀροάνιος
1432 4337 1552 4412 ἐνδημῆ-

261 4481 356 4534 οαντες
386 4505 621 4524 ........
651 4460 871 4520 πανοικειότατον
904 4463 1151 4540 παρακοιμιίιμενον
1181 4461 1220 4540 τῷ
1253 4460 1375 4542 κραταιῷ
1408 4460 1457 4522 καὶ
1489 4457 1553 4537 ἁγίῳ

260 4585 339 4660 ἡμῶν
367 4585 481 4668 αὐθάντη
507 4581 554 4643 καὶ
581 4568 693 4657 βασιλεῖ
720 4629 888 4643 ......
912 4579 1037 4655 Ἀλὲξιον
1064 4582 1110 4640 τὀν
1132 4583 1285 4664 Κρατερόν,
1308 4586 1348 4655 ὡς
1368 4585 1441 4644 κατὰ
1463 4587 1552 4663 χώραν

262 4704 438 4786 διερχόμενον
460 4703 507 4766 καὶ
529 4705 578 4777 τὰς
601 4705 670 4784 ἁναρ
695 4751 1219 4769 .................
1244 4709 1282 4779 ὡς
1306 4709 1394 4768 δικαιο
1420 4749 1552 4768 .....
