3162 5278
247 342 310 408 358

247 537 293 598 καί
318 539 449 614 ἐπιταγὴν
472 537 621 614 ύπέσχοντο
648 536 794 613 προθύμως
820 535 869 595 καί
895 538 932 607 ῶς
961 533 1045 595 εἰπεῖν
1069 536 1230 615 στρογγύλῳ
1251 535 1291 613 τῷ
1313 536 1436 615 στόματι,
1464 539 1539 610 ποιη-

249 679 304 720 σειν
319 662 407 718 πάντα
423 659 596 730 όινελλειπῶς
617 655 665 716 καί
681 657 741 728 τοῦς
761 657 961 734 ἐνδεχομένους
982 655 1029 716 καὶ
1053 657 1180 730 δυνατούς
1202 657 1315 736 τρόπους
1338 657 1485 732 μετελθεῖν
1507 655 1539 727 εἰς

248 782 340 858 όνησιν
370 779 416 839 καὶ
447 781 583 858 ὠφέλειαν
610 785 659 855 τῆς
687 778 770 852 αὐτῆς
797 778 873 857 ἱεροῖς
900 777 947 838 καί
973 777 1123 854 σεβασμίας
1151 783 1236 855 μονῆς
1263 779 1334 838 κατὰ
1361 779 1435 838 θεῖον
1463 779 1540 854 ζῆλον

248 901 295 963 καί
311 899 494 974 ἐξοικονομείν
511 901 697 975 ἐπισταμένως
720 898 766 959 καί
781 906 919 978 νουνεχῶς
941 898 990 971 τὰς
1014 901 1195 976 ἐμπιπτούσας
1217 901 1360 972 ὑποθέσεις
1381 899 1428 960 καί
1450 901 1541 980 χρείας

248 1029 294 1084 τοῦ
317 1022 462 1104 εἰρημένου
484 1021 662 1100 μονασιηρίου
689 1019 737 1082 καί
759 1022 793 1081 τά
814 1023 882 1100 πρός
910 1023 1033 1082 σύστασιν
1058 1023 1136 1082 αὐτού
1158 1022 1191 1082 ἐκ
1212 1023 1312 1094 παντός
1333 1022 1433 1100 τρόπου
1453 1042 1539 1100 πραγ-

249 1147 420 1220 ματεύεσθαι.
457 1144 524 1203 ἀλλ’
548 1144 592 1202 ἵνα
622 1144 660 1218 μὴ
691 1143 869 1222 ἀπῳκισμένα
895 1139 914 1225 ᾖ
946 1143 1081 1222 ἐγγράφου
1113 1143 1310 1214 ἐπισυστάσεως
1340 1143 1376 1202 τὰ
1401 1149 1451 1218 τῆς
1476 1164 1540 1224 προ-

250 1267 370 1348 στασίας,
394 1266 549 1337 ἐπιστασίας
571 1287 601 1326 τε
623 1265 671 1326 καί
694 1265 838 1345 ἐπιτροπῆς
861 1271 914 1325 τῶν
938 1267 1024 1326 αύτῶν
1046 1271 1209 1346 χριστιανῶν
1232 1264 1276 1324 ἐπί
1296 1264 1336 1343 τῷ
1359 1264 1466 1344 ρηθένπι
1492 1286 1539 1338 μο-

249 1389 394 1469 ναστηρίῳ,
425 1388 577 1464 ἐδεήθησαν
608 1387 634 1448 οί
664 1386 737 1449 αύτοί
768 1390 910 1448 όσιάντατοι
938 1391 1056 1468 πατέρες
1089 1389 1289 1468 ἐπικυρωθῆναι
1320 1387 1371 1462 τὴν
1405 1387 1539 1466 ἐπιτροπὴν

249 1511 347 1587 ταύτην
374 1509 420 1570 καί
449 1510 483 1570 δι’
505 1511 640 1590 ἡμετέρου
662 1513 858 1589 πατριαρχικοῦ
885 1507 931 1569 καί
954 1509 1092 1570 συνοδικοῦ
1114 1507 1279 1588 γράμματος
1300 1507 1346 1568 καὶ
1370 1508 1539 1588 διασαφιοθῆ-

250 1653 293 1692 ναι
316 1638 421 1712 σαφῶς,
445 1633 485 1692 ότι
507 1631 540 1690 τὰ
562 1632 614 1712 πρδ
637 1630 849 1706 ἀμνημονεύτων
870 1634 978 1712 χρόνων
1001 1631 1236 1711 ἐπιχορηγηθέντα
1262 1629 1309 1690 καί
1331 1629 1377 1690 διὰ
1400 1629 1542 1704 βασιλικῶν

251 1756 440 1828 θεσπισμάτων
462 1752 509 1812 καί
532 1752 679 1813 συναδικῶν
702 1757 872 1832 γραμμάτων
895 1753 1093 1834 έπικυρωθένπα
1115 1754 1249 1833 προνόμια
1272 1758 1321 1826 τῆς
1344 1758 1431 1826 μονῆς
1452 1753 1541 1824 ταύτης

251 1875 497 1956 διατηρηθήαονται
524 1873 740 1954 έπαράλλακτα,
769 1872 966 1954 ἐπαραμείωτά
988 1895 1017 1934 τε
1044 1872 1091 1934 καί
1115 1871 1307 1954 άπαράτρεπτα
1330 1876 1416 1952 μέχρι
1437 1873 1540 1952 κεραίας

251 2000 333 2075 αύτής
361 1991 409 2057 καί
436 1996 511 2068 όλως
534 1995 672 2072 μηδεμίαν
695 1993 818 2068 ἐξουσίαν
842 1996 961 2073 ἐχόντων
983 2003 1036 2055 τῶν
1060 1995 1147 2056 αύτῶν
1169 1995 1240 2055 κατὰ
1262 1996 1373 2074 καιρούς
1401 1995 1540 2074 ἐπαράτων

252 2120 284 2178 ἐκ
307 2122 353 2178 τοῦ
376 2117 512 2198 ρουφετίου
534 2123 588 2177 τῶν
609 2117 786 2197 γουναράδων
812 2118 991 2196 καταθραύειν
1018 2118 1067 2192 τὴν
1089 2118 1226 2178 συντονίαν
1248 2122 1301 2176 τῶν
1322 2115 1478 2197 προνομίων
1498 2122 1541 2191 τῆς

251 2245 337 2316 μονῆς
364 2241 463 2314 ταύτης
489 2237 536 2298 καὶ
563 2230 618 2298 οἷον
647 2236 732 2298 εἰπεῖν
754 2239 903 2298 καθέλκειν
929 2238 977 2298 καί
998 2240 1137 2320 ύποσῦρειν
1163 2237 1210 2298 καί
1232 2244 1374 2298 κατασπᾶν
1403 2236 1442 2311 είς
1468 2237 1541 2297 δουλ-

252 2359 376 2438 αγωγίαν
403 2360 452 2434 τὴν
481 2356 640 2434 αῦτονομίαν
666 2357 713 2418 καί
735 2359 766 2418 τδ
790 2355 946 2420 ἀδούλωτον
973 2357 1020 2420 καί
1043 2359 1188 2440 ἐλεύθερον
1209 2365 1258 2436 τῆς
1280 2365 1480 2440 πατριαρχικῆς
1500 2358 1541 2419 καί

252 2485 489 2561 σταυροπηγιακῆς
515 2481 594 2558 ἡμῶν
626 2485 711 2556 μονῆς
741 2481 855 2560 ταύτης,
886 2479 962 2540 ἀλλὰ
993 2485 1074 2557 μόνον
1104 2479 1151 2542 καί
1181 2483 1263 2557 μόνον
1290 2482 1340 2553 τὰς
1369 2482 1542 2557 ἐμπιπτούσας

254 2605 368 2663 ἐνταῦθα
391 2602 531 2673 ὑποθέσεις
552 2608 601 2678 τῆς
625 2607 710 2677 μονῆς
733 2603 832 2677 ταύτης
855 2603 966 2682 θεωρεῖν
988 2601 1035 2662 καὶ
1057 2603 1250 2683 προσδαπανάν
1273 2603 1306 2662 τὰ
1326 2601 1366 2676 είς
1386 2603 1435 2676 τὰς
1454 2603 1542 2682 χρείας

252 2725 299 2786 καὶ
322 2726 446 2804 ἀνάγκας
468 2727 515 2783 τοῦ
537 2725 616 2783 αὑτοῦ
639 2725 817 2803 μοναστηρίου
840 2725 1096 2799 ἐπακολουθήσαντα
1120 2723 1212 2804 ἐξοδα,
1235 2725 1391 2801 λαμβάνειν
1414 2725 1541 2784 δὲταῦτα

252 2847 326 2926 παρὰ
352 2846 406 2906 τῶν
432 2846 557 2924 πατέρων
583 2849 634 2919 τῆς
656 2845 739 2920 αῦτίφς
762 2851 849 2922 μονῆς
872 2845 942 2920 μετὰ
964 2843 1049 2922 λόγον
1071 2845 1158 2925 χωρίς
1177 2866 1248 2918 τινος
1270 2846 1371 2923 ζημίας
1393 2844 1441 2906 καὶ
1463 2845 1539 2904 ἐλατ-

252 2963 372 3041 τώσεως.
397 2968 489 3028 τούτου
511 2970 591 3046 χάριν
613 2965 662 3042 τὴν
686 2965 789 3040 αἴτησιν
811 2973 864 3025 τῶν
889 2969 975 3027 αὐτῶν
997 2968 1150 3028 ὁσιωτάτων
1172 2971 1296 3048 πατέρων
1319 2969 1358 3041 ῶς
1379 2968 1540 3046 είιλσγορσνίΙ

252 3087 333 3151 οὖσαν
360 3090 483 3166 εῦμενῶς
509 3092 712 3170 προσηκάμενοι
738 3087 785 3148 καί
813 3085 1013 3162 ἀποδεξάμενοι
1035 3087 1185 3167 γράφοντες
1213 3089 1418 3168 ἀποφαινόμεθα
1444 3088 1540 3148 συνοδι·

252 3211 309 3283 κῶς
339 3212 409 3287 μετὰ
437 3219 492 3272 τῶν
521 3209 583 3290 περὶ
609 3212 684 3284 ν’,μάς
714 3209 867 3289 ίερωτάτων
897 3209 1047 3290 ἀρχιερέων
1078 3208 1125 3270 καί
1151 3209 1311 3290 ύπερτίμων,
1341 3214 1396 3270 τῶν
1424 3211 1453 3268 ἐν
1479 3209 1540 3286 άγίῳ

251 3333 382 3409 πνεύματι
413 3333 561 3412 ἀγαπητῶν
588 3333 667 3406 ἡμῶν
698 3329 826 3410 ἀδελφῶν
859 3329 906 3391 καί
937 3331 1168 3412 συλλειτουργῶν,
1202 3331 1246 3390 ἰ’να
1278 3329 1304 3390 οί
1334 3331 1407 3391 κατὰ
1439 3331 1539 3410 καιρούς

252 3456 407 3527 τιμιώτατοι
433 3451 480 3512 καί
502 3454 705 3532 χρησιμώτατοι
727 3454 865 3533 πρόκριτοι
887 3450 1035 3532 χριστιανοί
1057 3457 1103 3512 τοῦ
1126 3451 1314 3530 εύλογημένου
1337 3453 1473 3533 ρουφετίου
1494 3457 1540 3512 τῶν

252 3573 429 3652 γουναράδων
454 3575 553 3651 ἔχωσιν
576 3573 758 3654 ἐπιτροπεύειν
781 3574 832 3649 μὲν
860 3574 888 3632 έν
911 3579 944 3656 τῇ
968 3579 1038 3654 μονῇ
1060 3575 1143 3655 ταύτῃ
1165 3571 1213 3634 καί
1235 3573 1346 3634 διοικεῖν
1369 3574 1417 3634 καί
1439 3571 1537 3647 ἐξοικο-

253 3699 345 3772 νομεῑν
369 3694 482 3777 άρίστως
504 3693 644 3756 καὶκατὰ
667 3695 751 3775 λόγον
774 3695 852 3776 ὀρθόν
874 3695 924 3768 τὰς
947 3695 1129 3771 ἐμπιπτούσας
1152 3696 1293 3768 ύποθέσεις
1313 3693 1362 3756 καί
1383 3696 1478 3776 χρείας
1499 3702 1539 3754 τοῦ

254 3820 333 3879 αύτοῦ
360 3817 540 3896 μοναστηρίου
567 3816 681 3877 ἐνταῦθα
708 3815 747 3888 είς
774 3816 969 3892 βασιλεύουσαν
996 3815 1042 3877 καί
1069 3817 1248 3896 ἀγωνίζεσθαι
1274 3817 1345 3877 κατὰ
1369 3819 1443 3878 θεῖον
1464 3817 1539 3891 ζῆλον

253 3940 318 4019 ύπέρ
341 3945 391 4016 τῆς
412 3939 506 4015 καλῆς
527 3941 729 4018 καταστάσεως,
754 3936 892 4012 αὐξήσεως
907 3959 937 3998 τε
956 3937 1004 3998 καί
1028 3939 1202 4014 βελτιώσεως
1224 3942 1270 3998 τοῦ
1293 3935 1439 4018 εἰρημένου
1461 3958 1538 4014 μονα-

254 4060 360 4139 στηρίου
390 4059 437 4119 καί
462 4060 656 4140 προσδαπανάν
683 4053 731 4118 καί
758 4057 892 4131 ἐξοδεύειν
919 4059 953 4119 τὰ
979 4060 1216 4120 ἐπακολουθοῦντα
1246 4058 1291 4120 καί
1323 4059 1539 4136 ἐπισυμβαίντντα

255 4179 339 4253 ἐξοδα
359 4179 406 4240 καὶ
422 4183 642 4262 καταγράφοντες
661 4184 744 4240 ταῦτα
761 4180 790 4240 ἐν
804 4181 918 4262 καθαρῷ
940 4181 1096 4262 καταστίχῳ
1119 4181 1273 4257 λαμβάνειν
1296 4181 1455 4254 άνελλιπῶς
1475 4179 1537 4257 παρὰ

254 4307 307 4360 τῶν
335 4302 487 4362 ὁσιωτάτων
514 4305 638 4382 πατέρων
666 4310 714 4378 τῆς
742 4309 827 4378 μονῆς
857 4305 956 4379 ταύτης
985 4301 1072 4383 χωρίς
1099 4307 1145 4363 τοῦ
1172 4305 1330 4380 ζημιοῦσθαι
1358 4303 1415 4363 οὐδ’
1439 4303 1536 4378 ὀβελόν,

255 4421 294 4498 μὴ
321 4421 447 4482 ἐκτείνειν
476 4423 567 4498 μέντοι
586 4445 620 4501 γε
647 4427 728 4502 χεῖρα
756 4423 878 4496 ἐξουσίας
906 4421 949 4482 ἐπί
976 4423 1014 4502 τῷ
1043 4423 1148 4503 ῥηθέντι
1175 4425 1347 4505 μοναστηρίῳ
1375 4424 1435 4486 σύτε
1459 4424 1536 4484 καθά-

254 4543 365 4602 πτεσθαι
392 4549 446 4602 τῶν
472 4543 625 4622 προνομίων
653 4544 732 4601 αύτού
757 4543 804 4602 καί
827 4550 880 4604 τῶν
903 4546 1007 4606 άνωθεν
1030 4543 1078 4606 καί
1101 4545 1134 4606 ἐκ
1155 4546 1274 4606 παλαιοῦ
1295 4550 1343 4606 τοῦ
1365 4549 1463 4626 χρόνου
1484 4545 1537 4604 ἐπι-

255 4663 464 4740 χορηγηθέντων
497 4659 544 4722 καί
577 4661 843 4743 προσκληρωθέντων
876 4672 909 4747 τῇ
943 4673 1013 4748 μονῇ
1047 4668 1129 4751 ταύτῃ
1164 4666 1265 4726 άνέτων
1299 4664 1347 4726 καί
1381 4663 1536 4748 ύπερσχικῶν
