3228 5294
232 312 275 375 40

232 507 390 586 προσθήκης
412 509 430 580 ἢ
455 504 576 581 έκκοπῆς
599 505 628 564 ’έν
651 527 700 565 τινι
722 507 878 585 γεγονυίας,
902 505 962 566 οὔτε
985 506 1023 584 τῷ
1047 507 1188 588 Παρθενίῳ
1212 507 1294 584 ἐδόθη
1309 510 1389 587 χιύρα
1412 509 1535 587 ύπεισέρ·

231 629 329 704 χεσθαι
360 625 399 699 εἰς
428 628 477 702 τὴν
508 633 562 686 τῶν
594 627 685 706 ἀγρῶν
715 629 813 708 νομήν,
844 625 905 688 οὔτε
930 630 987 701 τοῖς
1008 628 1147 710 ἀγρώταις
1170 627 1210 701 είς
1232 629 1281 704 τὴν
1302 634 1348 690 τού
1373 629 1535 708 Παρθενίου,

231 749 325 819 καθὼς
347 745 394 808 καὶ
415 749 446 808 τό
468 749 585 828 γεγονός
603 747 646 808 ἐπὶ
661 750 745 828 τούτῳ
761 751 909 830 πρακτικδν
932 750 996 829 παρ’
1022 749 1100 810 αὑτοῦ
1122 751 1216 810 τούτου
1238 755 1285 810 τού
1308 749 1535 830 διενεργησαντος

232 871 395 950 σαφέστερον
424 869 594 949 παρίστησιν·
626 871 693 949 όπερ
723 869 770 930 καὶ
799 869 838 950 τῷ
868 873 980 951 παρόντι
1010 871 1151 951 πρακτικῷ
1182 871 1395 952 συνεσρραγίοθη
1418 872 1466 931 καὶ
1494 872 1535 950 τῷ

231 993 309 1071 μέρει
330 997 379 1068 τῆς
395 996 483 1067 μονῆς
500 991 627 1068 ἐπεδόθη.
653 991 729 1051 ἀλλὰ
751 989 882 1072 καὶπερὶ
904 996 951 1052 τού
973 995 1090 1074 κάπρου
1114 993 1267 1054 Παντελίου
1290 991 1337 1054 καὶ
1361 991 1436 1065 αύθις
1452 994 1535 1073 ἑτέρα

231 1114 307 1188 τιμία
336 1105 383 1173 καί
412 1113 583 1194 προοκυνητὴ
612 1109 759 1192 πρόσταξις
788 1118 838 1188 τῆς
869 1113 950 1192 ἁγίας
979 1116 1059 1189 ἡμῶν
1082 1113 1227 1192 δεσποίνης
1248 1114 1433 1196 προεκομίσθη
1456 1115 1534 1195 ἡμῖν,

184 1247 185 1250 ’
232 1233 459 1310 διαλαμβάνουσα
482 1235 575 1306 ούτως.

335 1359 356 1437 ’ρ
379 1355 413 1416 Εἰ
434 1359 509 1435 τάχα
530 1355 578 1416 καὶ
601 1356 734 1434 ἀγνοοῦσα
754 1357 772 1430 ἡ
789 1357 918 1432 βασιλεία
940 1359 1019 1432 ἡμῶν
1042 1359 1073 1416 τδ
1097 1353 1166 1419 είναι
1190 1358 1219 1418 έν
1240 1364 1275 1440 τῇ
1296 1361 1371 1440 νήσῳ
1394 1365 1427 1441 τῇ
1451 1359 1535 1439 Λέρῳ

233 1479 313 1550 ἐκτδς
334 1481 380 1538 τού
405 1477 557 1538 Παντελίου
579 1475 626 1538 καὶ
650 1479 743 1556 ἕτερον
765 1479 891 1558 κάστρον,
915 1479 1059 1559 διωρίσατο
1081 1479 1110 1539 ἑν
1131 1479 1170 1558 τῷ
1184 1481 1309 1560 γεγονότι
1331 1479 1535 1562 χρυσοβούλλῳ

231 1599 269 1680 τῷ
292 1602 446 1678 τιμιωτάτῳ
474 1598 600 1678 μοναχῷ,
628 1598 701 1679 κυρῷ
728 1599 934 1680 Χριστοδούλῳ,
962 1603 1092 1680 κατέχειν
1120 1600 1271 1682 δεσποτικῷ
1301 1603 1393 1684 τρόπῳ
1422 1603 1453 1660 τδ
1481 1601 1534 1677 μὲν

231 1724 313 1798 ἥμισυ
335 1722 438 1800 τούτου,
461 1721 588 1795 ἤτοιτού
613 1720 765 1782 Παντελίου
787 1723 915 1801 κάστρου,
939 1723 1019 1782 αύτόν
1035 1742 1064 1781 τε
1087 1723 1133 1782 τόν
1156 1721 1316 1800 δηλωθέντα
1339 1725 1462 1802 μοναχδν
1485 1723 1534 1784 σύν

230 1849 265 1925 τῇ
289 1848 358 1925 μονῇ
382 1845 461 1902 αὺτοῦ
483 1840 614 1915 καὶτοὺς
636 1843 679 1903 ὑπ’
703 1843 783 1902 αύτδν
796 1843 954 1928 μοναχῶς,
977 1845 1007 1902 τό
1031 1843 1063 1904 δὲ
1087 1845 1178 1923 ἕτερον
1205 1846 1287 1920 ἥμισυ
1314 1846 1375 1917 τοὺς
1406 1844 1534 1915 ἐποίκους

232 1970 285 2040 τῆς
308 1967 404 2043 νησου,
428 1964 495 2024 ἀλλ’
521 1962 581 2024 ἐπεὶ
604 1950 738 2044 διαφόρως
762 1965 855 2025 ἔκτοτε
878 1965 1064 2044 άναμαθούσα,
1087 1966 1126 2036 ὡς
1148 1966 1204 2026 ἔστι
1222 1964 1269 2026 καὶ
1292 1969 1383 2046 ἕτερον
1405 1938 1535 2047 κάστρον,

231 2087 246 2145 δ
268 2085 302 2145 τά
324 2085 432 2145 Αέπιδα
456 2085 624 2166 ἑπιλέγεται,
649 2085 680 2145 σὺ
701 2084 790 2144 καλδν
807 2086 941 2164 διέγνωκε
956 2087 986 2147 τ“ο
1002 2087 1273 2164 ἀνακεκοινωμένους
1296 2083 1365 2148 είναι
1388 2087 1450 2160 τούς
1474 2110 1532 2163 μο-

230 2207 332 2284 ναχσύς
354 2207 499 2281 μετὰτῶν
522 2212 662 2282 κοσμικῶν
686 2207 714 2265 έν
736 2205 775 2286 τῷ
799 2207 973 2286 διαληφθέντι
1003 2211 1112 2288 κάστρῳ
1135 2207 1173 2288 τῷ
1196 2209 1350 2290 Παντελίῳ,
1383 2208 1534 2284 εθδόκησεν

230 2330 437 2408 ἀντιστραρῆναι
463 2328 501 2408 τῷ
530 2329 637 2408 ῥηθέντι
664 2326 779 2407 μοναχῷ
806 2329 999 2409 Χριστοδούλῳ
1022 2331 1068 2390 σύν
1089 2337 1123 2411 τῇ
1147 2336 1216 2413 μονῇ
1238 2333 1317 2393 ούτοΰ
1338 2331 1385 2392 καί
1407 2335 1465 2404 τοῖς
1487 2333 1533 2392 ὑπ’

231 2451 309 2510 αύτδν
333 2453 466 2528 μοναχοῖς
484 2447 534 2509 ’καὶ
556 2451 586 2509 τδ
610 2451 702 2530 ἕτερον
724 2452 807 2526 ἥμισυ
829 2457 875 2510 τού
897 2452 1017 2511 τοιούτου
1039 2453 1171 2532 κάστρσυ,
1195 2454 1264 2514 ὥστε
1286 2455 1317 2514 τδ
1333 2455 1400 2516 όλον
1414 2457 1534 2535 κάστρον

229 2573 259 2630 τό
284 2572 436 2631 Παντέλιον
460 2571 505 2630 σύν
527 2575 561 2652 τῇ
584 2571 721 2654 ἐκκλησίᾳ
743 2570 790 2632 καὶ
813 2577 867 2632 τῶν
891 2573 920 2633 ἐν
944 2571 1016 2652 αύτῷ
1039 2573 1174 2649 όσπητίων
1196 2578 1304 2636 πάντων
1323 2577 1374 2636 ύπδ
1396 2576 1458 2648 τοὺς
1481 2597 1533 2652 μο-

228 2693 328 2770 ναχούς
350 2691 397 2752 καὶ
418 2693 468 2767 τὴν
491 2693 577 2768 μονὴν
600 2693 687 2752 αὐτῶν
711 2689 781 2753 εἷναι
807 2697 853 2754 τοῦ
879 2695 986 2774 λοιποῦ,
1012 2693 1060 2756 καὶ
1083 2697 1148 2776 παρ’
1166 2697 1253 2756 αθτῶν
1276 2697 1461 2778 ἀναραιρέπως
1483 2699 1534 2758 καὶ

229 2811 350 2885 αἰωνίως
375 2815 543 2892 κατέχεσθαι
571 2812 611 2886 είς
633 2815 694 2886 τούς
725 2813 791 2889 ἑξῆς
819 2817 940 2888 ἅπαντας
966 2815 1014 2876 καὶ
1040 2817 1176 2892 διηνεκεῖς
1201 2821 1330 2898 χρόνους,
1357 2823 1414 2891 τοῖς
1442 2820 1473 2878 δέ
1497 2842 1534 2898 γε

228 2934 348 3006 ἐποίκοις
377 2940 428 3010 τῆς
460 2937 542 3010 νήσου
573 2936 662 3016 Λέρου
690 2934 937 3017 άντιπαραδοθῆναι
963 2937 994 2997 τδ
1021 2940 1113 3017 ἕτερον
1140 2941 1256 3019 κάστρον
1283 2939 1317 3000 τὰ
1344 2941 1463 3021 Λέπιδα,
1492 2944 1535 3016 ὡς

227 3059 260 3115 ἂν
283 3057 368 3134 ἔχωσι
390 3061 468 3117 τοῦτο
485 3054 525 3129 είς
547 3057 671 3135 φυλακὴν
694 3055 741 3117 καὶ
764 3059 900 3138 σωτηρίαν
923 3060 1020 3138 αὐτῶν,
1044 3057 1170 3133 καὶτοῖς
1193 3064 1327 3139 μοναχοῖς
1349 3066 1420 3123 κατά
1441 3085 1467 3122 τι
1490 3065 1532 3140 μὴ

226 3177 472 3258 παρεμποδίζωσιν.
503 3177 543 3258 ἐρ’
567 3172 590 3258 ᾧ
618 3175 664 3238 καὶ
686 3179 795 3239 κελεύει
819 3199 860 3240 σοι
887 3185 996 3256 ποιῆσαι
1023 3181 1095 3240 κατὰ
1120 3183 1155 3242 τὰ
1177 3181 1335 3262 δεδογμένα
1356 3183 1402 3245 καὶ
1425 3178 1532 3264 ᾠκονο·

228 3301 339 3375 μημένα
363 3299 429 3382 αὐτῇ
453 3302 483 3380 †.

332 3421 413 3481 Κατὰ
441 3422 491 3496 πἠν
525 3422 650 3496 τοιαύτην
685 3415 731 3500 οὖν
761 3421 837 3482 θείαν
869 3420 1028 3504 πρόσταξιν,
1060 3422 1092 3498 ἐξ
1121 3424 1278 3501 ἀποστολῆς
1307 3432 1353 3488 τοῦ
1383 3425 1533 3508 εἰρημένου

228 3540 356 3603 Ἰωάννου
383 3542 506 3622 νοταρίου
531 3547 578 3604 τοῦ
609 3541 778 3622 θεολογίτου
807 3544 946 3622 παρεδόθη
980 3542 1027 3605 καὶ
1053 3547 1084 3604 τό
1112 3548 1204 3626 ἕτερον
1230 3549 1313 3623 ἥμισυ
1339 3551 1385 3608 τού
1411 3553 1533 3631 κάστρου

227 3664 380 3725 Παντελίου
406 3664 475 3744 πρός
501 3666 532 3724 τδ
560 3667 644 3745 μέρος
670 3671 719 3740 τῆς
746 3669 832 3741 μονῆς
860 3669 907 3726 τοῦ
933 3671 1014 3747 κυρού
1041 3667 1251 3748 Χριστοδούλου,
1277 3669 1361 3748 ηγουν
1384 3673 1457 3732 κατὰ
1479 3673 1532 3747 τὴν

226 3783 251 3844 α’
279 3789 326 3846 τοῦ
354 3784 536 3866 σεπτεμβρίου
564 3788 651 3863 μηνός
676 3792 727 3862 τῆς
756 3785 790 3862 ιβ’
819 3785 994 3882 ἰνδικτιῶνος,
1023 3789 1120 3861 ούτως·
1152 3790 1268 3864 όσπητια
1294 3791 1328 3850 τὰ
1350 3794 1417 3870 πρός
1445 3793 1531 3874 δύσιν,

225 3907 468 3989 λιθσπηλόκτιστα,
491 3909 662 3988 ύποκέραμα,
685 3909 870 3989 τεθυρωμένα,
893 3908 940 3968 καὶ
964 3909 1075 3987 άνὼγεα
1102 3911 1216 3988 μεγάλα
1243 3911 1350 3994 δίρρυτα
1373 3911 1412 3996 γ’,
1435 3909 1474 3974 ὧν
1498 3918 1531 3976 τ“ο

224 4030 254 4088 έν
270 4029 421 4107 ἀπάτωτον,
444 4031 472 4090 τό
488 4029 518 4090 δὲ
536 4032 628 4111 ἕτερον
651 4032 812 4106 πατωμένον
836 4030 882 4090 διὰ
904 4030 1034 4092 σανίδων·
1059 4030 1105 4092 διὰ
1127 4033 1211 4106 μέσου
1235 4033 1265 4094 δὲ
1288 4036 1388 4096 τούτων
1411 4035 1532 4118 ὑπάρχει

224 4149 365 4220 κελλίτζιν
392 4153 581 4232 σμικρότατον,
611 4147 777 4231 ἀπόσκεπον,
805 4153 940 4232 ἀθύρωτον
967 4152 1014 4214 καί
1038 4153 1190 4216 ἀπάτωτον.
1222 4157 1313 4236 ἕτερον
1337 4157 1464 4232 όσπήτιον
1488 4159 1532 4232 εἰς

224 4273 269 4332 τόν
293 4271 373 4332 αύτδν
401 4274 543 4353 μάκρωνα,
571 4274 760 4354 τεθυρωμένον
787 4273 834 4334 καὶ
861 4277 1022 4349 πατωμένον
1051 4275 1096 4336 διὰ
1123 4275 1213 4348 ξύλων
1241 4276 1287 4338 καί
1314 4281 1456 4359 χώματος,
1479 4282 1532 4342 καὶ

223 4394 254 4454 τό
270 4395 368 4471 στέγος
383 4394 475 4454 τούτου
496 4395 598 4470 δμοίως
618 4395 663 4454 διὰ
682 4397 824 4473 χώματος.
848 4397 992 4474 κινστέρνα
1014 4397 1132 4473 θολωτη.
1157 4398 1283 4472 όσπήτιον
1307 4400 1531 4480 ἀνωγσκοίτωγον

222 4516 291 4593 πρδς
312 4517 399 4598 νότον,
422 4516 678 4594 λιθοπηλόκτιστον,
701 4517 885 4595 ύποκέροιμον,
912 4511 1109 4599 τεθυρωμένον,
1137 4519 1365 4602 σανιδοπάτωτον,
1390 4523 1457 4601 έχον
1480 4526 1531 4586 καὶ

224 4636 342 4711 ἡλιακδν
366 4636 527 4717 δωμαιηρδν
550 4638 753 4712 συμπτωμένον.
779 4639 860 4717 ἔτερα
881 4638 985 4699 κελλία
1007 4639 1041 4700 τὰ
1062 4641 1130 4719 πρός
1153 4641 1291 4716 ἀνατολάς
1312 4645 1465 4726 μονόρρυτα
1488 4647 1529 4728 γ’,
