3162 5278
259 337 324 402 332

257 534 346 606 πάσης
376 531 569 611 ἀρχιερατικῆς
599 529 645 590 καί
676 529 813 610 ἱερατικῆς
840 529 981 610 ἐνεργείας
1011 529 1057 590 καί
1086 529 1206 610 τάξεως,
1236 538 1412 611 καταφρονῶν
1445 531 1475 590 δὲ
1498 537 1532 606 τῆς

259 653 356 734 ἀργίας
385 655 494 734 ὑπάρχῃ
524 651 570 711 καί
601 653 788 733 ἀφωρισμένος
819 653 871 712 ἀπο
903 654 974 726 θεοῦ,
1010 653 1048 724 ὡς
1078 659 1112 732 τῇ
1141 655 1273 713 παντελεῖ
1302 655 1459 734 καθαιρέσει
1484 655 1531 712 ντί-

260 775 348 848 δικος,
384 779 430 834 τοῦ
459 775 558 834 λαϊκοῦ
589 774 620 834 δέ
650 778 668 849 ἡ
699 774 847 850 μοναδικοῦ
877 777 1017 852 τάγματος
1047 779 1084 836 ὢν
1116 776 1301 857 ἀφωρισμένος
1332 775 1375 852 εἴη
1405 777 1478 856 παρὰ
1499 783 1533 849 τῆς

260 897 341 975 ἀγίας
370 895 416 957 καί
445 896 589 972 ὁμοουσίου
619 895 665 958 καὶ
692 900 824 968 ζωοποιοῦ
855 897 901 957 καί
929 897 1081 978 ἀδιαιρέτου
1108 896 1230 980 τριάδος,
1257 901 1303 958 τοῦ
1331 899 1392 972 ένῦς
1421 906 1454 979 τῇ
1481 899 1533 975 ςῦτει

260 1023 341 1095 μάνου
369 1021 441 1098 θεοῦ,
476 1018 522 1079 καὶ
552 1021 744 1099 κατηραμένος
769 1017 817 1079 καί
844 1019 1040 1100 ἀσυγχώρητσς
1066 1017 1112 1078 καί
1139 1019 1209 1095 μετά
1236 1022 1351 1080 θάνατον
1380 1020 1477 1092 άλυτσς
1500 1020 1533 1078 καὶ

258 1145 357 1213 πάσαις
391 1144 451 1214 ταῖς
483 1143 627 1222 πατρικαῖς
659 1139 706 1202 καί
740 1141 892 1212 ουνοθικαῖς
922 1141 1001 1222 ἀραῖς
1034 1139 1081 1201 καί
1109 1139 1148 1221 τῷ
1180 1139 1280 1220 αἰωνίῳ
1310 1143 1459 1217 ἀναθέματι
1485 1141 1533 1200 ὐπὸ-

259 1263 336 1334 δικος
365 1262 412 1323 καὶ
442 1264 538 1340 ἔνοχος
568 1272 614 1323 τοῦ
642 1264 725 1343 πυρὸς
754 1269 804 1339 τῆς
833 1264 957 1342 γεέννης.
992 1263 1054 1322 ὅθεν
1083 1261 1123 1335 είς
1154 1261 1266 1336 ἔνδειξιν
1297 1259 1420 1340 ἀπελύθη
1450 1262 1491 1322 καί
1513 1265 1533 1321 τὲ

258 1385 344 1464 παρῦν
370 1386 505 1464 ἡμέτερον
537 1386 729 1464 πατριαρχικθν
760 1385 898 1444 συνοθικάν
925 1383 1100 1464 σιγιλλιιῦθες
1127 1385 1156 1444 ἐν
1183 1385 1356 1465 μεμβράνας
1382 1387 1534 1465 γράμματῄ

260 1505 371 1589 ῥηθείσῃ
394 1505 531 1586 σεβασμίᾳ
554 1512 625 1588 μονῇ
647 1509 693 1566 τοῦ
716 1505 870 1586 Θεσλθγου.
902 1505 936 1565 έν
965 1505 1031 1566 ἔτει
1055 1504 1170 1590 ,αψκβᾎ
1198 1506 1277 1582 μηνί
1303 1505 1423 1587 ίσυνίῳ,
1453 1504 1534 1564 ἰνθικ-

259 1634 376 1700 τιῦνος
400 1626 442 1688 ιε’.
466 1629 487 1707 †

362 1748 590 1830 γ’ίερεμίας,
625 1748 712 1827 ἐλέῳ
745 1751 822 1809 θεοῦ
856 1748 1122 1828 ἀρχιεπίσκοπος
1152 1749 1533 1818 Κωνσταντινουπῦλευς.

262 1873 349 1944 Νέας
373 1873 520 1952 Ῥώμης,
543 1869 599 1932 καί
623 1869 857 1946 οἰκουμένικθς
878 1874 1098 1952 πατριάρχης.
1122 1871 1143 1949 †

260 1996 281 2074 †
305 1995 339 2052 Ὀ
368 1991 579 2074 Ἡρακλείας
609 1991 664 2053 καί
688 1991 884 2054 Ῥαιδεστοῦ
936 1993 957 2072 †
981 1993 1015 2051 ‘0
1039 1992 1173 2072 Δέρκων
1196 1991 1401 2067 Νικόδημος.
1426 1993 1446 2070 †

347 2115 612 2194 Καλλίνικοςγ
935 2115 1015 2195 †‘0
1048 2113 1276 2194 Προικονήσου
1307 2112 1536 2188 Θεόκλητσς.θ

260 2239 280 2316 †
304 2239 339 2296 ‘0
363 2236 507 2309 Νικαίας
531 2233 767 2317 Γεράσιμος.χ
935 2235 1015 2315 †‘0
1039 2234 1275 2310 Νικομηθείας
1299 2230 1491 2312 Ιίαίσιος.’ρ

259 2361 280 2440 †
304 2360 339 2419 ‘0
363 2361 500 2439 ῦράμας
524 2359 750 2438 Κῦριλλσς.ί·
935 2359 1014 2439 †‘0
1061 2356 1372 2439 Ἀδριανουπόλεως
1419 2351 1537 2417 Ἀθανά-

259 2487 280 2565 †
305 2484 339 2543 ‘0
363 2485 493 2564 Βάρνης
515 2481 736 2553 Καλλίνικος,
760 2482 781 2560 †
1022 2501 1101 2552 στος.
1125 2481 1146 2558 †

260 2605 344 2684 †‘0
383 2603 690 2674 Φιλιππουπὸλεως
728 2602 883 2680 Θεάκλη-
936 2603 1016 2681 †‘0
1039 2601 1236 2661 Ναυπάκτου
1259 2577 1560 2680 καὶἌρτηςΝεὸΪ

348 2727 458 2804 τοςθ
1023 2723 1173 2803 φυτος.ί·

262 2849 282 2926 †
306 2848 342 2907 ‘0
366 2847 594 2918 Σωζοπθλεως
618 2847 766 2926 Ἰωάσαρ.
790 2850 811 2927 †
936 2849 957 2926 †
982 2843 1538 2925 ’0ΓάνουκαὶΧώραςΓρηγὸριος.θ

261 2970 339 3048 †‘0
364 2969 508 3041 Κυζίκου
530 2964 720 3041 Αθξέντισς.
745 2969 766 3046 †
936 2972 958 3050 †
981 2968 1016 3029 ‘0
1041 2970 1221 3048 Καρπάθσυ
1243 2967 1421 3047 Νεόρυτος.
1445 2969 1465 3046 †

262 3092 343 3171 †·0
379 3089 603 3165 Χαλκηδόνος
637 3091 831 3169 Παρθένιος.
863 3091 884 3168 †
937 3092 1016 3170 †‘0
1040 3090 1195 3166 Διτίτζης
1218 3089 1441 3168 Μεθόδιος.γ
1558 3141 1559 3178 ,

261 3215 283 3294 †
306 3214 341 3272 ‘0
367 3193 507 3272 Ἰκονίου
529 3211 746 3292 Σίλβεστρσς.
770 3213 791 3290 †
1558 3183 1559 3267 ί

370 3341 477 3395 Ανοθαι.
501 3341 610 3396 membr.
634 3357 694 3394 σκιη
716 3340 792 3396 bulla
809 3341 949 3409 plumbea.
973 3341 1050 3396 Flor.
1067 3341 1110 3397 ΙΙ.
1133 3358 1183 3394 nro
1201 3341 1249 3396 66.

490 3661 638 3727 CXLVI.
663 3659 912 3748 [7234-1726]‚
935 3683 1046 3726 mense
1069 3663 1165 3746 iunio,
1188 3660 1254 3726 ind.
1278 3660 1337 3726 IV.

263 3811 430 3866 Ραῦνίατσίια
453 3809 565 3864 Passim
585 3809 627 3866 ΙΙ.
656 3808 796 3880 οαςίίταται
822 3809 972 3864 libertatem
998 3809 1122 3864 πιαιυοίιίέ
1143 3807 1173 3864 S.
1190 3809 1303 3862 Antonii
1328 3809 1357 3862 έπ
1385 3809 1473 3863 imula
1491 3809 1535 3860 θαι

367 3987 564 4074 γΠαίσισς,
611 3993 698 4072 ἐλέῳ
739 3994 816 4052 θεοῦ
858 3992 1121 4072 ἀρχιεπίσκοπος
1159 3991 1536 4060 Κωνσταντινουπίλεως,

264 4119 356 4190 Νέας
379 4117 523 4194 Ῥώμης,
546 4113 601 4175 καὶ
624 4111 862 4189 σίκουμενικθς
883 4118 1104 4195 πατριάρχης.
1129 4117 1150 4194 †

368 4305 612 4384 θθεοφιλέστατε
646 4303 844 4386 ἀρχιεπίσκσπε
873 4305 934 4384 Κῶ,
970 4305 997 4362 έν
1033 4304 1103 4383 ἁγίῳ
1135 4305 1267 4380 πνεῦματι
1298 4305 1426 4382 ἀγαπητὲ
1457 4297 1557 4376 ἀδελςὲί

265 4425 312 4485 καί
342 4426 546 4506 συλλειτσυργέ,
576 4425 623 4486 καὶ
655 4427 821 4500 ἐντιμότατοι
851 4426 987 4506 κληρικοί,
1018 4426 1214 4502 εῦλαβέστατσι
1244 4424 1327 4504 ἱερεῖς
1356 4423 1404 4484 καί
1432 4427 1535 4504 χρήσιμα

265 4549 394 4628 γέροντες
420 4555 470 4622 τῆς
497 4547 632 4626 ἐπαρχίας
658 4549 706 4606 καί
728 4551 811 4622 νήσου
833 4548 946 4625 ταύτης,
973 4550 1053 4626 χάρις
1077 4545 1119 4620 εἴη
1143 4547 1204 4622 ὑμῖν
1226 4545 1273 4606 καὶ
1296 4545 1391 4627 είρηνη
1415 4548 1465 4606 ἀπο
1484 4545 1533 4601 θεοῦ.

267 4667 404 4745 ἀνηνέχθη
431 4667 478 4726 καί
506 4668 692 4744 έδηλοπσιηθη
714 4669 779 4742 ἡμῖν
805 4669 880 4750 παρὰ
906 4675 959 4728 τῶν
985 4671 1137 4729 ὁσιωτάτων
1159 4670 1285 4748 πατέρων
1312 4673 1358 4728 τοῦ
1381 4669 1411 4728 ἐν
1433 4666 1531 4749 τηνίῦψ

1373 4834 1445 5157 s
