3184 5288
1270 351 1332 418 155

55 535 149 608 ομίίθς,
165 531 269 609 ἐπαφιιῖι
290 532 335 591 καὶ
360 534 424 592 αὐτό
446 535 514 612 πρός
537 533 619 608 αύτὴν
642 532 688 590 καί
712 533 812 611 ἐτέρων
835 531 902 592 ἑπτά
926 532 1028 606 μοδίων
1050 533 1178 610 χωράφια
1198 533 1234 590 τά
1254 529 1331 606 πλη-

54 653 127 714 σίον».
157 651 202 712 καὶ
233 657 317 712 ταύτα
348 653 400 728 μὲν
431 645 610 728 ἐλαλήθη-σαν
641 653 755 734 ἀπουσίᾳ
784 657 830 712 τού
858 653 956 732 μέρους
985 657 1035 730 τῆς
1066 657 1152 728 μονῆς
1180 655 1226 711 τοῦ
1255 651 1333 731 ἁγίου

53 776 165 834 Ἰωάννου
186 775 257 834 τιατόι
280 776 328 849 τὴν
355 774 596 854 τροπαρελθούσοιν
618 775 759 852 κυριακήν,
788 775 826 844 ὡς
850 772 963 854 εἴρηται,
988 773 1022 833 δι’
1046 767 1077 832 ού
1100 773 1129 832 ἐν
1152 773 1278 854 ἀσθενείᾳ
1298 769 1332 850 ἦν

51 895 248 975 όίερομόναχος
271 901 346 978 κύρις
369 895 518 970 Θεοδόσιος
539 894 587 956 καί
608 897 817 975 καθηγούμενος
838 901 888 970 τῆς
911 897 993 971 αὐτῆς
1016 900 1102 972 μονῆς
1123 892 1170 956 καί
1193 896 1242 956 ούκ
1263 894 1332 969 ἠδυ-

50 1020 104 1092 νήθη
125 1016 163 1095 τῷ
185 1019 247 1078 τότε
270 1015 317 1076 καί
341 1019 421 1089 σάιτδς
444 1017 569 1096 ἐλθηναι,
592 1018 684 1087 καθὼς
709 1015 781 1095 αύτῷ
804 1016 1034 1093 διεμηνυοάμεθα.
1056 1014 1116 1076 ἐπεὶ
1136 1015 1168 1076 δὲ
1190 1013 1238 1076 καὶ
1253 1017 1333 1086 αὐτός

49 1139 106 1198 κατὰ
127 1139 175 1214 τἠν
197 1141 319 1220 σήμερον
342 1139 413 1216 μετὰ
434 1145 484 1216 τῆς
507 1140 578 1214 όλης
601 1141 679 1199 αύτοῡ
703 1135 889 1219 ἀδελφότητος
911 1139 979 1218 πρός
1001 1139 1049 1214 τὴν
1069 1139 1148 1214 ἡμῶν
1168 1139 1333 1219 μητριότητα

48 1263 218 1340 τιρογέγονε,
249 1262 370 1342 παρέστη
401 1253 447 1319 καί
473 1261 504 1319 τό
531 1261 616 1340 μέρος
643 1265 696 1319 τῶν
720 1261 884 1336 Λαμπώνιον
915 1259 962 1320 καί
987 1259 1121 1342 παρουσίᾳ
1147 1265 1201 1320 τῶν
1229 1259 1332 1320 ἀνωθεν

49 1381 292 1462 οινεδριαζομένων,
317 1381 416 1459 σχεδόν
440 1379 525 1440 εἰπεῖν
548 1380 594 1441 καί
618 1382 687 1458 όλης
710 1388 759 1458 τῆς
786 1384 892 1461 χώρας,
915 1379 1066 1463 ἠρξώμεθα
1091 1387 1142 1458 τῆς
1168 1379 1332 1458 ἀποθέσεως,

48 1505 86 1577 τήν
111 1499 240 1585 ἐρώτησιν
270 1501 317 1564 καί
344 1503 427 1564 πάλιν
455 1498 617 1588 ποι[οῦν]τες
639 1505 707 1583 πρός
733 1504 795 1575 τούς
823 1504 983 1584 ἐγχωρίους,
1011 1504 1108 1575 οἵτινες
1136 1501 1183 1564 καί
1210 1499 1276 1562 ὡσεί
1303 1502 1332 1560 ἓν

47 1625 131 1701 γειλος
162 1623 186 1685 οί
216 1627 333 1697 όπαντες
362 1625 510 1704 γεγονότες
540 1625 590 1706 μιᾷ
622 1631 655 1707 τῇ
690 1631 764 1705 φωνῇ
799 1623 998 1703 ἀπελογίσοιντο
1021 1623 1151 1704 εἰπόντες,
1187 1625 1225 1684 ότι
1256 1628 1332 1682 «τῶν

48 1749 196 1822 ,θεμπύινων
228 1745 284 1805 ἐστὶ
312 1745 359 1806 καὶ
387 1746 481 1818 αύτούς
503 1749 673 1826 γινώσκομεν
697 1743 728 1818 ἐξ
751 1747 840 1826 ἀρχῆς
867 1745 914 1806 καὶ
943 1748 1046 1807 ἀνωθεν
1073 1747 1263 1826 κληρονόμους
1286 1747 1332 1806 καί

48 1871 89 1928 ούκ
109 1869 194 1928 ἀλλον
216 1866 307 1932 τινά»,
331 1869 346 1927 ό
369 1868 401 1928 δέ
423 1889 456 1947 γε
479 1875 674 1948 πρωτοπαπάς,
703 1869 742 1940 ὡς
770 1865 814 1926 ἐπὶ
840 1871 871 1927 τό
892 1875 1008 1948 πρῶτον,
1035 1867 1082 1928 καὶ
1108 1869 1192 1928 πάλιν
1217 1868 1332 1946 διεμαρ-

47 1993 107 2070 τύρει
130 1985 163 2050 τά
186 1990 252 2050 αὐτά
279 1991 383 2070 λέγων,
413 1991 481 2068 άπερ
509 1989 701 2057 καὶάπόντων
727 1995 781 2048 τῶν
805 1996 935 2067 μοναχῶν
958 1990 1069 2070 ἔλεγεν,
1092 1993 1131 2050 ότι
1158 1995 1229 2050 «τῶν
1248 1991 1331 2064 Λαμ-

47 2108 130 2170 πώνων
157 2111 214 2172 ἐστὶ
242 2110 289 2170 καί
311 2113 329 2186 ἡ
353 2111 424 2190 μονὴ
450 2115 496 2170 τού
524 2111 601 2190 ἀγίου
625 2111 753 2170 Ἰωάννου
781 2112 810 2170 ού
833 2113 977 2188 μετέχει».
1005 2097 1150 2188 τηνικαῦτα
1178 2111 1332 2182 ἀναοτάςό

48 2235 240 2312 καθηγούμενος
268 2233 357 2308 ἐζήτει
385 2232 561 2314 ἀφορισθῆναι
589 2234 633 2292 τδν
661 2237 779 2294 τοιοῦτον
804 2239 988 2313 πρωτοπαπάν
1016 2235 1081 2313 παρ’
1104 2236 1194 2312 ἡμῶν,
1225 2231 1248 2293 εί
1279 2233 1332 2312 ἀρα

48 2355 165 2427 ἀλήθειαν
192 2354 282 2432 λέγει,
313 2355 394 2429 ἡμεῖς
426 2353 457 2414 δὲ
487 2353 534 2412 καὶ
564 2359 647 2444 τοῦτο
675 2357 837 2428 ποιήσαντες
870 2355 941 2414 κατά
972 2357 1020 2430 τὴν
1050 2361 1096 2416 τοῦ
1125 2357 1332 2433 καθηγουμένου

47 2475 153 2556 θέλησιν,
180 2477 195 2535 ό
221 2481 406 2554 πρωταπαπάς
439 2475 486 2536 καί
516 2476 586 2551 μετὰ
615 2482 661 2536 τού
688 2477 752 2557 παρ’
776 2479 854 2552 ἡμῶν
883 2477 948 2558 ύπέρ
973 2478 1066 2538 τούτου
1097 2478 1270 2556 ἀφορισθῆναι
1299 2477 1333 2536 τά

49 2597 103 2656 αύτά
127 2597 172 2658 καὶ
194 2597 279 2658 πάλον
300 2601 460 2678 τρανότερον
485 2599 595 2679 ἔλεγεν,
618 2603 718 2678 φάρσον
740 2598 787 2658 καί
810 2600 921 2675 μάλλον
943 2601 974 2658 το
998 2599 1137 2678 διάταγμα
1160 2598 1264 2668 ἐκείνου
1286 2601 1333 2658 τοῦ

48 2718 267 2794 Κουτζουμανίκου
296 2719 462 2780 ἀποκαλῶν·
492 2719 613 2781 ἐδείκνυε
640 2721 694 2800 γάρ
717 2723 782 2796 ἡμῖν
808 2721 838 2780 τό
869 2723 953 2800 μέρος
983 2726 1032 2796 τῆς
1062 2725 1148 2796 μονῆς
1177 2724 1224 2780 τού
1254 2718 1332 2798 ἁγίου

47 2837 160 2901 Ἰωάννου
187 2841 327 2920 διάταγμα
353 2846 398 2901 τού
421 2845 551 2922 κτήτσρος
579 2843 661 2918 αὐτῆς
686 2842 789 2902 ἐκείνου
810 2846 857 2902 τού
881 2842 1102 2916 Κουτζσμανίκου
1125 2839 1170 2901 καί
1195 2838 1330 2918 εὑρίσκετο

47 2961 84 3020 καὶ
97 2965 124 3022 τό
139 2963 268 3024 ύπόδτκον
284 2968 361 3024 τοῦτο
376 2966 516 3044 χωράφιον
539 2965 566 3024 ἐν
591 2965 665 3043 μέσῳ
687 2969 763 3023 τούτο
787 2965 857 3038 μετὰ
881 2965 977 3024 ἀλλων
1000 2963 1145 3042 χωραφίων
1169 2964 1331 3042 ἐγγεγραμ-

48 3087 125 3166 μένον,
147 3087 222 3160 πλὴν
247 3085 412 3160 ἀνωνύμως·
436 3087 500 3145 ούδέ
522 3087 576 3164 γάρ
600 3085 771 3161 διελάμβανε
796 3087 893 3166 ῥητῶς,
917 3088 999 3145 πόθεν
1025 3083 1072 3144 καὶ
1094 3084 1169 3166 παρά
1190 3083 1262 3154 τίνος
1284 3080 1332 3142 καί

49 3205 158 3286 ἐνποίῳ
185 3208 277 3287 τρόπῳ
303 3208 438 3288 περιῆλθε
460 3213 494 3288 τη
522 3209 583 3266 κατ’
607 3209 685 3266 αὐτόν
713 3214 793 3288 μονῇ,
817 3207 909 3278 καθὼς
931 3205 978 3267 καὶ
1003 3205 1046 3266 ἐπὶ
1068 3210 1124 3276 τοῖς
1147 3202 1247 3276 σίλλοις
1268 3224 1330 3282 χω-

49 3328 137 3406 ροφίοις
159 3332 322 3410 σαφέστερον
347 3329 537 3409 Ιδιηγόρευσεν·
556 3329 624 3387 ἀλλ’
646 3332 664 3403 ἢ
688 3329 772 3404 μόνον
793 3331 933 3408 χωράφιον
954 3330 985 3388 τό
1009 3327 1094 3402 δείνη.
1119 3327 1164 3387 διό
1185 3330 1262 3386 τοῦτο
1284 3323 1332 3384 καί

49 3448 130 3530 ἀπορία
152 3448 187 3528 ἦν
213 3455 270 3524 τοῖς
294 3455 437 3532 μοναγρῑς,
465 3451 503 3527 μὴ
533 3451 690 3526 δυναμένων
718 3451 868 3510 ἀντιτεσεϊν
894 3449 932 3529 τῷ
962 3451 1040 3530 μέρει
1069 3456 1122 3510 τῶν
1149 3450 1332 3524 Λαμπώνων·

50 3571 266 3652 ἑοτενογωρούντο
296 3573 350 3653 γὰρ
380 3575 444 3652 παρ’
475 3575 571 3647 αὑτῶν,
607 3570 654 3631 καὶ
685 3571 734 3632 οίικ
763 3571 894 3647 ἠδύναντο
925 3569 1022 3652 δεῖξαι,
1059 3573 1142 3631 πόθεν
1179 3568 1226 3630 καὶ
1259 3567 1333 3648 παρὰ

49 3691 107 3764 τίνος
134 3696 286 3776 περιῆλθεν
318 3695 407 3766 αύτοῑς
434 3695 478 3754 τόν
508 3697 628 3774 κτήτορα
657 3695 760 3766 τούτοις
789 3693 836 3753 καὶ
867 3696 948 3770 μόνον
978 3695 1110 3774 λέγοντες
1141 3691 1243 3752 εἰδέναι
1271 3691 1332 3772 περὶ

52 3816 124 3896 τίτού,
146 3819 178 3889 δς
200 3815 248 3877 καὶ
272 3818 301 3876 ἐν
323 3824 356 3899 τῇ
380 3813 500 3889 διατάξει
526 3819 604 3876 αὺτοῦ
635 3815 740 3874 τέθεικε
764 3815 834 3891 μετὰ
860 3821 913 3876 τῶν
944 3811 1041 3876 ἀλλων
1068 3814 1115 3875 καί
1141 3820 1228 3893 τούτο,
1251 3815 1332 3888 ἡμεῖς

51 3933 74 3993 δέ
95 3936 133 3996 ἐπὶ
154 3939 259 4010 τούτοις
288 3933 510 4020 ἐξαπορούμενοι,
538 3944 597 4009 πῶς
625 3939 677 4018 ἀρα
700 3937 845 4014 μέλλομεν
868 3944 1023 4018 περατῶσαι
1045 3939 1094 4013 τὴν
1117 3939 1241 4012 τοιαύτην
1264 3937 1332 3996 ύπό-

51 4057 118 4120 θεοιν.
146 4061 179 4120 δι’
213 4055 242 4119 ού
270 4061 287 4134 η
316 4059 366 4134 μέν
396 4061 488 4120 ἅπασα
517 4063 596 4139 χώρα
628 4059 662 4119 δι’
687 4059 826 4134 ἐπιτιμίων
856 4058 902 4120 καὶ
933 4059 1086 4138 ἀφορισμιῖιν
1119 4059 1239 4119 ἐδείκνυε
1269 4059 1332 4128 τοὺς

51 4177 193 4253 θάμτωνας
216 4181 406 4260 κληρονόμους
428 4178 475 4240 καὶ
499 4181 628 4252 αύθέντας
652 4179 694 4240 ἐπί
717 4184 803 4262 τούτο,
832 4181 856 4239 οί
876 4178 994 4258 μοναχοί
1017 4180 1048 4240 δέ
1071 4180 1154 4241 πάλιν
1177 4179 1332 4240 ἀνθίσταντο

52 4299 75 4356 τό
100 4303 174 4380 ’ρητόν
199 4305 231 4362 τό
261 4303 290 4360 ἐν
316 4309 350 4384 τῇ
384 4299 505 4374 διατάξει
535 4305 580 4361 τού
611 4304 742 4380 κτητορος
773 4303 868 4380 αύτῶν,
898 4301 1002 4360 ἐκείνου
1028 4305 1075 4360 τοῦ
1101 4301 1332 4382 Κουτζομανίκου,

53 4420 235 4502 όδιαληφθείς
261 4426 489 4499 τανεντιμότατος
516 4427 592 4503 κύρις
620 4419 750 4498 Ἰωάννης
780 4423 794 4481 ό
826 4423 964 4500 ίίισσίτης,
998 4417 1232 4502 ἑξαπορουμένους
1258 4424 1333 4497 ἡμᾶς

53 4538 115 4622 ἔδων,
141 4547 221 4617 τέλος
244 4548 364 4626 πάντων,
392 4547 430 4618 ὡς
452 4552 500 4623 τῆς
525 4545 658 4620 ἀληθείας
680 4545 857 4624 πρεσβευτὴς,
883 4545 916 4604 ἐκ
937 4543 1019 4622 φόβου
1042 4545 1105 4602 θεού
1128 4542 1221 4623 εἴρηκε
1244 4543 1333 4618 λυθῆ-

52 4683 87 4720 ντι
115 4667 199 4726 θέλων
225 4669 274 4744 τὴν
305 4668 517 4746 ἀμφισβήτησιν
547 4663 607 4726 εἷπε
637 4665 690 4745 γάρ
721 4666 927 4744 μεγαλοφώνως
958 4667 986 4724 ἐν
1015 4665 1126 4742 ἐπηκόῳ
1152 4663 1270 4742 πάντων,
1294 4666 1333 4726 ότι
