3160 5292
255 337 317 400 218

254 531 318 592 ὡσεί
349 533 453 608 μοδίων
484 535 559 611 ἑπτά,
592 534 620 594 ἐν
650 529 673 614 ᾧ
699 533 745 593 καί
774 535 874 614 δένδρα
901 534 1010 597 ἐλτίκτί.
1043 534 1082 608 είς
1108 537 1138 595 τὸ
1164 536 1247 594 ποοὸν
1279 533 1309 593 δὲ
1338 541 1388 608 τῆς
1415 539 1470 608 γῆς
1497 541 1547 591 τῶν

254 653 405 732 εἰρημένων
433 663 561 735 στρατιῶν
590 658 821 736 συμπεριορίξετοιι
848 654 895 715 καί
921 657 951 716 τ“ο
980 658 1008 716 ἐν
1030 663 1062 737 τῇ
1087 657 1178 738 ἐνορίρ
1203 662 1253 731 τῆς
1276 655 1457 732 ’Διτιμαχίας
1479 676 1545 732 προ-

255 781 369 855 άστειον,
400 779 430 836 τδ
461 779 697 854 ἑπονομαζέμενον
727 780 756 836 τέ
784 777 912 856 Κοίλεον,
944 778 1014 852 μετὰ
1040 779 1094 837 τῶν
1122 778 1301 858 διαφερόντων
1334 776 1405 854 αὐτῷ
1434 775 1544 836 δικαίων

252 903 359 960 πάντων
381 898 427 960 καί
448 902 527 960 αύτοῦ
548 905 594 960 τοῦ
615 898 754 980 χωραηίου
776 903 822 960 τοῦ
846 899 1082 974 ἐπονομαζομένου
1105 905 1150 960 τοῦ
1174 900 1274 960 Φιλσυ.
1303 901 1395 978 ἕτερον
1419 901 1545 976 μετέχιον

217 1045 219 1050 ·
253 1023 359 1098 Ἰησοῦς
381 1023 498 1101 Χριστος
524 1023 538 1081 ὁ
561 1023 667 1101 Σωτηρ,
695 1023 725 1081 τύ
753 1021 989 1096 ἐπονομαζόμενον
1016 1025 1062 1081 τοῦ
1083 1019 1225 1096 Ἀμπελᾱ,
1257 1021 1324 1099 ὁπερ
1353 1018 1544 1100 προοεκυριύύη

252 1151 285 1223 τῇ
315 1150 384 1226 μονῇ
416 1143 460 1203 διὰ
489 1149 680 1224 προοκυνητῶν
710 1144 827 1224 ὁρισμῶν
855 1149 904 1218 τῆς
933 1149 1065 1222 κραταιᾶς
1094 1142 1140 1202 καί
1171 1143 1253 1221 ἁγίοις
1282 1143 1361 1217 ἡμῶν
1389 1149 1476 1222 κυρᾶς
1503 1141 1545 1202 καί

252 1265 405 1342 δεσποίνης,
429 1269 626 1346 σταυροπήγιον
649 1268 679 1324 δν
706 1269 752 1326 τοῦ
782 1265 927 1324 ἐπισκὸπον
950 1265 1011 1336 Κῶ,
1042 1265 1112 1340 μετὰ
1140 1269 1250 1324 πάντων
1283 1271 1336 1324 τῶν
1368 1265 1544 1344 διαφερόντων

252 1387 323 1466 αύτῷ
347 1387 468 1468 δικαίων,
495 1389 579 1466 ἤγουν
606 1395 660 1467 γης
690 1387 849 1462 βοϊδατικῆς
879 1387 926 1446 δύο
957 1382 1081 1469 [μοδίων]
1113 1393 1162 1462 τῆς
1191 1407 1257 1448 ποτε
1288 1387 1341 1446 ἀπὸ
1371 1391 1418 1446 τοῦ
1448 1390 1544 1464 μέρους

250 1515 296 1570 τοῦ
319 1512 521 1590 ψιλανθρῶπου
551 1509 599 1569 καὶ
624 1515 670 1570 τοῦ
695 1510 918 1591 Παντοκράτορος
946 1511 1015 1584 μετὰ
1040 1515 1094 1570 τῶν
1124 1510 1152 1570 έν
1179 1515 1212 1592 τῇ
1239 1509 1348 1592 τοιαύτη
1376 1517 1414 1590 γῇ
1444 1509 1542 1568 ἐλαιῶν

249 1640 302 1696 τῶν
332 1633 537 1712 ἐπιλεγομένων
563 1637 609 1692 τοῦ
634 1633 764 1708 Βαβονλᾶ
791 1639 841 1708 τῆς
868 1633 920 1692 άπδ
946 1639 995 1709 τῆς
1018 1631 1145 1711 στρατίας
1166 1636 1213 1692 τοῦ
1235 1633 1320 1710 Στιχῆ
1344 1633 1493 1706 μετὰτῶν
1517 1631 1542 1688 ἐν

250 1756 332 1837 ταύτη
359 1755 460 1814 ἐλαιῶν
488 1761 541 1813 τῶν
568 1755 698 1830 ἡμισείων
729 1754 775 1814 καί
801 1762 855 1814 τῶν
884 1754 995 1834 δρυίνων
1022 1753 1142 1834 δένδρων
1171 1759 1224 1814 τῶν
1251 1754 1392 1830 ἠμισείων,
1424 1754 1464 1824 ῶς
1493 1759 1543 1811 τῶν

250 1879 349 1957 ἐτέρων
371 1876 503 1952 ἡμιοείων
527 1877 646 1936 ἐλαϊκῶν
671 1877 789 1958 δένδρων
817 1875 863 1935 καί
888 1877 999 1955 ὁρυίνων
1021 1882 1075 1936 τῶν
1098 1877 1151 1935 ἀπὸ
1172 1882 1222 1952 της
1245 1877 1327 1950 αύτῆς
1349 1875 1478 1954 στρατίας
1500 1879 1543 1932 τοῦ

249 1999 333 2077 Στιχῆ
358 1999 443 2059 ούοῶν
466 2004 511 2059 τοῦ
535 2001 634 2078 μέρους
658 2005 706 2075 τῆς
730 1999 878 2073 ἐπισκοπῆς
894 2000 954 2080 Κῶ,
979 1996 1097 2074 καὶτῆς
1120 1997 1173 2058 ᾰπὸ
1194 2001 1241 2058 τοῦ
1264 1998 1416 2078 Μαμούρου
1440 1996 1543 2056 ἐκείνου

247 2122 443 2200 περιελθούσης
469 2121 508 2199 τῷ
534 2123 644 2199 τοιούτῳ
672 2119 791 2198 μετοχίῳ
818 2127 872 2199 γῆς
899 2117 938 2190 είς
964 2123 1009 2179 τὀν
1032 2120 1242 2194 Πουλοπιαοτὴν
1271 2119 1342 2196 μετά
1368 2117 1493 2180 καὶτῶν
1517 2119 1544 2177 ἐν

247 2243 330 2324 ταύτῃ
352 2243 472 2302 ἐλαϊκῶν
496 2243 625 2323 δένδρων,
648 2243 871 2317 συμποσουμένης
893 2241 939 2300 καὶ
963 2248 1010 2317 τῆς
1032 2243 1157 2314 τοιαύτης
1181 2243 1288 2317 ἁπάσης
1310 2248 1364 2318 γῆς
1386 2245 1433 2301 τοῦ
1455 2241 1543 2300 τοιού-

247 2385 293 2424 του
327 2364 456 2441 μετοχίου
489 2364 560 2439 μετὰ
591 2373 645 2423 τῶν
678 2363 826 2442 χωραηίων
859 2370 909 2440 τῆς
942 2364 1068 2438 Σολάνης
1099 2370 1153 2424 τῶν
1188 2363 1217 2423 ἐν
1249 2371 1283 2445 τῇ
1317 2363 1464 2444 τοποθεσίηι
1491 2369 1543 2422 τῶν

249 2488 376 2566 Λοετρῶν
400 2484 440 2558 είς
461 2488 599 2560 ποσὸτητα
620 2484 721 2561 μοδίων
744 2485 913 2565 τριακοσίων,
943 2488 1034 2563 ἕτερον
1056 2488 1216 2566 προάστειον
1239 2487 1268 2544 τ“ο
1291 2485 1490 2566 Ἀναβασίδιον,
1513 2487 1541 2542 τέ

247 2627 312 2666 ποτε
342 2611 372 2666 ὁν
403 2609 455 2667 ἀπὸ
485 2613 539 2666 τῶν
570 2606 682 2668 δικαίων
712 2615 765 2667 τῶν
796 2605 953 2683 σεβασμίων
988 2613 1078 2682 μονῶν
1108 2612 1154 2668 τοῦ
1182 2607 1386 2686 Φιλανύρῶπου
1421 2605 1469 2666 καὶ
1499 2611 1542 2666 τοῦ

250 2730 482 2808 Παντοκράτορος,
507 2727 571 2788 ὡσεί
595 2729 698 2803 μοδίων
722 2729 819 2788 ἐκατὸν
841 2732 1010 2802 πεντήκοντα
1032 2729 1177 2801 μετὰτῶν
1201 2729 1229 2787 ἐν
1254 2729 1326 2806 αύτῷ
1346 2729 1541 2808 εὑρισκομένων

249 2849 368 2910 ἐλαϊκιῖιν
396 2851 514 2931 δένδρων
541 2849 587 2909 καὶ
616 2852 714 2929 ἐτέρων
743 2852 876 2931 διαφέρων
904 2851 1031 2932 δένδρων.
1061 2849 1099 2921 εἰς
1125 2853 1174 2926 τἠν
1202 2853 1325 2928 τοιαύτην
1354 2851 1386 2912 δὲ
1408 2856 1543 2926 ποσότητα

246 2979 299 3032 τῶν
328 2975 425 3032 ἑκατδν
451 2977 620 3048 πεντήκοντα
646 2973 749 3048 μοδίων
776 2973 1009 3050 ουγκατελογίούη
1036 2972 1084 3032 καί
1110 2972 1326 3053 συμπεριωρίούη
1353 2973 1401 3034 καί
1424 2976 1442 3049 ἡ
1466 2981 1502 3052 γῆ
1526 2975 1542 3048 ί,

248 3096 433 3172 ἐπιλεγομένη
467 3099 513 3154 τοῦ
541 3091 614 3166 Ἔξω
641 3097 761 3171 Κάμπου
795 3097 812 3168 ἡ
847 3093 911 3154 ὡσεὶ
942 3095 1044 3168 μοδίων
1074 3095 1141 3155 ούσα
1172 3099 1326 3176 τριάκοντα,
1356 3097 1374 3170 ἡ
1407 3097 1460 3154 ἀπο
1490 3101 1540 3154 τῶν

248 3217 358 3276 δικαίων
390 3215 455 3276 ούσοι
485 3221 530 3275 τοῦ
558 3216 755 3296 Ἀναβασιδίτυ,
782 3219 800 3290 ἦ
829 3216 862 3290 δὴ
890 3214 936 3275 καί
966 3216 1089 3293 ἀπελύθη
1119 3218 1183 3298 παρ’
1206 3220 1287 3294 ἡμῶν
1316 3216 1355 3298 τῷ
1386 3219 1465 3298 μέρει
1494 3223 1540 3289 τῆς

247 3345 343 3416 μονῆς,
377 3339 416 3410 ὡς
450 3332 516 3396 ούσα
551 3337 583 3396 ἐκ
615 3343 670 3396 τῶν
705 3337 818 3396 δικαίων
853 3339 946 3410 οιίτῆς.
981 3341 1027 3397 τοῦ
1062 3339 1234 3414 δηλωθέντος
1268 3337 1299 3398 δέ
1334 3337 1464 3416 μετοχίου
1497 3342 1538 3396 τοῦ

247 3463 375 3538 Σωτῆρος
401 3460 517 3537 Χριστοῦ
546 3456 593 3516 καὶ
620 3464 666 3518 τοῦ
693 3461 810 3518 τοιούτου
837 3457 996 3538 προαστείου
1023 3465 1069 3519 τοῦ
1096 3459 1287 3535 Ἀναβοισιδίου
1316 3459 1537 3540 προαπεχαρίσύη

245 3587 279 3662 τῇ
307 3580 444 3656 οεβασμίᾳ
470 3584 541 3660 μονῇ
568 3585 617 3654 τῆς
642 3581 754 3655 Πάτμου
780 3581 810 3639 τύ
837 3579 933 3659 τέλος,
961 3583 976 3640 ὁ
1003 3581 1211 3655 κατεβάλλοντο
1237 3585 1305 3662 πρδς
1332 3585 1362 3642 τὸ
1391 3583 1475 3662 μέρος
1496 3585 1537 3638 τοῦ

247 3701 387 3781 δημοσίου,
418 3701 463 3760 διὰ
491 3705 675 3782 προοκυνητοῦ
705 3703 814 3782 ὁρισμοῦ
844 3708 893 3778 τῆς
924 3709 1055 3783 κραταιᾶς
1084 3703 1131 3762 καί
1162 3703 1243 3782 ἁγίας
1264 3707 1344 3778 ἡμῶν
1379 3711 1464 3784 κυρᾶς
1495 3699 1537 3762 καί

248 3823 401 3900 δεσποίνης,
433 3825 477 3882 ὁτε
503 3820 551 3882 καί
572 3825 765 3903 προοεκνριύθη
788 3825 871 3906 ταύτῃ
902 3824 933 3882 τὰ
961 3829 1070 3884 τοιαῦτα
1096 3827 1232 3900 κτήματα.
1265 3826 1366 3886 ἐπεῖται
1396 3826 1481 3886 τοίνυν
1509 3828 1535 3882 εδ

247 3947 331 4024 μέρος
358 3950 406 4016 τῆς
432 3945 555 4020 τοιαύτης
582 3943 734 4019 σεβασμίας
761 3951 848 4018 μονῆς
875 3950 924 4019 τῆς
948 3946 1059 4018 Πάτμου
1081 3949 1201 4025 κατέχον
1228 3947 1275 4008 καί
1297 3949 1451 4024 νεμόμενον
1472 3945 1536 4022 μετά

246 4071 299 4124 τῶν
323 4065 419 4124 ἀλλων
447 4066 524 4124 οιύτοῦ
552 4069 698 4141 κτημάτων
725 4071 778 4123 τῶν
807 4065 836 4124 ἐν
859 4068 917 4136 ταῖς
939 4067 1049 4139 λοιπαῖς
1075 4071 1167 4142 νήσοις
1193 4068 1240 4127 καί
1267 4069 1302 4128 τὰ
1325 4069 1353 4128 ἐν
1377 4077 1410 4152 τῇ
1434 4071 1535 4146 τοιαύτη

246 4189 320 4264 νήσῳ
342 4185 393 4264 Κῷ
419 4191 546 4261 κτήματα
573 4187 768 4264 ἀνενοχλητως
794 4185 841 4246 καί
870 4187 1087 4268 ἀνεπηρεάστως,
1115 4190 1154 4266 μὴ
1180 4187 1255 4268 παρά
1276 4213 1349 4263 τινος
1372 4199 1426 4251 τῶν
1448 4211 1534 4270 γειτο-

246 4310 360 4368 νούντων
387 4309 435 4382 τὴν
463 4308 616 4383 οἱανδήτινα
645 4305 765 4387 εύρίσκον
797 4310 925 4388 ἐπήρειαν
955 4311 1026 4369 κατὰ
1053 4311 1101 4386 τὴν
1129 4313 1275 4391 περίληψιν
1302 4319 1357 4372 τῶν
1387 4318 1533 4393 προσύντων

245 4431 327 4512 ταύτῃ
357 4437 546 4510 προονωνητῶν
576 4429 790 4510 χρυσούούλλων
821 4429 867 4489 καὶ
897 4431 1015 4510 ὁρισμῶν
1045 4437 1091 4492 τοῦ
1120 4440 1249 4511 κραταιοῦ
1279 4434 1326 4494 καὶ
1354 4437 1432 4514 ἁγίου
1461 4437 1533 4510 ἡμῶν

247 4554 372 4612 αύθέντου
401 4550 447 4611 καὶ
477 4552 631 4626 βασιλέως·
666 4549 710 4610 ἐπὶ
742 4553 827 4630 τούτῳ
857 4551 911 4632 γδιρ
943 4553 989 4612 καὶ
1019 4553 1144 4631 ἐγεγόνει
1176 4557 1260 4638 ταύτῃ
1290 4559 1321 4617 τὸ
1350 4561 1437 4638 παρὸν
1466 4559 1532 4632 ἠμέ-

244 4693 321 4751 τερον
344 4673 521 4750 σιγιλλιῶδες
543 4675 659 4751 γράμμα
682 4671 721 4744 είς
744 4673 904 4751 ἀσφάλειαν.
929 4673 1004 4748 μηνὶ
1029 4673 1153 4756 ἰουλίῳ,
1178 4675 1388 4752 ίνδικτιῶνος
1406 4679 1493 4756 (3'.†
