3186 5286
1269 346 1333 410 369

53 539 198 617 φανθέντων,
229 539 395 618 ότοισῦτος,
425 540 518 611 όποῑος
548 543 581 598 ἂν
608 537 627 620 ᾖ
656 537 761 612 τάξεως
791 537 837 598 καὶ
865 539 980 618 βαθμοῦ,
1012 541 1196 620 ἀφωρισμένος
1223 540 1332 621 ὑπάρχῃ

52 657 87 718 καί
111 661 303 739 κατηραμένος
332 659 379 720 καί
409 661 605 740 θαυγχιίνρητος
634 659 707 740 παρὰ
738 667 788 737 τῆς
819 661 912 740 άγῖας,
944 662 1095 742 όμσουσίου,
1127 665 1257 733 ζωοποιοῦν
1286 658 1333 721 καὶ

54 777 190 862 ἀδιαιρέτου
211 781 331 862 τριάδος,
358 787 404 842 τοῦ
428 783 487 854 ἑνός
509 789 543 864 τῆ
566 783 639 860 φύσει
664 783 746 857 μόνου
768 783 841 860 θεοῦ,
864 781 911 842 καὶ
934 784 1004 858 μετὰ
1027 785 1141 844 θάνατον
1165 780 1265 856 οἷλυτος
1287 779 1334 842 καί

52 905 213 976 τυμπανιαῑος
239 901 287 963 καὶ
308 906 409 976 πάσαις
430 907 489 976 ταῖς
511 907 654 984 πατρικαῖς
682 903 728 964 καὶ
752 904 904 974 συνοθικαϊς
927 905 1005 986 ἀραῖς
1027 906 1171 978 ὑπεόθυνος
1196 903 1244 964 καὶ
1266 905 1333 964 ὐπό-

53 1023 113 1095 θαος
139 1023 187 1084 καὶ
210 1025 309 1102 ἔνοχος
330 1024 369 1104 τῷ
396 1024 496 1104 αἰωνίῳ
522 1025 584 1106 πυρί
608 1033 656 1102 τῆς
678 1028 802 1104 γεέννης.
832 1031 915 1086 ταῦτα
937 1025 1077 1105 ἀπεφάνθη
1101 1025 1257 1105 συνοθικιῦς,
1288 1024 1334 1086 καί

53 1143 82 1213 εἰς
104 1145 151 1220 τῆν
179 1145 241 1226 περὶ
267 1147 367 1208 τούτων
396 1145 508 1218 ἔνδειξιν
535 1145 582 1206 καί
609 1147 721 1222 διηνεκῆ
743 1148 792 1220 τῆν
815 1147 966 1226 ἀσφάλειαν
990 1147 1100 1226 ἐγένετο
1127 1147 1174 1208 καί
1195 1149 1226 1207 τό
1248 1149 1334 1227 παρόν

51 1266 171 1344 ἡμέτερον
193 1269 389 1348 πατριαρχικθν
412 1268 458 1328 καὶ
481 1268 619 1330 συνοθικόν
642 1268 819 1346 σιγιλλιῶθες
843 1270 872 1328 έν
895 1271 1067 1348 μεμβράναις
1089 1273 1216 1352 γράμμα,
1244 1291 1334 1330 κατα-

52 1389 155 1466 οτφωθὲν
184 1387 235 1448 κάν
262 1387 300 1467 τῷ
327 1387 393 1470 ἱερῷ
420 1389 516 1448 κωθικι
543 1395 593 1465 τῆς
617 1391 680 1450 καθ’
703 1392 777 1466 ἡμᾶς
803 1395 849 1450 τοῦ
873 1391 987 1470 Χριστοῦ
1015 1392 1144 1470 μεγάλης
1172 1389 1334 1470 ἐκκλησίας,

51 1509 87 1568 καὶ
112 1509 194 1584 ἐδόθη
223 1508 262 1582 είς
290 1513 320 1570 τό
348 1511 430 1590 ῥηθέν
457 1511 529 1572 κατὰ
555 1513 603 1586 τῆν
625 1517 707 1586 νῆσον
732 1512 842 1586 Πάτμον
864 1511 936 1590 ἱερόν
959 1511 1006 1572 καὶ
1029 1513 1176 1586 σεβάσμιον
1198 1514 1333 1590 ἡμέτερον

51 1633 233 1712 πατριαρχικθν
248 1631 295 1692 καὶ
318 1636 552 1713 σταυροπηγιακόν
568 1635 746 1712 μοναστῆριον
762 1639 808 1693 τοῦ
828 1634 904 1712 σἰγίου
921 1635 1047 1694 Ἰωάννου
1062 1637 1107 1694 τοῦ
1122 1632 1275 1712 Θεολόγου.
1301 1634 1334 1692 ἐν

52 1753 108 1813 ἔτει
129 1755 280 1834 σωτηρίῳ
304 1753 427 1836 ,αψπςᾏ
451 1754 534 1814 κατὰ
557 1761 644 1831 μῆνα
666 1755 853 1834 νοέμβριον,
879 1755 1107 1830 ἑπινεμήσεως
1129 1757 1290 1830 πέμπτης.
1314 1755 1335 1832 †

142 1879 163 1956 †
187 1876 389 1955 Προκόπιος,
422 1877 508 1956 ἐλέῳ
535 1879 611 1936 θεοῦ
638 1873 904 1956 ἀρχιεπίοκοπος
931 1877 1334 1954 Κωνσταντινουπόλεως,

52 1995 129 2066 Νέας
153 1998 298 2076 Ῥώμης,
320 1995 376 2057 καί
399 1995 634 2074 σίκουμενικθς
656 2000 873 2076 πατριάρχης.
898 1999 919 2074 †

10 2199 11 2206 γ
50 2119 117 2192 †‘0
141 2118 347 2198 Ἡρακλείας
370 2117 592 2196 Μεθόθιος.ῆ
715 2117 794 2198 †‘0
827 2117 1080 2194 θεσσαλσνίκης
1113 2118 1286 2194 Ἰάκωβος.
1315 2119 1335 2196 †

50 2241 120 2315 †‘0
144 2241 288 2312 Κυζίκου
311 2241 477 2319 Ἀγάπιος.
502 2242 523 2319 †
716 2241 735 2318 †
760 2241 795 2299 ¹0
820 2287 827 2301 .
853 2289 859 2301 .
886 2289 892 2300 .
919 2289 924 2302 .
949 2239 1172 2310 Καλλίνικος.
1197 2239 1217 2319 †

10 2355 11 2432 ί
49 2360 116 2434 †‘0
156 2361 388 2437 Νικομηθείας
425 2362 662 2440 Γεράσιμος.ῆ
716 2361 795 2440 's‘O
819 2363 954 2442 Δράμας
978 2363 1211 2444 Γρηγόριος.ῆ

10 2523 11 2564 φ
50 2482 121 2558 ῆὉ
144 2482 367 2560 Χαλκηδόνος
391 2453 585 2562 Παρθένιος.
716 2483 796 2558 †‘0
820 2483 991 2544 Ναυπλίου
1016 2483 1240 2560 Μελέτιος.ῆ

10 2573 11 2647 Ἰ
50 2603 121 2678 †‘0
144 2605 279 2686 Δέρκων
303 2603 508 2684 Ἀνανίαςῆ

145 2733 290 2804 Αασίισθμμ.
313 2734 421 2788 αιοτιιθν.
446 2750 505 2786 eum
528 2732 603 2786 θυΠα
621 2732 760 2800 plumbea.
785 2731 861 2785 flor.
880 2731 920 2784 11.
945 2749 995 2785 nro
1013 2734 1062 2785 87.

248 3071 347 3138 CLX.
373 3069 599 3153 7303-1795,
623 3093 733 3136 mense
757 3069 930 3148 februari0,
953 3066 1018 3132 ind.
1043 3066 1136 3130 XIII.

50 3219 209 3276 PatriarcIua
235 3219 395 3274 Geraeimm
415 3219 474 3273 Ill.
503 3225 528 3272 et
554 3218 673 3288 εςηιοάιιο
695 3218 848 3283 decentum,
876 3215 997 3269 heredem
1020 3213 1211 3268 monachorum
1233 3218 1334 3266 mortu·

98 3343 174 3380 orum
197 3325 465 3380 memonasterium
488 3328 667 3390 aestatum,
692 3338 761 3392 quae
784 3322 853 3376 θσιιιι
872 3321 1012 3391 possidere
1034 3320 1114 3374 ίίσσαί
1130 3317 1280 3386 fratribus.

148 3511 390 3590 ῆΓεράσιμσς,
422 3507 508 3586 ἐλέῳ
539 3507 613 3566 θεοῦ
646 3499 907 3584 άρχιεπίσκσπος
938 3501 1338 3580 Πωνσταντινουπόλεως,

50 3631 133 3705 Νέας
156 3633 300 3712 Ῥώμης,
324 3629 379 3691 καὶ
402 3629 637 3704 οίκουμενικός
658 3629 878 3707 πατριάρχης.
903 3627 924 3706 †

148 3829 169 3906 †
194 3825 254 3886 Οίικ
276 3823 433 3903 ἀναγκαίως
457 3821 507 3898 μὲν
531 3821 606 3898 ἔχειν
630 3815 736 3899 ἔδοξεν,
760 3818 847 3889 εἴτις
870 3818 915 3878 διὰ
938 3821 1050 3898 μακρῶν
1074 3815 1117 3876 ἐπὶ
1140 3817 1185 3874 τοῦ
1206 3814 1340 3894 παρόντος

49 3950 245 4027 προοιμιάζοιτο
276 3944 316 4018 εἰς
341 3947 372 4005 τό
394 3945 517 4004 νεανικόν
544 3941 782 4022 φιλοτιμσόμενος,
813 3937 992 4019 προδηλῶσαί
1014 3959 1048 4014 γε
1079 3938 1133 4012 μὴν
1162 3937 1193 3995 τό
1222 3939 1339 4014 πρᾶγμα

49 4072 103 4142 τοῖς
129 4071 166 4146 μὴ
195 4067 293 4129 εἰδόσιν
320 4069 351 4128 σὺ
377 4071 430 4126 τῶν
453 4068 522 4124 πάνυ
545 4068 685 4144 περιττῶν.
715 4064 857 4143 πρόκειται
879 4059 924 4122 οὖν
945 4058 984 4138 τῷ
1006 4061 1147 4140 γράμματι
1169 4057 1253 4136 τούτῳ
1276 4057 1338 4116 ἐπι-

49 4199 172 4272 κυρῶσαι,
200 4193 299 4271 σθσπερ
322 4189 347 4250 σί
369 4189 509 4248 όσιώτατοι
531 4190 578 4247 τοῦ
601 4187 630 4244 ἐν
652 4191 685 4266 τῆ
708 4187 782 4262 νήσῳ
805 4184 909 4260 Πάτμῳ
932 4181 1004 4262 ἱεροῦ
1026 4179 1073 4240 καί
1095 4176 1243 4255 σεβασμίου
1265 4179 1340 4254 ἠμε-

50 4315 124 4393 τέρου
155 4316 353 4394 πατριαρχικσῦ
386 4309 432 4370 καὶ
467 4310 701 4388 σταυροπηγιακοῦ
734 4301 913 4383 μονασιηρίου
946 4306 992 4361 τοῦ
1026 4299 1104 4380 ἁγίου
1135 4301 1262 4360 Ἰωάννου
1295 4305 1341 4358 τοῦ

49 4433 190 4515 θεολόγον
217 4435 335 4515 πατέρες
362 4435 440 4513 όρους
468 4431 496 4490 ἐν
518 4432 659 4507 γράμματι
688 4429 779 4487 ἔθεντο
806 4425 876 4485 κατὰ
899 4428 967 4503 σφᾶς
995 4421 1089 4494 αίιτοθς
1115 4423 1183 4502 πρός
1205 4421 1236 4479 τό
1262 4425 1340 4500 κοινῆ

49 4557 136 4630 αὐτοῖς
157 4559 306 4636 συμφέρον·
339 4555 489 4635 Παρθένιος
511 4555 565 4631 γάρ
588 4571 627 4621 τις
653 4555 707 4608 τῶν
735 4551 959 4627 μονασπηριακῶν
986 4544 1085 4602 τούτων
1112 4542 1284 4622 προσήνεγκε
1306 4545 1340 4620 τῇ

48 4679 125 4754 ῆμαῖνν
147 4681 300 4758 μετριότητι
325 4677 366 4736 ἐπί
391 4675 502 4735 συνόθσυ
524 4676 640 4753 γράμμα
664 4671 696 4730 ἔκ
715 4691 743 4729 τε
764 4675 813 4742 τῆς
835 4673 928 4742 κοινῆς
951 4669 1170 4745 μονασιηριακῆς
1194 4661 1341 4740 σφραγῖδος

1100 4769 1133 4818 24
