3162 5278
243 361 308 425 334

244 557 265 634 †
288 555 325 614 Ὀ
350 599 611 616 ········
637 554 658 631 †
918 555 939 634 †
961 547 996 614 ‘0
1022 599 1288 617 ·········
1312 555 1332 632 †

243 679 264 756 †
289 677 322 734 ‘0
348 723 354 735 .
380 723 387 737 .
413 723 419 736 .
447 723 453 736 .
479 673 647 749 ’ΆνθιμοςΙ
671 675 691 752 †
920 676 940 754 †
964 676 998 735 ‘0
1022 665 1255 752 Νικομηδεῖάς
1279 722 1285 738 .
1312 723 1318 736 .
1344 723 1350 734 .
1377 721 1383 734 .
1409 675 1430 754 ’ρ

244 799 265 877 †
289 797 324 856 ‘0
348 799 480 878 Σερριῦν
504 842 510 854 .
537 845 543 856 .
569 843 575 855 .
603 844 608 856 .
633 797 654 874 †
919 797 940 875 †
963 795 998 855 ‘0
1021 793 1116 856 Κώου
1140 796 1327 878 Γρηγόριος.
1352 797 1373 874 †

244 920 264 998 †
288 917 323 978 ‘0
348 917 534 996 Ἀγχιάλου
558 916 777 990 Καλλίνικος.
802 921 823 998 †
919 919 940 996 †
964 917 997 976 Ὁ
1022 965 1288 980 .........
1312 919 1333 998 †

243 1042 264 1120 †
288 1041 324 1099 '0
349 1085 614 1102 .........
638 1041 659 1118 †
919 1040 999 1118 †‘0
1028 1041 1261 1120 Πραικσνήσου
1288 1039 1531 1114 Θεόκλητος.ί

244 1163 324 1243 †‘0
354 1159 577 1237 Χαλκηδόνος
611 1159 816 1236 Νικόδημος.
845 1162 865 1240 †
917 1161 997 1242 †‘0
1020 1162 1177 1238 Λιτίτζης
1200 1161 1422 1240 Μεθόάιος.ί

244 1283 635 1365 †‘0‘Peeou....†

350 1411 492 1481 Archetyp.
518 1408 593 1465 Ποτ.
612 1411 653 1465 ΙΙ.
677 1429 726 1468 τινα
745 1413 794 1480 67,
819 1413 867 1482 μυί
888 1413 983 1466 tribuit
1005 1411 1128 1466 tabulam
1150 1429 1223 1466 απτιυ
1249 1411 1332 1466 1726
1354 1409 1472 1480 (7234).

435 1731 601 1798 CXLVII.
627 1730 852 1816 7236-1727,
875 1755 985 1798 mense
1008 1731 1187 1818 novembri,
1210 1731 1274 1798 ind.
1292 1731 1350 1797 VI.

525 1880 669 1934 Εαατσίιία
692 1881 787 1934 Ραίυιί
807 1881 960 1936 conceditur
982 1881 1078 1936 abbati
1098 1881 1265 1934 monasterii.

348 2061 545 2150 γΠαίσιος,
593 2065 679 2146 ἐλέῳ
721 2065 797 2126 θεοῦ
840 2065 1105 2147 ἀρχιεπίσκοπος
1139 2065 1530 2137 Κωνσταντινουπόλεως,

245 2191 334 2263 Νέας
357 2183 504 2269 Ῥώμης,
528 2186 584 2246 καί
607 2185 840 2264 οίκουμενικός
862 2185 1080 2269 πατριάρχης.
1103 2187 1124 2266 †

348 2381 369 2459 γ
393 2379 579 2452 Ἐντιμότατοι
605 2377 732 2457 κληρικοί
758 2383 807 2455 τῖγς
834 2381 973 2459 ἡμετέρας
999 2383 1198 2458 πατριαρχικῖης
1221 2375 1354 2458 ἐξαρχίας
1381 2383 1429 2452 τἠς
1452 2379 1479 2436 ἐν
1504 2385 1531 2458 τῇ

245 2507 318 2582 νήσῳ
343 2502 449 2578 Πάτμῳ
478 2497 523 2558 καὶ
552 2497 747 2574 εύλαβέστατοι
774 2499 857 2579 ἱερεῖς
888 2498 934 2559 καὶ
956 2503 1086 2580 χρήσιμοι
1108 2501 1236 2580 γέροντες
1263 2497 1310 2559 καί
1336 2494 1430 2560 λοιποὶ
1456 2500 1530 2558 εῦλσ-

245 2624 361 2703 γημένοι
387 2620 545 2702 χριστιανοί,
572 2621 655 2680 τέκνα
682 2621 711 2679 ἐν
735 2620 818 2702 κυρίῳ
845 2621 975 2699 ἀγαπητά
1000 2627 1049 2697 τῆς
1071 2622 1151 2698 ἡμῶν
1174 2621 1363 2702 μετριότητος,
1391 2624 1469 2702 χάρις
1495 2619 1530 2694 εἴη

245 2744 305 2821 ’ῖμῖν
333 2742 379 2804 καί
407 2741 498 2824 εἰρήνη
523 2743 576 2802 ἀπό
599 2744 672 2824 θεοῦ,
700 2743 763 2822 παρ’
786 2743 865 2820 ἡμῶν
890 2743 921 2802 δέ
944 2743 1025 2821 εῖνχή,
1050 2737 1165 2822 εύλογία
1186 2743 1233 2802 καί
1257 2709 1439 2824 συγχώρησις.
1464 2765 1531 2821 γνω-

245 2869 307 2927 στόν
336 2865 397 2942 ύμῖν
429 2866 508 2944 ἔστω,
539 2867 577 2935 ὡς
605 2865 618 2924 ό
645 2864 794 2938 καθολικός
820 2866 900 2941 ἡμῶν
929 2862 1059 2944 ἔξαρχος,
1091 2865 1265 2940 ἐντιμότατσς
1295 2863 1343 2924 καὶ
1373 2861 1531 2944 λογιώτατος

244 2993 351 3070 πρῶτος
384 2989 516 3066 όττιάριος
549 2993 599 3062 τῆς
631 2987 694 3046 καθ’
724 2988 799 3063 ἡμᾶς
836 2991 883 3046 τοῦ
917 2987 1031 3067 Χριστοῦ
1064 2985 1193 3065 μεγάλης
1229 2986 1395 3068 ἐκκλησίας,
1428 2987 1530 3068 Κυρίτζη

246 3111 432 3189 Μιχαλάκης,
463 3109 519 3181 υἱός
548 3109 619 3169 κατὰ
647 3112 755 3183 πνεῦμα
782 3109 922 3187 ἀγαπητός
952 3115 1001 3185 τῆς
1027 3109 1106 3184 ἡμῶν
1138 3110 1328 3190 μετριότητος,
1359 3107 1465 3168 ἀέδωκε
1492 3105 1531 3165 καὶ

246 3229 320 3306 αὗθις
346 3233 394 3307 τὴν
423 3231 577 3291 ἐπιστασίαν
603 3230 650 3291 καὶ
678 3230 806 3307 διοίκησιν
834 3237 882 3308 της
911 3228 1042 3311 ἐξαρχίας
1070 3233 1149 3292 αὺτοῦ
1175 3233 1275 3308 ταύτης
1301 3232 1370 3312 πρός
1392 3235 1439 3292 τόν
1460 3231 1531 3290 όσιίν-

246 3375 325 3414 τατον
347 3353 553 3432 καθηγούμενον
576 3357 624 3428 τῆς
647 3353 738 3413 αὐτόθι
761 3352 837 3431 ἱεράς
863 3351 910 3412 καὶ
933 3352 1083 3429 σεβασμίας
1105 3358 1305 3434 πατριαρχικῆς
1327 3353 1375 3412 καί
1399 3353 1531 3428 βασιλικῆς

247 3481 333 3550 μονῖης
355 3477 401 3534 τοῦ
424 3473 511 3554 άγίσυ,
536 3469 646 3546 ἐνδόξου
669 3474 822 3534 ἀποστόλου
844 3472 891 3533 καὶ
915 3473 1109 3554 εὐαγγελιστοῦ
1125 3471 1252 3535 Ἰωάννου
1267 3479 1314 3534 τοῦ
1330 3473 1475 3554 θεολόγον
1496 3470 1531 3532 ἐπὶ

246 3593 285 3672 τῷ
309 3595 458 3656 ἐπιστατεῖν
480 3593 526 3654 καί
550 3595 660 3656 διοικεῖν
684 3595 712 3654 ἐν
735 3595 802 3678 αύτῇ
826 3595 877 3656 ἀπό
900 3602 949 3672 της
972 3595 1025 3671 ἤδη
1048 3599 1158 3677 πρώτης
1181 3601 1226 3657 τοῦ
1254 3597 1436 3678 σεπτεμβρίσυ
1458 3597 1531 3672 μηνός

245 3721 294 3792 τῆς
310 3721 354 3776 νῦν
376 3717 525 3797 τρεχσύσης
549 3719 630 3793 ἐκτης
653 3715 816 3790 ίνδικτιῶνος
839 3721 922 3800 μέχρι
944 3725 993 3795 τῆς
1017 3719 1242 3801 σιμπληράισεως
1264 3720 1357 3798 αύτῆς,
1384 3719 1424 3794 είς
1446 3722 1530 3801 χρόνον

248 3837 374 3914 δηλονότι
397 3839 553 3918 ὁλόκληρον
577 3842 633 3919 ἕνα,
657 3839 703 3900 καί
726 3842 851 3919 συνάγειν
877 3839 924 3901 καί
946 3841 1174 3921 παραλαμβάνειν
1197 3841 1231 3901 τά
1255 3841 1424 3917 ἐμπίπτοντα
1445 3841 1530 3914 συνήθη

248 3959 461 4035 ἐκκλησιαστικά
484 3959 653 4038 είσσόὴματα
679 3961 726 4022 καί
749 3961 929 4037 δικαιώματα,
953 3961 995 4022 δίο
1017 3962 1064 4024 καί
1087 3965 1236 4044 γράφοντες
1260 3963 1453 4040 ἐντελλόμεθα
1472 3964 1530 4037 ῦμῖν,

247 4081 291 4140 ίνα
320 4083 365 4142 τόν
392 4085 471 4142 αύτόν
498 4085 645 4143 όσιιίιτατον
672 4084 893 4166 καθηγούμενον,
922 4085 950 4144 ἐν
978 4083 1170 4165 ίερσμουάχοις
1199 4082 1246 4144 καί
1274 4089 1467 4162 πνευματικοῖς
1492 4089 1530 4159 κῦρ

248 4201 415 4284 Ἀθανάσιον,
439 4207 619 4282 γινώσκοντες
645 4203 693 4264 καί
719 4206 802 4266 πάλιν
832 4203 948 4286 ἔξαρχον
975 4205 1020 4266 καὶ
1050 4205 1191 4286 ἐπίτροπον
1218 4211 1265 4266 τοῦ
1292 4207 1445 4268 καθολικοῦ
1466 4207 1531 4281 ἡμῶν
1567 4289 1568 4295 ρ

249 4319 366 4402 ἐξάρχου
388 4329 483 4401 τιμᾶτε
506 4324 552 4386 καί
575 4326 698 4406 ἀγαπᾶτε
722 4327 769 4388 καί
793 4327 947 4403 είιλαβῆσθε
975 4326 1021 4387 καί
1043 4327 1172 4403 πείθησθε
1194 4324 1242 4387 καί
1264 4329 1451 4404 ὑποτάσσησθε
1474 4323 1531 4398 αἰτῷ

247 4443 318 4504 κατά
340 4447 369 4506 τό
394 4449 505 4526 πρέπον,
529 4447 575 4508 καί
599 4448 703 4510 δίκαιον
726 4448 820 4508 ἀδειαν
845 4449 934 4526 ἔχοντι
961 4448 1008 4508 καί
1031 4446 1155 4522 ἐξυυσίαί
1182 4450 1247 4528 παρ’
1270 4451 1350 4526 ἡμῶν
1374 4450 1473 4531 κρίνειν
1496 4441 1531 4506 καὶ

248 4571 362 4649 θεωρεῖν
391 4575 479 4630 πάσαν
507 4569 734 4645 ἐκκλησιαστικὴν
761 4571 846 4650 κρίσιν
872 4591 902 4629 τε
929 4569 977 4630 καί
1003 4571 1126 4631 ὑπόθεσιν
1153 4569 1200 4630 καί
1227 4570 1268 4641 τίς
1294 4573 1341 4630 τόν
1368 4576 1416 4632 τοῦ
1443 4568 1530 4629 ἀικαίσυ

248 4693 329 4750 τόπον
358 4691 538 4750 ἀποκαθιστᾶν
565 4689 611 4750 καὶ
641 4690 734 4770 ἀργεῖν
760 4690 808 4751 καί
835 4691 968 4772 ἀφορίζειν
995 4693 1083 4751 πάντα
1110 4688 1227 4753 ἄτακτον
1254 4691 1302 4754 καὶ
1331 4693 1430 4768 ἀπειθῆ
1452 4691 1529 4770 ραινέ-
1566 4759 1567 4788 γ
