<?xml version="1.0" encoding="UTF-8"?>
<!DOCTYPE html PUBLIC "-//W3C//DTD XHTML 1.0 Transitional//EN"
    "http://www.w3.org/TR/xhtml1/DTD/xhtml1-transitional.dtd">
<html xmlns="http://www.w3.org/1999/xhtml" xml:lang="en" lang="en">
 <head>
  <title>
</title>
<meta http-equiv="Content-Type" content="text/html;charset=utf-8" />
  <meta name='ocr-system' content='tesseract 3.04.00' />
  <meta name='ocr-capabilities' content='ocr_page ocr_carea ocr_par ocr_line ocrx_word'/>
</head>
<body>
  <div class='ocr_page' id='page_1' title='image "./actaetdiplomata02miklgoog_0209.png"; bbox 0 0 3160 5292; ppageno 0'>
   <div class='ocr_carea' id='block_1_1' title="bbox 282 344 345 411">
    <p class='ocr_par' dir='ltr' id='par_1_1' title="bbox 282 344 345 411">
     <span class='ocr_line' id='line_1_1' title="bbox 282 344 345 411; baseline 0.032 -2"><span class='ocrx_word' id='word_1_1' title='bbox 282 344 345 411; x_wconf 78' lang='lat'>194</span> 
     </span>
    </p>
   </div>
   <div class='ocr_carea' id='block_1_2' title="bbox 275 539 1574 1965">
    <p class='ocr_par' dir='ltr' id='par_1_2' title="bbox 275 539 1574 1965">
     <span class='ocr_line' id='line_1_2' title="bbox 285 539 1556 627; baseline 0.006 -28"><span class='ocrx_word' id='word_1_2' title='bbox 285 539 446 620; x_wconf 83' lang='grc' dir='ltr'>εύτρεπείος</span> <span class='ocrx_word' id='word_1_3' title='bbox 476 539 637 620; x_wconf 81' lang='grc' dir='ltr'>ὁλοσχερῶς</span> <span class='ocrx_word' id='word_1_4' title='bbox 666 541 802 620; x_wconf 76' lang='grc' dir='ltr'>φροντίσαι</span> <span class='ocrx_word' id='word_1_5' title='bbox 832 542 1079 622; x_wconf 84' lang='grc' dir='ltr'>ἐπαγγειλάμενος,</span> <span class='ocrx_word' id='word_1_6' title='bbox 1111 547 1249 623; x_wconf 87' lang='grc' dir='ltr'>μοναχούς</span> <span class='ocrx_word' id='word_1_7' title='bbox 1277 567 1308 606; x_wconf 91' lang='grc' dir='ltr'>τε</span> <span class='ocrx_word' id='word_1_8' title='bbox 1336 547 1420 627; x_wconf 83' lang='grc' dir='ltr'>ταύτῃ</span> <span class='ocrx_word' id='word_1_9' title='bbox 1450 546 1556 624; x_wconf 80' lang='grc' dir='ltr'>ἐγκατο-</span> 
     </span>
     <span class='ocr_line' id='line_1_3' title="bbox 279 657 1557 749; baseline 0.005 -29"><span class='ocrx_word' id='word_1_10' title='bbox 279 657 357 734; x_wconf 81' lang='grc' dir='ltr'>τάξαι</span> <span class='ocrx_word' id='word_1_11' title='bbox 379 660 426 721; x_wconf 85' lang='grc' dir='ltr'>καί</span> <span class='ocrx_word' id='word_1_12' title='bbox 447 666 510 741; x_wconf 86' lang='grc' dir='ltr'>τάν,</span> <span class='ocrx_word' id='word_1_13' title='bbox 534 660 562 720; x_wconf 87' lang='grc' dir='ltr'>εί</span> <span class='ocrx_word' id='word_1_14' title='bbox 580 683 605 722; x_wconf 92' lang='grc' dir='ltr'>τι</span> <span class='ocrx_word' id='word_1_15' title='bbox 626 661 688 743; x_wconf 87' lang='grc' dir='ltr'>περὶ</span> <span class='ocrx_word' id='word_1_16' title='bbox 710 664 792 738; x_wconf 74' lang='grc' dir='ltr'>αὐτὴν</span> <span class='ocrx_word' id='word_1_17' title='bbox 816 662 855 736; x_wconf 85' lang='grc' dir='ltr'>εἰς</span> <span class='ocrx_word' id='word_1_18' title='bbox 877 663 969 740; x_wconf 80' lang='grc' dir='ltr'><strong>ἀληθῆ</strong></span> <span class='ocrx_word' id='word_1_19' title='bbox 995 663 1106 724; x_wconf 87' lang='grc' dir='ltr'>δύναται</span> <span class='ocrx_word' id='word_1_20' title='bbox 1127 672 1294 742; x_wconf 82' lang='grc' dir='ltr'>καταστῆσαι</span> <span class='ocrx_word' id='word_1_21' title='bbox 1318 671 1415 749; x_wconf 82' lang='grc' dir='ltr'>μονήν,</span> <span class='ocrx_word' id='word_1_22' title='bbox 1438 668 1557 740; x_wconf 74' lang='grc' dir='ltr'><strong>παντοίως</strong></span> 
     </span>
     <span class='ocr_line' id='line_1_4' title="bbox 278 783 1556 868; baseline 0.006 -28"><span class='ocrx_word' id='word_1_23' title='bbox 278 783 538 862; x_wconf 73' lang='grc' dir='ltr'>πραγματεύσασθαι</span> <span class='ocrx_word' id='word_1_24' title='bbox 564 783 783 863; x_wconf 81' lang='grc' dir='ltr'>ύπισχνούμενος.</span> <span class='ocrx_word' id='word_1_25' title='bbox 811 785 856 844; x_wconf 89' lang='grc' dir='ltr'>ίνα</span> <span class='ocrx_word' id='word_1_26' title='bbox 878 783 909 845; x_wconf 85' lang='grc' dir='ltr'>δέ</span> <span class='ocrx_word' id='word_1_27' title='bbox 931 787 970 860; x_wconf 87' lang='grc' dir='ltr'>μὴ</span> <span class='ocrx_word' id='word_1_28' title='bbox 993 785 1031 864; x_wconf 84' lang='grc' dir='ltr'>τῷ</span> <span class='ocrx_word' id='word_1_29' title='bbox 1053 788 1145 868; x_wconf 82' lang='grc' dir='ltr'>χρόνῳ</span> <span class='ocrx_word' id='word_1_30' title='bbox 1171 795 1221 864; x_wconf 85' lang='grc' dir='ltr'>τῆς</span> <span class='ocrx_word' id='word_1_31' title='bbox 1244 791 1323 850; x_wconf 76' lang='grc' dir='ltr'>αὐτοῦ</span> <span class='ocrx_word' id='word_1_32' title='bbox 1350 789 1443 866; x_wconf 80' lang='grc' dir='ltr'><strong>βιοτῆς</strong></span> <span class='ocrx_word' id='word_1_33' title='bbox 1469 789 1556 849; x_wconf 78' lang='grc' dir='ltr'>καὶτὰ</span> 
     </span>
     <span class='ocr_line' id='line_1_5' title="bbox 278 873 1557 990; baseline 0.005 -26"><span class='ocrx_word' id='word_1_34' title='bbox 278 908 328 978; x_wconf 77' lang='grc' dir='ltr'>τῆς</span> <span class='ocrx_word' id='word_1_35' title='bbox 347 873 551 984; x_wconf 36' lang='grc' dir='ltr'>,περιποιήσεως</span> <span class='ocrx_word' id='word_1_36' title='bbox 578 905 849 990; x_wconf 74' lang='grc' dir='ltr'>συνεκμεταλλευθή,</span> <span class='ocrx_word' id='word_1_37' title='bbox 876 909 995 988; x_wconf 83' lang='grc' dir='ltr'>κρεῖττόν</span> <span class='ocrx_word' id='word_1_38' title='bbox 1018 929 1042 968; x_wconf 94' lang='grc' dir='ltr'>τι</span> <span class='ocrx_word' id='word_1_39' title='bbox 1069 907 1116 968; x_wconf 87' lang='grc' dir='ltr'>καί</span> <span class='ocrx_word' id='word_1_40' title='bbox 1142 908 1205 990; x_wconf 83' lang='grc' dir='ltr'>περὶ</span> <span class='ocrx_word' id='word_1_41' title='bbox 1231 911 1323 970; x_wconf 87' lang='grc' dir='ltr'>τούτου</span> <span class='ocrx_word' id='word_1_42' title='bbox 1350 911 1398 972; x_wconf 89' lang='grc' dir='ltr'>καί</span> <span class='ocrx_word' id='word_1_43' title='bbox 1420 916 1470 987; x_wconf 81' lang='grc' dir='ltr'>τής</span> <span class='ocrx_word' id='word_1_44' title='bbox 1490 911 1557 971; x_wconf 74' lang='grc' dir='ltr'>α’ποῦ</span> 
     </span>
     <span class='ocr_line' id='line_1_6' title="bbox 279 1025 1557 1114; baseline 0.008 -31"><span class='ocrx_word' id='word_1_45' title='bbox 279 1025 463 1104; x_wconf 74' lang='grc' dir='ltr'>μεγαλονοίας</span> <span class='ocrx_word' id='word_1_46' title='bbox 486 1025 561 1100; x_wconf 70' lang='grc' dir='ltr'>ἀξιον</span> <span class='ocrx_word' id='word_1_47' title='bbox 584 1027 812 1108; x_wconf 83' lang='grc' dir='ltr'>βουλευσάμενος,</span> <span class='ocrx_word' id='word_1_48' title='bbox 837 1026 876 1101; x_wconf 89' lang='grc' dir='ltr'>είς</span> <span class='ocrx_word' id='word_1_49' title='bbox 898 1031 1026 1107; x_wconf 89' lang='grc' dir='ltr'>μετόχιον</span> <span class='ocrx_word' id='word_1_50' title='bbox 1049 1035 1097 1106; x_wconf 81' lang='grc' dir='ltr'>τής</span> <span class='ocrx_word' id='word_1_51' title='bbox 1121 1029 1150 1090; x_wconf 88' lang='grc' dir='ltr'>ἐν</span> <span class='ocrx_word' id='word_1_52' title='bbox 1172 1037 1205 1114; x_wconf 83' lang='grc' dir='ltr'>τῇ</span> <span class='ocrx_word' id='word_1_53' title='bbox 1229 1030 1335 1111; x_wconf 72' lang='grc' dir='ltr'>Πάτμῳ</span> <span class='ocrx_word' id='word_1_54' title='bbox 1357 1035 1404 1092; x_wconf 81' lang='grc' dir='ltr'>τοῦ</span> <span class='ocrx_word' id='word_1_55' title='bbox 1427 1031 1557 1111; x_wconf 72' lang='grc' dir='ltr'>Θεολόγκυ</span> 
     </span>
     <span class='ocr_line' id='line_1_7' title="bbox 278 1147 1555 1233; baseline 0.005 -26"><span class='ocrx_word' id='word_1_56' title='bbox 278 1153 363 1223; x_wconf 83' lang='grc' dir='ltr'>μονῆς</span> <span class='ocrx_word' id='word_1_57' title='bbox 385 1150 517 1227; x_wconf 79' lang='grc' dir='ltr'>ταχθῆναι</span> <span class='ocrx_word' id='word_1_58' title='bbox 540 1149 622 1224; x_wconf 76' lang='grc' dir='ltr'>αύτήν</span> <span class='ocrx_word' id='word_1_59' title='bbox 644 1147 805 1232; x_wconf 73' lang='grc' dir='ltr'>ἐξῃτήσατο,</span> <span class='ocrx_word' id='word_1_60' title='bbox 828 1151 1051 1211; x_wconf 90' lang='grc' dir='ltr'>σωνεπιτείνεοθαι</span> <span class='ocrx_word' id='word_1_61' title='bbox 1073 1154 1180 1224; x_wconf 81' lang='grc' dir='ltr'>πάντως</span> <span class='ocrx_word' id='word_1_62' title='bbox 1194 1155 1243 1229; x_wconf 76' lang='grc' dir='ltr'>τήν</span> <span class='ocrx_word' id='word_1_63' title='bbox 1261 1155 1361 1230; x_wconf 78' lang='grc' dir='ltr'>ταύτης</span> <span class='ocrx_word' id='word_1_64' title='bbox 1374 1156 1555 1233; x_wconf 85' lang='grc' dir='ltr'>πραγματευό-</span> 
     </span>
     <span class='ocr_line' id='line_1_8' title="bbox 277 1269 1556 1358; baseline 0.003 -30"><span class='ocrx_word' id='word_1_65' title='bbox 277 1290 360 1344; x_wconf 91' lang='grc' dir='ltr'>μενος</span> <span class='ocrx_word' id='word_1_66' title='bbox 394 1271 515 1330; x_wconf 91' lang='grc' dir='ltr'>σύστασιν</span> <span class='ocrx_word' id='word_1_67' title='bbox 546 1269 584 1350; x_wconf 83' lang='grc' dir='ltr'>τῷ</span> <span class='ocrx_word' id='word_1_68' title='bbox 618 1277 668 1348; x_wconf 88' lang='grc' dir='ltr'>τῆς</span> <span class='ocrx_word' id='word_1_69' title='bbox 694 1270 869 1350; x_wconf 81' lang='grc' dir='ltr'>Θεσλσγικῆς</span> <span class='ocrx_word' id='word_1_70' title='bbox 899 1279 985 1349; x_wconf 82' lang='grc' dir='ltr'>μονῆς</span> <span class='ocrx_word' id='word_1_71' title='bbox 1015 1271 1152 1355; x_wconf 83' lang='grc' dir='ltr'>έδρασμῷ.</span> <span class='ocrx_word' id='word_1_72' title='bbox 1184 1276 1203 1352; x_wconf 82' lang='grc' dir='ltr'><strong>ἡ</strong></span> <span class='ocrx_word' id='word_1_73' title='bbox 1229 1278 1294 1354; x_wconf 82' lang='grc' dir='ltr'>γοῦν</span> <span class='ocrx_word' id='word_1_74' title='bbox 1322 1277 1466 1358; x_wconf 77' lang='grc' dir='ltr'>μετριότης</span> <span class='ocrx_word' id='word_1_75' title='bbox 1490 1277 1556 1351; x_wconf 79' lang='grc' dir='ltr'>ήμῶν</span> 
     </span>
     <span class='ocr_line' id='line_1_9' title="bbox 276 1392 1558 1477; baseline 0.004 -27"><span class='ocrx_word' id='word_1_76' title='bbox 276 1392 371 1464; x_wconf 86' lang='grc' dir='ltr'>καλῶς</span> <span class='ocrx_word' id='word_1_77' title='bbox 403 1392 538 1472; x_wconf 82' lang='grc' dir='ltr'>έγνωκυῑα</span> <span class='ocrx_word' id='word_1_78' title='bbox 564 1392 666 1454; x_wconf 82' lang='grc' dir='ltr'>τουτονί</span> <span class='ocrx_word' id='word_1_79' title='bbox 689 1393 899 1476; x_wconf 87' lang='grc' dir='ltr'>βουλευόμενον,</span> <span class='ocrx_word' id='word_1_80' title='bbox 929 1395 1025 1466; x_wconf 79' lang='grc' dir='ltr'>ἄλλως</span> <span class='ocrx_word' id='word_1_81' title='bbox 1047 1416 1077 1455; x_wconf 88' lang='grc' dir='ltr'>τε</span> <span class='ocrx_word' id='word_1_82' title='bbox 1106 1395 1136 1456; x_wconf 86' lang='grc' dir='ltr'>δέ</span> <span class='ocrx_word' id='word_1_83' title='bbox 1164 1395 1211 1456; x_wconf 91' lang='grc' dir='ltr'>καί</span> <span class='ocrx_word' id='word_1_84' title='bbox 1238 1395 1334 1477; x_wconf 85' lang='grc' dir='ltr'>εἰδυῖα,</span> <span class='ocrx_word' id='word_1_85' title='bbox 1366 1399 1405 1470; x_wconf 87' lang='grc' dir='ltr'>ὡς</span> <span class='ocrx_word' id='word_1_86' title='bbox 1432 1398 1558 1468; x_wconf 72' lang='grc' dir='ltr'>πολλάκις</span> 
     </span>
     <span class='ocr_line' id='line_1_10' title="bbox 276 1509 1574 1602; baseline 0.003 -29"><span class='ocrx_word' id='word_1_87' title='bbox 276 1515 327 1588; x_wconf 84' lang='grc' dir='ltr'>μὲν</span> <span class='ocrx_word' id='word_1_88' title='bbox 361 1515 495 1596; x_wconf 88' lang='grc' dir='ltr'>ἀπόπειρα</span> <span class='ocrx_word' id='word_1_89' title='bbox 523 1517 623 1594; x_wconf 87' lang='grc' dir='ltr'>γέγονε</span> <span class='ocrx_word' id='word_1_90' title='bbox 653 1523 780 1593; x_wconf 80' lang='grc' dir='ltr'>συστῆναι</span> <span class='ocrx_word' id='word_1_91' title='bbox 809 1519 858 1590; x_wconf 83' lang='grc' dir='ltr'>τὴν</span> <span class='ocrx_word' id='word_1_92' title='bbox 888 1518 1010 1592; x_wconf 90' lang='grc' dir='ltr'>τοιαύτην</span> <span class='ocrx_word' id='word_1_93' title='bbox 1039 1518 1124 1592; x_wconf 84' lang='grc' dir='ltr'>μονὴν</span> <span class='ocrx_word' id='word_1_94' title='bbox 1151 1517 1206 1602; x_wconf 81' lang='grc' dir='ltr'>ἰδίᾳ</span> <span class='ocrx_word' id='word_1_95' title='bbox 1235 1517 1283 1578; x_wconf 82' lang='grc' dir='ltr'>καί</span> <span class='ocrx_word' id='word_1_96' title='bbox 1311 1519 1375 1578; x_wconf 88' lang='grc' dir='ltr'>καθ’</span> <span class='ocrx_word' id='word_1_97' title='bbox 1405 1520 1502 1594; x_wconf 80' lang='grc' dir='ltr'>ἑαυτήν</span> <span class='ocrx_word' id='word_1_98' title='bbox 1525 1509 1574 1600; x_wconf 60' lang='grc' dir='ltr'>εἰς</span> 
     </span>
     <span class='ocr_line' id='line_1_11' title="bbox 275 1635 1558 1720; baseline 0.003 -24"><span class='ocrx_word' id='word_1_99' title='bbox 275 1637 323 1712; x_wconf 87' lang='grc' dir='ltr'>τὴν</span> <span class='ocrx_word' id='word_1_100' title='bbox 346 1635 449 1698; x_wconf 75' lang='grc' dir='ltr'>οἰκείαν</span> <span class='ocrx_word' id='word_1_101' title='bbox 471 1641 684 1720; x_wconf 85' lang='grc' dir='ltr'>σνντηρουμένην</span> <span class='ocrx_word' id='word_1_102' title='bbox 707 1639 933 1719; x_wconf 85' lang='grc' dir='ltr'>αύτοδεσπότητα,</span> <span class='ocrx_word' id='word_1_103' title='bbox 957 1640 975 1714; x_wconf 80' lang='grc' dir='ltr'>ή</span> <span class='ocrx_word' id='word_1_104' title='bbox 999 1638 1031 1698; x_wconf 88' lang='grc' dir='ltr'>δὲ</span> <span class='ocrx_word' id='word_1_105' title='bbox 1052 1645 1106 1698; x_wconf 81' lang='grc' dir='ltr'>τῶν</span> <span class='ocrx_word' id='word_1_106' title='bbox 1129 1640 1219 1700; x_wconf 83' lang='grc' dir='ltr'>ἐκεῖσε</span> <span class='ocrx_word' id='word_1_107' title='bbox 1241 1641 1389 1716; x_wconf 81' lang='grc' dir='ltr'>τιθεμένων</span> <span class='ocrx_word' id='word_1_108' title='bbox 1410 1639 1450 1712; x_wconf 86' lang='grc' dir='ltr'>εἰς</span> <span class='ocrx_word' id='word_1_109' title='bbox 1469 1640 1558 1716; x_wconf 63' lang='lat'>1664,-</span> 
     </span>
     <span class='ocr_line' id='line_1_12' title="bbox 275 1759 1559 1852; baseline 0.002 -35"><span class='ocrx_word' id='word_1_110' title='bbox 275 1759 321 1818; x_wconf 86' lang='grc' dir='ltr'>θεν</span> <span class='ocrx_word' id='word_1_111' title='bbox 343 1761 535 1837; x_wconf 86' lang='grc' dir='ltr'>ήγουμενεύειν</span> <span class='ocrx_word' id='word_1_112' title='bbox 563 1766 692 1838; x_wconf 84' lang='grc' dir='ltr'>μοναχῶν</span> <span class='ocrx_word' id='word_1_113' title='bbox 715 1760 866 1841; x_wconf 85' lang='grc' dir='ltr'>ἀβελτηρία</span> <span class='ocrx_word' id='word_1_114' title='bbox 892 1759 939 1852; x_wconf 83' lang='grc' dir='ltr'>καὶ</span> <span class='ocrx_word' id='word_1_115' title='bbox 961 1761 992 1822; x_wconf 81' lang='grc' dir='ltr'>τό</span> <span class='ocrx_word' id='word_1_116' title='bbox 1015 1759 1121 1836; x_wconf 84' lang='grc' dir='ltr'>ἀμελὲς</span> <span class='ocrx_word' id='word_1_117' title='bbox 1144 1763 1270 1838; x_wconf 88' lang='grc' dir='ltr'>γενέσθαι</span> <span class='ocrx_word' id='word_1_118' title='bbox 1291 1765 1369 1822; x_wconf 79' lang='grc' dir='ltr'>τοῦτο</span> <span class='ocrx_word' id='word_1_119' title='bbox 1392 1763 1423 1822; x_wconf 83' lang='grc' dir='ltr'>σθ</span> <span class='ocrx_word' id='word_1_120' title='bbox 1446 1766 1559 1839; x_wconf 83' lang='grc' dir='ltr'>συνεχύ-</span> 
     </span>
     <span class='ocr_line' id='line_1_13' title="bbox 275 1881 1560 1965; baseline -0.002 -23"><span class='ocrx_word' id='word_1_121' title='bbox 275 1902 367 1961; x_wconf 87' lang='grc' dir='ltr'>ρηααν,</span> <span class='ocrx_word' id='word_1_122' title='bbox 399 1884 444 1941; x_wconf 81' lang='grc' dir='ltr'>ὅτε</span> <span class='ocrx_word' id='word_1_123' title='bbox 471 1883 510 1958; x_wconf 80' lang='grc' dir='ltr'>μὴ</span> <span class='ocrx_word' id='word_1_124' title='bbox 537 1881 584 1942; x_wconf 85' lang='grc' dir='ltr'>καὶ</span> <span class='ocrx_word' id='word_1_125' title='bbox 611 1883 721 1958; x_wconf 67' lang='grc' dir='ltr'>μᾶλλον</span> <span class='ocrx_word' id='word_1_126' title='bbox 747 1889 781 1965; x_wconf 69' lang='grc' dir='ltr'>τῇ</span> <span class='ocrx_word' id='word_1_127' title='bbox 808 1883 935 1965; x_wconf 77' lang='grc' dir='ltr'>ἀπωλείᾳ</span> <span class='ocrx_word' id='word_1_128' title='bbox 962 1885 1142 1964; x_wconf 74' lang='grc' dir='ltr'>συνήργησαν,</span> <span class='ocrx_word' id='word_1_129' title='bbox 1170 1884 1288 1964; x_wconf 82' lang='grc' dir='ltr'>παρόσον</span> <span class='ocrx_word' id='word_1_130' title='bbox 1317 1886 1333 1943; x_wconf 99' lang='lat'>6</span> <span class='ocrx_word' id='word_1_131' title='bbox 1361 1883 1412 1957; x_wconf 83' lang='grc' dir='ltr'>μὲν</span> <span class='ocrx_word' id='word_1_132' title='bbox 1439 1887 1560 1962; x_wconf 81' lang='grc' dir='ltr'>σήμερον,</span> 
     </span>
    </p>
   </div>
   <div class='ocr_carea' id='block_1_3' title="bbox 275 1999 1562 2087">
    <p class='ocr_par' dir='ltr' id='par_1_3' title="bbox 275 1983 1574 2128">
     <span class='ocr_line' id='line_1_14' title="bbox 275 1999 1562 2087; baseline 0 -23"><span class='ocrx_word' id='word_1_133' title='bbox 275 2003 365 2086; x_wconf 79' lang='grc' dir='ltr'>αὔριον</span> <span class='ocrx_word' id='word_1_134' title='bbox 392 2004 497 2082; x_wconf 85' lang='grc' dir='ltr'>ἀλλος,</span> <span class='ocrx_word' id='word_1_135' title='bbox 524 2009 568 2064; x_wconf 83' lang='grc' dir='ltr'>νῦν</span> <span class='ocrx_word' id='word_1_136' title='bbox 596 1999 686 2087; x_wconf 82' lang='grc' dir='ltr'>οὗτος,</span> <span class='ocrx_word' id='word_1_137' title='bbox 715 2005 798 2065; x_wconf 82' lang='grc' dir='ltr'>ἔπειτ’</span> <span class='ocrx_word' id='word_1_138' title='bbox 823 2005 928 2076; x_wconf 83' lang='grc' dir='ltr'>ἐκεῖνος</span> <span class='ocrx_word' id='word_1_139' title='bbox 953 2005 1001 2080; x_wconf 83' lang='grc' dir='ltr'>τὴν</span> <span class='ocrx_word' id='word_1_140' title='bbox 1027 2003 1209 2083; x_wconf 83' lang='grc' dir='ltr'>ήγσυμενείαν</span> <span class='ocrx_word' id='word_1_141' title='bbox 1243 2007 1341 2081; x_wconf 78' lang='grc' dir='ltr'>ταύτης</span> <span class='ocrx_word' id='word_1_142' title='bbox 1376 2004 1562 2083; x_wconf 77' lang='grc' dir='ltr'>διαδεχόμενοι</span> 
     </span>
    </p>
   </div>
   <div class='ocr_carea' id='block_1_4' title="bbox 267 2125 1574 4760">
    <p class='ocr_par' dir='ltr' id='par_1_4' title="bbox 267 2125 1574 4760">
     <span class='ocr_line' id='line_1_15' title="bbox 274 2125 1574 2216; baseline 0 -30"><span class='ocrx_word' id='word_1_143' title='bbox 274 2127 307 2187; x_wconf 86' lang='grc' dir='ltr'>έκ</span> <span class='ocrx_word' id='word_1_144' title='bbox 332 2129 379 2186; x_wconf 81' lang='grc' dir='ltr'>τοῦ</span> <span class='ocrx_word' id='word_1_145' title='bbox 405 2127 476 2186; x_wconf 83' lang='grc' dir='ltr'>κατὰ</span> <span class='ocrx_word' id='word_1_146' title='bbox 503 2127 598 2206; x_wconf 81' lang='grc' dir='ltr'>μικρόν</span> <span class='ocrx_word' id='word_1_147' title='bbox 625 2127 659 2184; x_wconf 83' lang='grc' dir='ltr'>τὰ</span> <span class='ocrx_word' id='word_1_148' title='bbox 685 2132 734 2201; x_wconf 82' lang='grc' dir='ltr'>τῆς</span> <span class='ocrx_word' id='word_1_149' title='bbox 761 2132 848 2201; x_wconf 79' lang='grc' dir='ltr'>μονής</span> <span class='ocrx_word' id='word_1_150' title='bbox 874 2125 1059 2204; x_wconf 90' lang='grc' dir='ltr'>ἐλυμαίνοντο,</span> <span class='ocrx_word' id='word_1_151' title='bbox 1088 2127 1125 2196; x_wconf 79' lang='grc' dir='ltr'>ὡς</span> <span class='ocrx_word' id='word_1_152' title='bbox 1153 2125 1276 2186; x_wconf 82' lang='grc' dir='ltr'>ἐντεῦθεν</span> <span class='ocrx_word' id='word_1_153' title='bbox 1302 2126 1464 2187; x_wconf 88' lang='grc' dir='ltr'>κινδυνεύειν</span> <span class='ocrx_word' id='word_1_154' title='bbox 1487 2128 1574 2216; x_wconf 81' lang='grc' dir='ltr'>σάιτηνί</span> 
     </span>
     <span class='ocr_line' id='line_1_16' title="bbox 273 2242 1562 2328; baseline -0.003 -20"><span class='ocrx_word' id='word_1_155' title='bbox 273 2251 312 2324; x_wconf 86' lang='grc' dir='ltr'>μή</span> <span class='ocrx_word' id='word_1_156' title='bbox 335 2269 376 2309; x_wconf 90' lang='grc' dir='ltr'>τοι</span> <span class='ocrx_word' id='word_1_157' title='bbox 397 2269 431 2328; x_wconf 89' lang='grc' dir='ltr'>γε</span> <span class='ocrx_word' id='word_1_158' title='bbox 454 2249 484 2308; x_wconf 79' lang='grc' dir='ltr'>τό</span> <span class='ocrx_word' id='word_1_159' title='bbox 507 2243 575 2307; x_wconf 88' lang='grc' dir='ltr'>είναι</span> <span class='ocrx_word' id='word_1_160' title='bbox 597 2251 692 2326; x_wconf 88' lang='grc' dir='ltr'>μονήν,</span> <span class='ocrx_word' id='word_1_161' title='bbox 716 2247 794 2306; x_wconf 86' lang='grc' dir='ltr'>ἀλλά</span> <span class='ocrx_word' id='word_1_162' title='bbox 815 2245 862 2306; x_wconf 85' lang='grc' dir='ltr'>καί</span> <span class='ocrx_word' id='word_1_163' title='bbox 883 2249 915 2306; x_wconf 81' lang='grc' dir='ltr'>τό</span> <span class='ocrx_word' id='word_1_164' title='bbox 937 2246 1034 2318; x_wconf 85' lang='grc' dir='ltr'>ἁπλῶς</span> <span class='ocrx_word' id='word_1_165' title='bbox 1056 2247 1236 2322; x_wconf 73' lang='grc' dir='ltr'>ὀνομάζεσθαι</span> <span class='ocrx_word' id='word_1_166' title='bbox 1260 2242 1404 2308; x_wconf 86' lang='grc' dir='ltr'>ἀπολέσαι.</span> <span class='ocrx_word' id='word_1_167' title='bbox 1429 2249 1502 2308; x_wconf 81' lang='grc' dir='ltr'>ταῦτ’</span> <span class='ocrx_word' id='word_1_168' title='bbox 1522 2245 1562 2308; x_wconf 82' lang='grc' dir='ltr'>σύν</span> 
     </span>
     <span class='ocr_line' id='line_1_17' title="bbox 274 2365 1574 2450; baseline -0.002 -20"><span class='ocrx_word' id='word_1_169' title='bbox 274 2368 360 2430; x_wconf 86' lang='grc' dir='ltr'>είδυῑα</span> <span class='ocrx_word' id='word_1_170' title='bbox 385 2371 403 2445; x_wconf 86' lang='grc' dir='ltr'><strong>ἡ</strong></span> <span class='ocrx_word' id='word_1_171' title='bbox 435 2371 577 2449; x_wconf 88' lang='grc' dir='ltr'>μετριότης</span> <span class='ocrx_word' id='word_1_172' title='bbox 602 2371 681 2444; x_wconf 81' lang='grc' dir='ltr'>ἡμῶν</span> <span class='ocrx_word' id='word_1_173' title='bbox 708 2365 754 2440; x_wconf 86' lang='grc' dir='ltr'>σύς</span> <span class='ocrx_word' id='word_1_174' title='bbox 781 2368 903 2438; x_wconf 82' lang='grc' dir='ltr'>εύπειθὲς</span> <span class='ocrx_word' id='word_1_175' title='bbox 929 2371 1045 2447; x_wconf 83' lang='grc' dir='ltr'>παρέχει</span> <span class='ocrx_word' id='word_1_176' title='bbox 1071 2367 1110 2446; x_wconf 83' lang='grc' dir='ltr'>τῷ</span> <span class='ocrx_word' id='word_1_177' title='bbox 1136 2368 1185 2443; x_wconf 79' lang='grc' dir='ltr'>τήν</span> <span class='ocrx_word' id='word_1_178' title='bbox 1213 2371 1298 2445; x_wconf 80' lang='grc' dir='ltr'>μονὴν</span> <span class='ocrx_word' id='word_1_179' title='bbox 1327 2368 1489 2450; x_wconf 85' lang='grc' dir='ltr'>αἰτουμένῳ,</span> <span class='ocrx_word' id='word_1_180' title='bbox 1519 2372 1574 2448; x_wconf 57' lang='grc' dir='ltr'>ἀτεξ</span> 
     </span>
     <span class='ocr_line' id='line_1_18' title="bbox 272 2490 1574 2572; baseline -0.002 -20"><span class='ocrx_word' id='word_1_181' title='bbox 272 2499 326 2553; x_wconf 85' lang='grc' dir='ltr'>τῶν</span> <span class='ocrx_word' id='word_1_182' title='bbox 348 2493 580 2570; x_wconf 82' lang='grc' dir='ltr'>ὁμολογουμένως</span> <span class='ocrx_word' id='word_1_183' title='bbox 603 2490 761 2566; x_wconf 79' lang='grc' dir='ltr'>ἐπιτηδείων</span> <span class='ocrx_word' id='word_1_184' title='bbox 783 2491 851 2570; x_wconf 81' lang='grc' dir='ltr'>πρός</span> <span class='ocrx_word' id='word_1_185' title='bbox 872 2495 956 2549; x_wconf 81' lang='grc' dir='ltr'>ταῦτα</span> <span class='ocrx_word' id='word_1_186' title='bbox 977 2495 1070 2549; x_wconf 89' lang='grc' dir='ltr'>τοῦτον</span> <span class='ocrx_word' id='word_1_187' title='bbox 1093 2493 1271 2568; x_wconf 84' lang='grc' dir='ltr'>γινώσκοντα.</span> <span class='ocrx_word' id='word_1_188' title='bbox 1297 2491 1372 2552; x_wconf 83' lang='grc' dir='ltr'>ἔσται</span> <span class='ocrx_word' id='word_1_189' title='bbox 1395 2490 1441 2551; x_wconf 80' lang='grc' dir='ltr'>οὖν</span> <span class='ocrx_word' id='word_1_190' title='bbox 1463 2493 1494 2550; x_wconf 79' lang='grc' dir='ltr'>τό</span> <span class='ocrx_word' id='word_1_191' title='bbox 1513 2493 1574 2572; x_wconf 32' lang='grc' dir='ltr'>ἀπέγ</span> 
     </span>
     <span class='ocr_line' id='line_1_19' title="bbox 273 2611 1562 2696; baseline -0.002 -22"><span class='ocrx_word' id='word_1_192' title='bbox 273 2614 351 2674; x_wconf 76' lang='grc' dir='ltr'>τοῦδε</span> <span class='ocrx_word' id='word_1_193' title='bbox 377 2615 395 2688; x_wconf 85' lang='grc' dir='ltr'>ἡ</span> <span class='ocrx_word' id='word_1_194' title='bbox 426 2613 585 2690; x_wconf 80' lang='grc' dir='ltr'>δηλωθεῖσα</span> <span class='ocrx_word' id='word_1_195' title='bbox 615 2619 669 2672; x_wconf 83' lang='grc' dir='ltr'>τῶν</span> <span class='ocrx_word' id='word_1_196' title='bbox 696 2612 825 2672; x_wconf 85' lang='grc' dir='ltr'>Σπονδῶν</span> <span class='ocrx_word' id='word_1_197' title='bbox 855 2612 924 2686; x_wconf 77' lang='grc' dir='ltr'>μονή</span> <span class='ocrx_word' id='word_1_198' title='bbox 954 2611 1118 2687; x_wconf 83' lang='grc' dir='ltr'>ὑποκειμένη</span> <span class='ocrx_word' id='word_1_199' title='bbox 1147 2611 1194 2672; x_wconf 90' lang='grc' dir='ltr'>καὶ</span> <span class='ocrx_word' id='word_1_200' title='bbox 1223 2615 1424 2692; x_wconf 88' lang='grc' dir='ltr'>προσηνωμένη</span> <span class='ocrx_word' id='word_1_201' title='bbox 1455 2620 1489 2696; x_wconf 82' lang='grc' dir='ltr'>τῇ</span> <span class='ocrx_word' id='word_1_202' title='bbox 1519 2621 1562 2688; x_wconf 80' lang='grc' dir='ltr'>της</span> 
     </span>
     <span class='ocr_line' id='line_1_20' title="bbox 274 2727 1574 2824; baseline -0.003 -28"><span class='ocrx_word' id='word_1_203' title='bbox 274 2737 385 2810; x_wconf 88' lang='grc' dir='ltr'>Παίτμου</span> <span class='ocrx_word' id='word_1_204' title='bbox 417 2741 599 2816; x_wconf 80' lang='grc' dir='ltr'>πατριαρχικῇ</span> <span class='ocrx_word' id='word_1_205' title='bbox 627 2739 697 2814; x_wconf 77' lang='grc' dir='ltr'>μονῇ</span> <span class='ocrx_word' id='word_1_206' title='bbox 726 2732 773 2792; x_wconf 88' lang='grc' dir='ltr'>καὶ</span> <span class='ocrx_word' id='word_1_207' title='bbox 799 2727 873 2811; x_wconf 81' lang='grc' dir='ltr'>παρὰ</span> <span class='ocrx_word' id='word_1_208' title='bbox 895 2736 940 2792; x_wconf 84' lang='grc' dir='ltr'>τοῦ</span> <span class='ocrx_word' id='word_1_209' title='bbox 967 2732 1038 2792; x_wconf 81' lang='grc' dir='ltr'>κατὰ</span> <span class='ocrx_word' id='word_1_210' title='bbox 1063 2734 1157 2812; x_wconf 82' lang='grc' dir='ltr'>καιρόν</span> <span class='ocrx_word' id='word_1_211' title='bbox 1185 2735 1394 2814; x_wconf 84' lang='grc' dir='ltr'>καθηγουμένου</span> <span class='ocrx_word' id='word_1_212' title='bbox 1416 2743 1467 2812; x_wconf 73' lang='grc' dir='ltr'>της</span> <span class='ocrx_word' id='word_1_213' title='bbox 1490 2737 1574 2824; x_wconf 59' lang='lat' dir='ltr'>Hit-3</span> 
     </span>
     <span class='ocr_line' id='line_1_21' title="bbox 271 2855 1574 2946; baseline 0.002 -30"><span class='ocrx_word' id='word_1_214' title='bbox 271 2879 323 2932; x_wconf 87' lang='grc' dir='ltr'>μου</span> <span class='ocrx_word' id='word_1_215' title='bbox 356 2857 526 2933; x_wconf 77' lang='grc' dir='ltr'>διιθυνομένη</span> <span class='ocrx_word' id='word_1_216' title='bbox 558 2861 744 2931; x_wconf 83' lang='grc' dir='ltr'>πνευματικῶς</span> <span class='ocrx_word' id='word_1_217' title='bbox 779 2855 844 2928; x_wconf 82' lang='grc' dir='ltr'>αύτή</span> <span class='ocrx_word' id='word_1_218' title='bbox 871 2875 901 2913; x_wconf 90' lang='grc' dir='ltr'>τε</span> <span class='ocrx_word' id='word_1_219' title='bbox 928 2856 945 2928; x_wconf 84' lang='grc' dir='ltr'>ή</span> <span class='ocrx_word' id='word_1_220' title='bbox 977 2861 1031 2914; x_wconf 85' lang='grc' dir='ltr'>τῶν</span> <span class='ocrx_word' id='word_1_221' title='bbox 1057 2856 1187 2916; x_wconf 79' lang='grc' dir='ltr'>Σπονδῶν</span> <span class='ocrx_word' id='word_1_222' title='bbox 1215 2859 1285 2932; x_wconf 83' lang='grc' dir='ltr'>μονὴ</span> <span class='ocrx_word' id='word_1_223' title='bbox 1313 2857 1360 2918; x_wconf 84' lang='grc' dir='ltr'>καὶ</span> <span class='ocrx_word' id='word_1_224' title='bbox 1387 2857 1411 2916; x_wconf 86' lang='grc' dir='ltr'>οἱ</span> <span class='ocrx_word' id='word_1_225' title='bbox 1440 2859 1470 2918; x_wconf 92' lang='grc' dir='ltr'>ἐν</span> <span class='ocrx_word' id='word_1_226' title='bbox 1500 2860 1574 2946; x_wconf 55' lang='grc' dir='ltr'>σούτζηῚ</span> 
     </span>
     <span class='ocr_line' id='line_1_22' title="bbox 271 2974 1560 3059; baseline 0.002 -21"><span class='ocrx_word' id='word_1_227' title='bbox 271 2977 388 3058; x_wconf 81' lang='grc' dir='ltr'>μσναχοὶ</span> <span class='ocrx_word' id='word_1_228' title='bbox 417 2977 464 3040; x_wconf 84' lang='grc' dir='ltr'>καὶ</span> <span class='ocrx_word' id='word_1_229' title='bbox 492 2980 581 3040; x_wconf 77' lang='grc' dir='ltr'>πάντα</span> <span class='ocrx_word' id='word_1_230' title='bbox 609 2974 643 3037; x_wconf 82' lang='grc' dir='ltr'>τὰ</span> <span class='ocrx_word' id='word_1_231' title='bbox 672 2978 715 3036; x_wconf 83' lang='grc' dir='ltr'>ὑπ’</span> <span class='ocrx_word' id='word_1_232' title='bbox 743 2979 835 3052; x_wconf 74' lang='grc' dir='ltr'>αὐτήν,</span> <span class='ocrx_word' id='word_1_233' title='bbox 867 2977 934 3036; x_wconf 79' lang='grc' dir='ltr'>ἀλλ’</span> <span class='ocrx_word' id='word_1_234' title='bbox 962 2977 1025 3036; x_wconf 77' lang='grc' dir='ltr'>οὐδὲ</span> <span class='ocrx_word' id='word_1_235' title='bbox 1054 2979 1070 3035; x_wconf 91' lang='grc' dir='ltr'>ό</span> <span class='ocrx_word' id='word_1_236' title='bbox 1098 2978 1169 3038; x_wconf 79' lang='grc' dir='ltr'>κατὰ</span> <span class='ocrx_word' id='word_1_237' title='bbox 1199 2979 1308 3059; x_wconf 84' lang='grc' dir='ltr'>καιρούς</span> <span class='ocrx_word' id='word_1_238' title='bbox 1339 2979 1490 3052; x_wconf 71' lang='grc' dir='ltr'>ἐπίσκοπος</span> <span class='ocrx_word' id='word_1_239' title='bbox 1518 2987 1560 3054; x_wconf 80' lang='grc' dir='ltr'>τῆς</span> 
     </span>
     <span class='ocr_line' id='line_1_23' title="bbox 270 3099 1559 3182; baseline -0.001 -20"><span class='ocrx_word' id='word_1_240' title='bbox 270 3104 351 3178; x_wconf 85' lang='grc' dir='ltr'>νήσου</span> <span class='ocrx_word' id='word_1_241' title='bbox 366 3103 417 3162; x_wconf 85' lang='grc' dir='ltr'>Κῶ</span> <span class='ocrx_word' id='word_1_242' title='bbox 441 3099 497 3174; x_wconf 78' lang='grc' dir='ltr'>έξει</span> <span class='ocrx_word' id='word_1_243' title='bbox 519 3100 578 3160; x_wconf 76' lang='grc' dir='ltr'>τινὰ</span> <span class='ocrx_word' id='word_1_244' title='bbox 599 3099 768 3178; x_wconf 86' lang='grc' dir='ltr'>παρείσδυσιν</span> <span class='ocrx_word' id='word_1_245' title='bbox 792 3099 820 3156; x_wconf 88' lang='grc' dir='ltr'>ἐν</span> <span class='ocrx_word' id='word_1_246' title='bbox 842 3104 876 3180; x_wconf 75' lang='grc' dir='ltr'>τῇ</span> <span class='ocrx_word' id='word_1_247' title='bbox 898 3099 1005 3180; x_wconf 78' lang='grc' dir='ltr'>τοιαύτη</span> <span class='ocrx_word' id='word_1_248' title='bbox 1027 3105 1209 3181; x_wconf 79' lang='grc' dir='ltr'>πατριαρχικῇ</span> <span class='ocrx_word' id='word_1_249' title='bbox 1232 3105 1313 3182; x_wconf 75' lang='grc' dir='ltr'>μονή,</span> <span class='ocrx_word' id='word_1_250' title='bbox 1337 3099 1400 3160; x_wconf 83' lang='grc' dir='ltr'>σύδέ</span> <span class='ocrx_word' id='word_1_251' title='bbox 1423 3102 1439 3160; x_wconf 87' lang='grc' dir='ltr'>ό</span> <span class='ocrx_word' id='word_1_252' title='bbox 1459 3123 1559 3182; x_wconf 86' lang='grc' dir='ltr'>μητρο-</span> 
     </span>
     <span class='ocr_line' id='line_1_24' title="bbox 269 3216 1559 3308; baseline -0.001 -26"><span class='ocrx_word' id='word_1_253' title='bbox 269 3223 383 3300; x_wconf 89' lang='grc' dir='ltr'>πολίτης</span> <span class='ocrx_word' id='word_1_254' title='bbox 407 3219 514 3308; x_wconf 86' lang='grc' dir='ltr'>[Ῥόδου</span> <span class='ocrx_word' id='word_1_255' title='bbox 534 3223 549 3280; x_wconf 92' lang='lat'>6</span> <span class='ocrx_word' id='word_1_256' title='bbox 570 3216 727 3305; x_wconf 81' lang='grc' dir='ltr'>διενεργιῖιν]</span> <span class='ocrx_word' id='word_1_257' title='bbox 750 3220 784 3279; x_wconf 88' lang='grc' dir='ltr'>τά</span> <span class='ocrx_word' id='word_1_258' title='bbox 805 3219 876 3278; x_wconf 83' lang='grc' dir='ltr'>κατὰ</span> <span class='ocrx_word' id='word_1_259' title='bbox 897 3219 946 3289; x_wconf 84' lang='grc' dir='ltr'>τάς</span> <span class='ocrx_word' id='word_1_260' title='bbox 969 3219 1011 3278; x_wconf 85' lang='grc' dir='ltr'>ὑπ’</span> <span class='ocrx_word' id='word_1_261' title='bbox 1035 3221 1113 3278; x_wconf 73' lang='grc' dir='ltr'>αὐτόν</span> <span class='ocrx_word' id='word_1_262' title='bbox 1136 3222 1233 3296; x_wconf 86' lang='grc' dir='ltr'>νήσους</span> <span class='ocrx_word' id='word_1_263' title='bbox 1254 3224 1440 3302; x_wconf 86' lang='grc' dir='ltr'>πατριαρχικά</span> <span class='ocrx_word' id='word_1_264' title='bbox 1464 3223 1559 3300; x_wconf 83' lang='grc' dir='ltr'>δίκαια,</span> 
     </span>
     <span class='ocr_line' id='line_1_25' title="bbox 270 3337 1559 3426; baseline -0.002 -20"><span class='ocrx_word' id='word_1_265' title='bbox 270 3345 327 3406; x_wconf 79' lang='grc' dir='ltr'>ούδ’</span> <span class='ocrx_word' id='word_1_266' title='bbox 343 3345 358 3403; x_wconf 91' lang='grc' dir='ltr'>ό</span> <span class='ocrx_word' id='word_1_267' title='bbox 372 3345 436 3423; x_wconf 81' lang='grc' dir='ltr'>παρ’</span> <span class='ocrx_word' id='word_1_268' title='bbox 453 3345 532 3404; x_wconf 83' lang='grc' dir='ltr'>αύτού</span> <span class='ocrx_word' id='word_1_269' title='bbox 552 3341 794 3417; x_wconf 80' lang='grc' dir='ltr'>ἀποστελλόμενος</span> <span class='ocrx_word' id='word_1_270' title='bbox 814 3337 965 3419; x_wconf 81' lang='grc' dir='ltr'>έξαρχοςῆ</span> <span class='ocrx_word' id='word_1_271' title='bbox 986 3342 1079 3420; x_wconf 85' lang='grc' dir='ltr'>ἕτερός</span> <span class='ocrx_word' id='word_1_272' title='bbox 1092 3361 1133 3411; x_wconf 88' lang='grc' dir='ltr'>τις</span> <span class='ocrx_word' id='word_1_273' title='bbox 1154 3339 1338 3402; x_wconf 75' lang='grc' dir='ltr'>εἰσελεύσεται</span> <span class='ocrx_word' id='word_1_274' title='bbox 1354 3343 1383 3402; x_wconf 91' lang='grc' dir='ltr'>ἐν</span> <span class='ocrx_word' id='word_1_275' title='bbox 1399 3345 1479 3426; x_wconf 75' lang='grc' dir='ltr'>αύτή,</span> <span class='ocrx_word' id='word_1_276' title='bbox 1496 3346 1559 3425; x_wconf 76' lang='grc' dir='ltr'>μόνη</span> 
     </span>
     <span class='ocr_line' id='line_1_26' title="bbox 270 3463 1557 3548; baseline -0.002 -22"><span class='ocrx_word' id='word_1_277' title='bbox 270 3467 301 3526; x_wconf 85' lang='grc' dir='ltr'>δὲ</span> <span class='ocrx_word' id='word_1_278' title='bbox 323 3473 356 3548; x_wconf 75' lang='grc' dir='ltr'>τῇ</span> <span class='ocrx_word' id='word_1_279' title='bbox 382 3471 564 3547; x_wconf 83' lang='grc' dir='ltr'>πατριαρχικῇ</span> <span class='ocrx_word' id='word_1_280' title='bbox 593 3464 788 3541; x_wconf 86' lang='grc' dir='ltr'>μεγαλειότητι</span> <span class='ocrx_word' id='word_1_281' title='bbox 815 3463 913 3521; x_wconf 87' lang='grc' dir='ltr'>έσεῖται</span> <span class='ocrx_word' id='word_1_282' title='bbox 941 3463 1119 3542; x_wconf 80' lang='grc' dir='ltr'>ὑποκειμένη,</span> <span class='ocrx_word' id='word_1_283' title='bbox 1142 3463 1189 3522; x_wconf 90' lang='grc' dir='ltr'>καὶ</span> <span class='ocrx_word' id='word_1_284' title='bbox 1210 3464 1286 3544; x_wconf 85' lang='grc' dir='ltr'>παρὰ</span> <span class='ocrx_word' id='word_1_285' title='bbox 1308 3465 1409 3541; x_wconf 77' lang='grc' dir='ltr'>ταύτης</span> <span class='ocrx_word' id='word_1_286' title='bbox 1432 3465 1557 3543; x_wconf 84' lang='grc' dir='ltr'>ἐπιγινω-</span> 
     </span>
     <span class='ocr_line' id='line_1_27' title="bbox 270 3583 1558 3668; baseline -0.002 -19"><span class='ocrx_word' id='word_1_287' title='bbox 270 3589 391 3664; x_wconf 88' lang='grc' dir='ltr'>σκομένη</span> <span class='ocrx_word' id='word_1_288' title='bbox 420 3587 457 3657; x_wconf 82' lang='grc' dir='ltr'>ὡς</span> <span class='ocrx_word' id='word_1_289' title='bbox 486 3583 533 3644; x_wconf 85' lang='grc' dir='ltr'>καί</span> <span class='ocrx_word' id='word_1_290' title='bbox 554 3587 572 3661; x_wconf 85' lang='grc' dir='ltr'><strong>ἡ</strong></span> <span class='ocrx_word' id='word_1_291' title='bbox 593 3587 766 3666; x_wconf 85' lang='grc' dir='ltr'>πρωτότυπος</span> <span class='ocrx_word' id='word_1_292' title='bbox 788 3590 837 3659; x_wconf 79' lang='grc' dir='ltr'>τής</span> <span class='ocrx_word' id='word_1_293' title='bbox 862 3583 973 3658; x_wconf 87' lang='grc' dir='ltr'>Παίτμου</span> <span class='ocrx_word' id='word_1_294' title='bbox 995 3587 1073 3658; x_wconf 80' lang='grc' dir='ltr'>μονή.</span> <span class='ocrx_word' id='word_1_295' title='bbox 1098 3583 1160 3643; x_wconf 80' lang='grc' dir='ltr'>ὅθεν</span> <span class='ocrx_word' id='word_1_296' title='bbox 1182 3583 1229 3643; x_wconf 86' lang='grc' dir='ltr'>καὶ</span> <span class='ocrx_word' id='word_1_297' title='bbox 1252 3584 1351 3665; x_wconf 82' lang='grc' dir='ltr'>ἀρτίως</span> <span class='ocrx_word' id='word_1_298' title='bbox 1373 3585 1426 3660; x_wconf 85' lang='grc' dir='ltr'>μὲν</span> <span class='ocrx_word' id='word_1_299' title='bbox 1449 3587 1465 3645; x_wconf 93' lang='lat'>6</span> <span class='ocrx_word' id='word_1_300' title='bbox 1487 3586 1558 3668; x_wconf 86' lang='grc' dir='ltr'>ἱερο-</span> 
     </span>
     <span class='ocr_line' id='line_1_28' title="bbox 270 3703 1558 3786; baseline -0.002 -18"><span class='ocrx_word' id='word_1_301' title='bbox 270 3711 391 3785; x_wconf 87' lang='grc' dir='ltr'>μόναχος</span> <span class='ocrx_word' id='word_1_302' title='bbox 414 3707 434 3765; x_wconf 94' lang='grc' dir='ltr'><strong>Γ</strong></span> <span class='ocrx_word' id='word_1_303' title='bbox 436 3707 553 3786; x_wconf 81' lang='grc' dir='ltr'>ερμανος</span> <span class='ocrx_word' id='word_1_304' title='bbox 575 3711 624 3782; x_wconf 77' lang='grc' dir='ltr'>της</span> <span class='ocrx_word' id='word_1_305' title='bbox 645 3711 691 3766; x_wconf 82' lang='grc' dir='ltr'>τοῦ</span> <span class='ocrx_word' id='word_1_306' title='bbox 713 3709 778 3766; x_wconf 83' lang='grc' dir='ltr'>ναοῦ</span> <span class='ocrx_word' id='word_1_307' title='bbox 799 3703 999 3786; x_wconf 86' lang='grc' dir='ltr'>περικαλλείας</span> <span class='ocrx_word' id='word_1_308' title='bbox 1024 3703 1070 3764; x_wconf 87' lang='grc' dir='ltr'>καὶ</span> <span class='ocrx_word' id='word_1_309' title='bbox 1092 3711 1141 3780; x_wconf 69' lang='grc' dir='ltr'>τῆς</span> <span class='ocrx_word' id='word_1_310' title='bbox 1164 3706 1347 3786; x_wconf 79' lang='grc' dir='ltr'>όρειλσμένης</span> <span class='ocrx_word' id='word_1_311' title='bbox 1369 3707 1442 3786; x_wconf 82' lang='grc' dir='ltr'>οωτῷ</span> <span class='ocrx_word' id='word_1_312' title='bbox 1465 3729 1558 3783; x_wconf 86' lang='grc' dir='ltr'>κοσμι-</span> 
     </span>
     <span class='ocr_line' id='line_1_29' title="bbox 269 3825 1559 3908; baseline -0.002 -20"><span class='ocrx_word' id='word_1_313' title='bbox 269 3833 364 3904; x_wconf 89' lang='grc' dir='ltr'>ότητος</span> <span class='ocrx_word' id='word_1_314' title='bbox 390 3827 519 3908; x_wconf 83' lang='grc' dir='ltr'>ηροντίσει</span> <span class='ocrx_word' id='word_1_315' title='bbox 541 3848 571 3888; x_wconf 91' lang='grc' dir='ltr'>τε</span> <span class='ocrx_word' id='word_1_316' title='bbox 593 3825 640 3887; x_wconf 89' lang='grc' dir='ltr'>καὶ</span> <span class='ocrx_word' id='word_1_317' title='bbox 666 3828 872 3904; x_wconf 82' lang='grc' dir='ltr'>ἐπιμελήσεται,</span> <span class='ocrx_word' id='word_1_318' title='bbox 902 3827 1039 3904; x_wconf 80' lang='grc' dir='ltr'>μοναχοὺς</span> <span class='ocrx_word' id='word_1_319' title='bbox 1062 3825 1151 3886; x_wconf 84' lang='grc' dir='ltr'>ἐκεῖσε</span> <span class='ocrx_word' id='word_1_320' title='bbox 1178 3825 1405 3908; x_wconf 82' lang='grc' dir='ltr'>ἐγκατατάξεται,</span> <span class='ocrx_word' id='word_1_321' title='bbox 1428 3830 1464 3888; x_wconf 86' lang='grc' dir='ltr'>τὰ</span> <span class='ocrx_word' id='word_1_322' title='bbox 1488 3830 1559 3889; x_wconf 84' lang='grc' dir='ltr'>ἀλλα</span> 
     </span>
     <span class='ocr_line' id='line_1_30' title="bbox 268 3946 1559 4031; baseline -0.002 -21"><span class='ocrx_word' id='word_1_323' title='bbox 268 3951 345 4025; x_wconf 89' lang='grc' dir='ltr'>θήσει</span> <span class='ocrx_word' id='word_1_324' title='bbox 368 3951 477 4027; x_wconf 85' lang='grc' dir='ltr'>καλῶς,</span> <span class='ocrx_word' id='word_1_325' title='bbox 501 3950 586 4009; x_wconf 81' lang='grc' dir='ltr'>ὁπόσοι</span> <span class='ocrx_word' id='word_1_326' title='bbox 607 3955 640 4031; x_wconf 70' lang='grc' dir='ltr'>τῇ</span> <span class='ocrx_word' id='word_1_327' title='bbox 668 3949 719 4023; x_wconf 84' lang='grc' dir='ltr'>μὲν</span> <span class='ocrx_word' id='word_1_328' title='bbox 740 3954 811 4030; x_wconf 79' lang='grc' dir='ltr'>μονῇ</span> <span class='ocrx_word' id='word_1_329' title='bbox 833 3949 881 4022; x_wconf 80' lang='grc' dir='ltr'>τήν</span> <span class='ocrx_word' id='word_1_330' title='bbox 905 3949 1028 4008; x_wconf 91' lang='grc' dir='ltr'>σύστασιν</span> <span class='ocrx_word' id='word_1_331' title='bbox 1050 3946 1097 4007; x_wconf 91' lang='grc' dir='ltr'>καὶ</span> <span class='ocrx_word' id='word_1_332' title='bbox 1121 3947 1275 4029; x_wconf 82' lang='grc' dir='ltr'>βελτίωσιν,</span> <span class='ocrx_word' id='word_1_333' title='bbox 1300 3947 1372 4029; x_wconf 84' lang='grc' dir='ltr'>αύτῷ</span> <span class='ocrx_word' id='word_1_334' title='bbox 1395 3950 1428 4010; x_wconf 90' lang='grc' dir='ltr'>δέ</span> <span class='ocrx_word' id='word_1_335' title='bbox 1451 3953 1498 4010; x_wconf 78' lang='grc' dir='ltr'>τόν</span> <span class='ocrx_word' id='word_1_336' title='bbox 1522 3947 1559 4010; x_wconf 86' lang='grc' dir='ltr'>ἐπι</span> 
     </span>
     <span class='ocr_line' id='line_1_31' title="bbox 268 4068 1559 4153; baseline 0.002 -23"><span class='ocrx_word' id='word_1_337' title='bbox 268 4071 371 4142; x_wconf 89' lang='grc' dir='ltr'>τούτοις</span> <span class='ocrx_word' id='word_1_338' title='bbox 396 4068 524 4153; x_wconf 81' lang='grc' dir='ltr'>παράσχῃ</span> <span class='ocrx_word' id='word_1_339' title='bbox 548 4072 651 4150; x_wconf 89' lang='grc' dir='ltr'>μισθόν,</span> <span class='ocrx_word' id='word_1_340' title='bbox 682 4069 707 4129; x_wconf 88' lang='grc' dir='ltr'>οί</span> <span class='ocrx_word' id='word_1_341' title='bbox 730 4069 762 4128; x_wconf 84' lang='grc' dir='ltr'>δὲ</span> <span class='ocrx_word' id='word_1_342' title='bbox 788 4069 859 4130; x_wconf 84' lang='grc' dir='ltr'>κατὰ</span> <span class='ocrx_word' id='word_1_343' title='bbox 885 4070 994 4150; x_wconf 85' lang='grc' dir='ltr'>καιρούς</span> <span class='ocrx_word' id='word_1_344' title='bbox 1017 4068 1134 4148; x_wconf 90' lang='grc' dir='ltr'>μσναχοὶ</span> <span class='ocrx_word' id='word_1_345' title='bbox 1160 4075 1209 4148; x_wconf 76' lang='grc' dir='ltr'>τῆς</span> <span class='ocrx_word' id='word_1_346' title='bbox 1236 4075 1282 4131; x_wconf 83' lang='grc' dir='ltr'>τοῦ</span> <span class='ocrx_word' id='word_1_347' title='bbox 1305 4071 1454 4152; x_wconf 87' lang='grc' dir='ltr'>Θεολόγου</span> <span class='ocrx_word' id='word_1_348' title='bbox 1478 4079 1559 4148; x_wconf 79' lang='grc' dir='ltr'>μονῆς</span> 
     </span>
     <span class='ocr_line' id='line_1_32' title="bbox 270 4187 1559 4271; baseline -0.002 -19"><span class='ocrx_word' id='word_1_349' title='bbox 270 4189 373 4266; x_wconf 78' lang='grc' dir='ltr'>ἕξουσιν</span> <span class='ocrx_word' id='word_1_350' title='bbox 401 4192 444 4252; x_wconf 80' lang='grc' dir='ltr'>ἐπ’</span> <span class='ocrx_word' id='word_1_351' title='bbox 467 4191 590 4271; x_wconf 81' lang='grc' dir='ltr'>ἀνάγκης</span> <span class='ocrx_word' id='word_1_352' title='bbox 617 4187 686 4266; x_wconf 83' lang='grc' dir='ltr'>μετὰ</span> <span class='ocrx_word' id='word_1_353' title='bbox 713 4193 761 4266; x_wconf 79' lang='grc' dir='ltr'>την</span> <span class='ocrx_word' id='word_1_354' title='bbox 784 4190 932 4265; x_wconf 82' lang='grc' dir='ltr'>ἀποβίωσιν</span> <span class='ocrx_word' id='word_1_355' title='bbox 958 4195 1004 4251; x_wconf 83' lang='grc' dir='ltr'>τού</span> <span class='ocrx_word' id='word_1_356' title='bbox 1028 4195 1072 4251; x_wconf 83' lang='grc' dir='ltr'>νῦν</span> <span class='ocrx_word' id='word_1_357' title='bbox 1095 4193 1302 4270; x_wconf 88' lang='grc' dir='ltr'>καθηγουμένου</span> <span class='ocrx_word' id='word_1_358' title='bbox 1325 4195 1413 4254; x_wconf 75' lang='grc' dir='ltr'>αὐτῶν</span> <span class='ocrx_word' id='word_1_359' title='bbox 1437 4193 1559 4268; x_wconf 67' lang='grc' dir='ltr'>βελτισόν</span> 
     </span>
     <span class='ocr_line' id='line_1_33' title="bbox 268 4311 1558 4402; baseline -0.001 -30"><span class='ocrx_word' id='word_1_360' title='bbox 268 4333 297 4372; x_wconf 88' lang='grc' dir='ltr'>τε</span> <span class='ocrx_word' id='word_1_361' title='bbox 323 4311 370 4372; x_wconf 86' lang='grc' dir='ltr'>καὶ</span> <span class='ocrx_word' id='word_1_362' title='bbox 396 4317 518 4374; x_wconf 87' lang='grc' dir='ltr'>συνιστάν</span> <span class='ocrx_word' id='word_1_363' title='bbox 539 4313 587 4386; x_wconf 77' lang='grc' dir='ltr'>τήν</span> <span class='ocrx_word' id='word_1_364' title='bbox 613 4313 748 4402; x_wconf 21' lang='grc' dir='ltr'>τοιαύτην,</span> <span class='ocrx_word' id='word_1_365' title='bbox 765 4313 851 4388; x_wconf 86' lang='grc' dir='ltr'>μονὴν</span> <span class='ocrx_word' id='word_1_366' title='bbox 877 4317 930 4372; x_wconf 88' lang='grc' dir='ltr'>τῶν</span> <span class='ocrx_word' id='word_1_367' title='bbox 953 4312 1100 4373; x_wconf 85' lang='grc' dir='ltr'>Σπονδῶν·</span> <span class='ocrx_word' id='word_1_368' title='bbox 1124 4313 1194 4373; x_wconf 85' lang='grc' dir='ltr'>ούτω</span> <span class='ocrx_word' id='word_1_369' title='bbox 1216 4314 1270 4394; x_wconf 85' lang='grc' dir='ltr'>γὰρ</span> <span class='ocrx_word' id='word_1_370' title='bbox 1297 4312 1345 4374; x_wconf 86' lang='grc' dir='ltr'>καί</span> <span class='ocrx_word' id='word_1_371' title='bbox 1367 4312 1409 4387; x_wconf 86' lang='grc' dir='ltr'>εἰς</span> <span class='ocrx_word' id='word_1_372' title='bbox 1431 4317 1558 4394; x_wconf 85' lang='grc' dir='ltr'>μετόχιον</span> 
     </span>
     <span class='ocr_line' id='line_1_34' title="bbox 269 4431 1559 4514; baseline -0.001 -21"><span class='ocrx_word' id='word_1_373' title='bbox 269 4433 444 4506; x_wconf 75' lang='grc' dir='ltr'>αἰωνιζόντως</span> <span class='ocrx_word' id='word_1_374' title='bbox 469 4435 567 4510; x_wconf 73' lang='grc' dir='ltr'>τόύτην</span> <span class='ocrx_word' id='word_1_375' title='bbox 594 4431 764 4514; x_wconf 83' lang='grc' dir='ltr'>καθέξουσιν,</span> <span class='ocrx_word' id='word_1_376' title='bbox 791 4432 927 4511; x_wconf 83' lang='grc' dir='ltr'>όφείλουσι</span> <span class='ocrx_word' id='word_1_377' title='bbox 954 4434 985 4494; x_wconf 81' lang='grc' dir='ltr'>δὲ</span> <span class='ocrx_word' id='word_1_378' title='bbox 1011 4433 1059 4493; x_wconf 88' lang='grc' dir='ltr'>καί</span> <span class='ocrx_word' id='word_1_379' title='bbox 1081 4433 1106 4494; x_wconf 88' lang='grc' dir='ltr'>σί</span> <span class='ocrx_word' id='word_1_380' title='bbox 1127 4441 1177 4510; x_wconf 86' lang='grc' dir='ltr'>τής</span> <span class='ocrx_word' id='word_1_381' title='bbox 1198 4437 1281 4510; x_wconf 88' lang='grc' dir='ltr'>νήσου</span> <span class='ocrx_word' id='word_1_382' title='bbox 1302 4443 1354 4512; x_wconf 80' lang='grc' dir='ltr'>τῆς</span> <span class='ocrx_word' id='word_1_383' title='bbox 1376 4437 1427 4497; x_wconf 84' lang='grc' dir='ltr'>Κῶ</span> <span class='ocrx_word' id='word_1_384' title='bbox 1459 4438 1559 4498; x_wconf 78' lang='grc' dir='ltr'>ἔποικοι</span> 
     </span>
     <span class='ocr_line' id='line_1_35' title="bbox 268 4553 1559 4642; baseline 0.003 -26"><span class='ocrx_word' id='word_1_385' title='bbox 268 4557 385 4630; x_wconf 80' lang='grc' dir='ltr'>ἅπαντες</span> <span class='ocrx_word' id='word_1_386' title='bbox 415 4553 461 4616; x_wconf 85' lang='grc' dir='ltr'>καὶ</span> <span class='ocrx_word' id='word_1_387' title='bbox 484 4557 499 4614; x_wconf 92' lang='lat'>6</span> <span class='ocrx_word' id='word_1_388' title='bbox 521 4559 565 4616; x_wconf 83' lang='grc' dir='ltr'>νῦν</span> <span class='ocrx_word' id='word_1_389' title='bbox 591 4555 625 4616; x_wconf 82' lang='grc' dir='ltr'>τὰ</span> <span class='ocrx_word' id='word_1_390' title='bbox 651 4553 768 4632; x_wconf 88' lang='grc' dir='ltr'>δημόσια</span> <span class='ocrx_word' id='word_1_391' title='bbox 795 4555 824 4614; x_wconf 88' lang='grc' dir='ltr'>ἐν</span> <span class='ocrx_word' id='word_1_392' title='bbox 850 4555 933 4638; x_wconf 78' lang='grc' dir='ltr'>ταύτῃ</span> <span class='ocrx_word' id='word_1_393' title='bbox 960 4553 1107 4638; x_wconf 84' lang='grc' dir='ltr'>διενεργῶν</span> <span class='ocrx_word' id='word_1_394' title='bbox 1133 4555 1181 4616; x_wconf 84' lang='grc' dir='ltr'>καὶ</span> <span class='ocrx_word' id='word_1_395' title='bbox 1206 4558 1232 4618; x_wconf 89' lang='grc' dir='ltr'>οί</span> <span class='ocrx_word' id='word_1_396' title='bbox 1254 4559 1316 4634; x_wconf 87' lang='grc' dir='ltr'>μετ’</span> <span class='ocrx_word' id='word_1_397' title='bbox 1339 4559 1419 4620; x_wconf 84' lang='grc' dir='ltr'>αύτδν</span> <span class='ocrx_word' id='word_1_398' title='bbox 1442 4560 1559 4642; x_wconf 86' lang='grc' dir='ltr'>ἐνεργή-</span> 
     </span>
     <span class='ocr_line' id='line_1_36' title="bbox 267 4676 1560 4760; baseline 0.001 -23"><span class='ocrx_word' id='word_1_399' title='bbox 267 4695 360 4750; x_wconf 91' lang='grc' dir='ltr'>σοντες</span> <span class='ocrx_word' id='word_1_400' title='bbox 385 4681 418 4760; x_wconf 79' lang='grc' dir='ltr'>τή</span> <span class='ocrx_word' id='word_1_401' title='bbox 447 4676 578 4758; x_wconf 77' lang='grc' dir='ltr'>ἐμφανείηι</span> <span class='ocrx_word' id='word_1_402' title='bbox 606 4681 652 4736; x_wconf 81' lang='grc' dir='ltr'>τοῦ</span> <span class='ocrx_word' id='word_1_403' title='bbox 681 4679 814 4756; x_wconf 85' lang='grc' dir='ltr'>παρόντος</span> <span class='ocrx_word' id='word_1_404' title='bbox 840 4676 1033 4752; x_wconf 84' lang='grc' dir='ltr'>ύπομνήματος</span> <span class='ocrx_word' id='word_1_405' title='bbox 1059 4683 1108 4754; x_wconf 82' lang='grc' dir='ltr'>τῆς</span> <span class='ocrx_word' id='word_1_406' title='bbox 1137 4681 1216 4754; x_wconf 83' lang='grc' dir='ltr'>ήμῶν</span> <span class='ocrx_word' id='word_1_407' title='bbox 1247 4683 1424 4760; x_wconf 87' lang='grc' dir='ltr'>μετριότητος</span> <span class='ocrx_word' id='word_1_408' title='bbox 1454 4682 1560 4758; x_wconf 88' lang='grc' dir='ltr'>μηδένα</span> 
     </span>
    </p>
   </div>
   <div class='ocr_carea' id='block_1_5' title="bbox 0 0 1584 5292">
    <p class='ocr_par' dir='ltr' id='par_1_5' title="bbox 0 0 1584 5292">
     <span class='ocr_line' id='line_1_37' title="bbox 0 0 1584 5292; baseline 0 3"><span class='ocrx_word' id='word_1_409' title='bbox 0 0 1584 5292; x_wconf 95' lang='lat' dir='ltr'> </span> 
     </span>
    </p>
   </div>
  </div>
 </body>
</html>
