3228 5294
236 331 279 395 62

236 528 313 584 τοῦτο
343 524 391 582 καὶ
421 525 481 583 κατ’
506 523 614 600 ἐκείνης
644 532 694 599 τῆς
722 526 818 602 χώρας
845 525 889 582 τὀν
920 522 976 581 ἴσον
1005 524 1120 602 όλεθρον
1150 523 1276 604 ἐπιρέρσν
1308 527 1366 594 τοῖς
1396 524 1544 583 ἐνοικοῦσιν
1603 537 1606 576 ι’

236 645 337 725 ἔπεισι,
360 643 407 704 καί
429 645 460 704 τό
483 649 536 703 τιῦν
559 645 702 723 ἡμετέρων
725 644 864 724 ἁμαρτιῶν
886 643 994 718 πλῆθος
1022 639 1174 714 ἐπαυξάνον
1201 644 1263 703 όσαι
1285 646 1391 724 ἡμέραι
1414 646 1468 718 τῆν
1493 651 1544 704 τῶν
1605 694 1606 711 ,

237 768 399 848 Ἀγαρηνιῦν
431 765 578 844 εὐημερίαν
606 765 668 824 οῦδὲ
691 765 740 839 τῆν
764 764 793 823 ἐν
815 765 900 842 τούτῳ
922 761 960 842 τῷ
983 763 1040 844 δρει
1063 765 1210 844 ρυγαδείαν
1231 767 1298 840 ἡμῖν
1322 765 1417 825 εἴασεν
1447 767 1544 824 ἀνενό-

236 889 371 967 χλητον·-
389 885 436 946 καί
464 887 519 966 γὰρ
551 884 613 946 οῦδὲ
641 885 777 966 τρυμαλιά
799 907 839 957 τις
867 885 979 944 διέλαθε
1007 886 1068 957 τοῦς
1096 886 1209 958 ἀθέους.
1241 888 1391 948 κάντεῦθεν
1419 889 1474 948 ὑπό
1502 893 1545 948 τοῦ

236 1011 357 1070 τοιοῦτον
388 1008 466 1080 δέονς
503 1005 728 1082 συνελαυνόμενοι
763 1007 890 1086 δευτέραν
925 1009 1135 1081 μετανάστευσιν
1165 1009 1336 1084 ἐποιήσαμεν
1366 1013 1544 1088 καταρρονῆ·

236 1153 343 1212 σαντες,
370 1131 405 1189 ἵν’
421 1130 506 1200 οῦτως
530 1127 608 1206 εἴπω,
631 1125 678 1187 καί
699 1134 879 1203 ποιμαντικῆς
905 1127 1083 1207 χειροτονίας,
1111 1131 1145 1202 ῆν
1173 1131 1224 1206 οῦχ
1253 1131 1365 1200 ἑκόντες
1394 1130 1471 1214 (πῶς
1494 1133 1544 1211 γόιρ

236 1255 270 1310 όν
293 1249 367 1312 αύτοί
390 1251 496 1311 τοιοῦδε
519 1249 647 1329 μεγίστου
669 1249 918 1324 κατετολμῆσαμεν
939 1250 1128 1328 πράγματοςς)
1157 1249 1236 1308 ἀλλά
1259 1250 1306 1310 καὶ
1328 1251 1392 1312 λίαν
1413 1253 1545 1323 ἀέκοντες

237 1371 428 1448 ἀνεδεξάμεθά
458 1393 489 1430 τε
512 1371 581 1447 ὁμοῦ
603 1367 650 1429 καί
678 1369 876 1444 ἐπωμιοάμεθα
897 1367 944 1427 καί
967 1369 1057 1446 ἔνοχοι
1080 1372 1228 1449 γεγονότες
1242 1371 1310 1444 ἴσως
1332 1377 1383 1448 τῆς
1408 1371 1456 1432 ἐπὶ
1479 1394 1543 1452 προ-

236 1495 332 1577 στασία
354 1495 447 1570 δίκης·
469 1495 500 1552 τδ
523 1491 577 1570 γάρ
601 1491 664 1570 δρός
685 1493 762 1550 τοῦτο
784 1493 830 1550 τοῦ
854 1490 961 1570 Λάτρου
983 1491 1048 1565 ἡμῖν
1077 1490 1247 1566 ἐνεπιστεύθη
1270 1493 1345 1573 παρὰ
1369 1499 1421 1570 τῆς
1445 1515 1544 1574 πατρι-

237 1622 356 1696 αρχικῆς
383 1616 594 1694 μακαριότητος,
622 1611 668 1673 καὶ
695 1613 744 1686 τὴν
770 1615 816 1672 τοῦ
838 1613 946 1692 πρώτου
968 1611 1067 1686 κλῆσιν
1091 1613 1212 1691 ἔσχομεν
1236 1615 1265 1679 ἐν
1290 1613 1373 1694 οάτῷ,
1397 1614 1448 1674 καὶ
1471 1613 1544 1692 τάχα

237 1739 294 1798 ἔδει
319 1738 395 1812 ἡμᾶς
424 1737 472 1795 καί
501 1736 586 1813 τούτῳ
618 1733 794 1793 ἐναποθανεῖν
823 1733 894 1792 κατὰ
923 1733 984 1804 τούς
1015 1731 1255 1814 ίσχυρογνώμονας
1284 1741 1335 1811 τῆς
1368 1737 1545 1813 δικαιοσύνης

236 1860 393 1938 λογισμούς.
421 1857 490 1916 ἀλλ’
510 1857 528 1930 ῆ
552 1853 704 1935 ἀνθρωπίνη
735 1855 860 1912 ἀσθένεια
886 1855 904 1927 ἡ
938 1854 1148 1936 ἐπιστρεφομένη
1172 1854 1217 1914 ἀεί
1240 1854 1279 1929 είς
1306 1859 1356 1932 τὴν
1383 1857 1545 1938 φιλανθρω-

234 1981 297 2040 πίαν
319 1983 366 2038 τοῦ
388 1979 479 2059 κυρίου
501 1975 548 2036 καί
571 1976 653 2057 ταύτῃ
682 1977 816 2055 θαρροῦσα
848 1975 1058 2054 ἐθαρσοπσίησεν
1089 1977 1173 2055 ῆμάς,
1197 1980 1235 2048 ὡς
1269 1977 1350 2038 οῦδὲν
1382 1979 1544 2055 ἀδικοῦμεν,

235 2102 281 2164 καί
304 2103 389 2162 πάλιν
412 2099 657 2178 μετανααιεύοντες
681 2097 725 2156 διά
747 2099 776 2156 τό
799 2097 940 2172 πολὺτῆς
963 2097 1093 2175 ἐπηρείας
1114 2105 1168 2158 τῶν
1191 2096 1346 2178 εἰρημένων
1371 2100 1493 2180 ἐχθρῶν.

340 2221 383 2300 ς’.
400 2221 448 2302 Τῷ
471 2241 512 2281 τοι
534 2219 581 2280 καὶ
606 2217 644 2290 είς
667 2219 826 2299 Στρόβηλον
848 2215 945 2297 ἦλθον,
967 2219 1047 2278 πόλιν
1069 2220 1307 2300 παραθαλασσίαν,
1331 2221 1382 2296 τῆν
1404 2229 1463 2282 τῶν
1479 2224 1545 2302 βαρ·

236 2348 328 2428 βάρων
344 2343 444 2405 ὡσανεὶ
462 2341 597 2402 ἐκκλίνων
613 2341 755 2418 ἀπῆνειαν,
773 2339 846 2416 ἔχων
863 2340 1044 2417 ἐρεπτμένους
1068 2361 1114 2414 μοι
1136 2339 1182 2400 καί
1206 2341 1293 2414 ἐνίους
1315 2348 1370 2402 τῶν
1395 2343 1544 2423 ἀδελριῦν,

235 2461 277 2540 οίς
299 2468 330 2528 τδ
353 2459 415 2542 μεθ’
431 2467 512 2540 ἡμῶν
535 2459 680 2534 ξενιτεύειν
703 2460 825 2520 εῦκταῖον
851 2459 942 2519 ἐδόκει
963 2459 1010 2520 καί
1031 2461 1157 2534 ἐπιεικῶς
1177 2464 1353 2538 καταθύμιόν.
1379 2465 1458 2540 πλὴν
1476 2467 1544 2526 ἀλλ’

235 2589 309 2650 σύπω
333 2589 479 2663 είιδόκησεν
501 2587 519 2659 ἡ
543 2585 604 2644 θεία
633 2581 714 2662 χάρις
740 2585 815 2658 ἡμᾶς
842 2582 971 2658 ἀνεθῆναι
996 2581 1043 2642 καὶ
1067 2583 1227 2659 ἀναπαύλης
1250 2586 1437 2663 μεταλαχεῖν.
1470 2588 1544 2647 ταῦτ’

237 2715 290 2791 ἀρα
317 2707 364 2770 καί
385 2707 449 2768 οῦδὲ
474 2707 588 2766 ἐνταῦθα
614 2712 707 2775 ποσῶς
728 2704 907 2783 ῆρεμῆσαμεν
930 2701 968 2782 τῷ
992 2703 1063 2783 αύτῷ
1086 2703 1162 2784 ρόβῳ
1183 2704 1426 2785 πολιορκούμενοι.
1454 2709 1546 2769 ἐκεῖσε

237 2833 262 2892 δ’
278 2831 324 2892 οὖν
347 2829 467 2907 ἐντυχὼν
489 2829 555 2902 ῆμῖν
587 2826 655 2905 ἀνὴρ
683 2825 806 2900 εθλαβῆς
832 2805 879 2884 καὶ
909 2823 979 2884 κατὰ
1007 2825 1038 2884 τό
1060 2827 1142 2902 γένος
1163 2825 1364 2906 περίβλεπτος·
1395 2827 1546 2911 (ἰθαγενής

235 2973 265 3012 τε
287 2947 342 3033 γὰρ
364 2947 399 3028 ῆν
422 2947 545 3010 καὶτῶν
569 2946 598 3008 εὖ
621 2951 775 3027 γεγονότων
798 2945 845 3007 καί
866 2948 999 3007 πάντοθεν
1022 2945 1222 3034 ἀπεβλέπετο),
1247 2950 1380 3028 θεοφιλὴς
1403 2953 1452 3012 τδν
1476 2957 1543 3034 τρό-

233 3095 295 3154 πον,
313 3071 435 3146 ἐπιεικὴς
450 3071 498 3144 τὴν
513 3070 637 3148 γνώμην,
654 3069 753 3144 σεμνδς
775 3070 805 3128 τό
829 3063 912 3144 εἶδος,
935 3069 965 3128 τό
987 3064 1055 3146 ῆθος
1076 3071 1201 3148 κόσμιος,
1225 3073 1351 3150 μοναχδς
1373 3075 1406 3132 τό
1430 3082 1542 3152 σχῆμα,

235 3196 284 3270 τὴν
307 3194 407 3269 κλῆσιν
430 3191 581 3271 Ἀρσένιος,
604 3189 652 3264 τῆν
680 3188 834 3265 ἐπωνυμίαν
865 3189 1038 3269 Σκηνοῦριος,
1069 3191 1136 3262 όλος
1168 3191 1294 3270 ἐγεγόνει
1316 3197 1367 3270 τῆς
1392 3196 1546 3274 θεραπείας

234 3323 284 3392 τῆς
306 3315 455 3392 ἡμετέρας,
479 3313 510 3384 δς
532 3314 630 3386 ῆκιστα
653 3312 703 3386 μὲν
731 3309 777 3371 καὶ
803 3310 864 3390 πρὶν
890 3313 955 3386 ῆμῖν
983 3313 1132 3390 ἐτύγχανεν
1162 3313 1359 3394 ἀγνοούμενος,
1390 3321 1547 3392 τηνικαῦτα

236 3438 261 3498 δ’
278 3434 324 3496 ἐπὶ
347 3435 459 3511 μᾶλλον
481 3433 520 3512 τῷ
543 3433 664 3514 σπαρτίῳ
686 3441 736 3509 τῆς
757 3434 825 3512 πρός
847 3435 921 3508 ἡμᾶς
944 3432 1055 3511 ἀγάπης
1080 3441 1272 3509 πνευματικῶς
1294 3436 1469 3499 συνεδέδετο.
1494 3439 1544 3500 καί

233 3557 330 3640 πρῶτα
373 3555 426 3632 μὲν
455 3557 485 3614 τό
514 3554 585 3614 κατίι
615 3555 664 3630 τῆν
699 3552 858 3634 Στρόβηλον
882 3553 991 3641 ,προσόν
1023 3553 1094 3633 αύτῷ
1125 3559 1304 3636 μονασιῆριον
1346 3557 1460 3637 ἀνετίθη
1486 3582 1542 3637 μοι.

234 3682 273 3752 ὡς
302 3679 327 3739 δ’
348 3679 399 3756 ούχ
430 3670 487 3749 οἷός
512 3697 543 3736 τε
569 3673 603 3753 ῆν
631 3673 721 3736 ἐκεῖοέ
748 3696 784 3750 με
815 3679 977 3755 κατασχεῖν,
1005 3678 1213 3755 προσωχθικότα
1244 3677 1375 3752 καθάπαξ
1407 3685 1467 3753 τοῖς
1493 3689 1547 3758 τῆς

235 3797 309 3882 ἑῴας
342 3800 435 3869 τόποις
468 3798 512 3858 διὰ
545 3798 594 3871 τάς
624 3799 748 3875 συνεχεῖς
780 3798 813 3857 ἐκ
846 3800 893 3857 τοῦ
923 3796 1001 3867 δέους
1030 3803 1084 3856 τῶν
1116 3797 1263 3879 βαρβάρων
1291 3805 1545 3877 μεταναοτεύσεις·

234 3919 374 4008 (καὶγὰρ
397 3920 590 3981 θσονούδέπω
612 3917 664 3979 κάν
686 3925 719 4001 τῆ
744 3917 895 3998 Στροβῆλῳ
917 3919 935 3991 ἡ
958 3923 1011 3976 τῶν
1039 3919 1151 3998 Περσῶν
1181 3920 1326 3994 ἐπέλευσις
1354 3925 1546 4002 προσδόκιμος

238 4039 410 4127 ἐνομίζετο),
433 4041 574 4118 ἀντιβολεῖ
594 4043 662 4121 πρός
684 4040 732 4115 τῆν
754 4045 838 4112 νῆσον
861 4039 911 4098 Κῶ
935 4037 1164 4118 διαπεραιωθῆναι
1186 4041 1232 4101 καὶ
1251 4043 1285 4102 τά
1303 4043 1331 4103 ἐν
1347 4046 1433 4129 ταύτῃ
1457 4048 1546 4128 τούτῳ

234 4163 377 4245 γονικόθεν
399 4163 580 4244 περιελθόντα
601 4164 728 4240 κτήματα
751 4161 903 4240 διαθρῆσαι,
931 4158 977 4219 καί
1005 4161 1057 4234 ότι-η
1086 4161 1187 4221 τούτων
1215 4162 1368 4242 βουλοίμην
1397 4173 1490 4246 μσνῆν
1513 4191 1545 4230 τε

235 4287 375 4366 ἀνεγεῖραι
397 4283 549 4366 καὶταύτῃ
572 4289 660 4344 πᾶσαν
682 4284 732 4358 τῆν
756 4281 860 4342 ἐκείνου
885 4287 976 4357 κτῆσιν
1000 4281 1155 4362 ἀφιερῶσαι.
1178 4283 1308 4361 πείθομαι
1330 4287 1371 4366 τῷ
1394 4289 1476 4372 ἀνδρὶ
1496 4291 1546 4353 καὶ

234 4406 335 4490 τῇΚῷ
350 4410 459 4485 ταχέως
475 4408 610 4486 ἐπιροιτιῦ,
633 4403 781 4486 περινοστιῖι
804 4403 852 4474 τάς
874 4405 985 4476 κτῆσεις
1006 4407 1052 4462 τοῦ
1074 4404 1248 4486 Σκηνουρίου,
1273 4407 1437 4488 ἐντυγχάνω
1461 4415 1545 4494 ’κόρῳ

236 4529 357 4608 μεγίστῳ
380 4528 428 4589 καί
451 4525 581 4607 ἀοικήτῳ,
604 4527 724 4608 χαρίεντι
748 4527 778 4586 δέ
803 4525 901 4596 άλλως
923 4525 957 4583 τά
971 4525 1038 4604 πρός
1059 4521 1127 4604 ἀέρα
1150 4527 1196 4586 καί
1220 4529 1323 4610 εάύδρῳ
1346 4531 1394 4592 καί
1419 4535 1547 4617 εἰυκρσιεῖ,

234 4649 357 4735 (Πηλίον
383 4653 441 4722 τοῖς
466 4653 610 4726 νησιώταις
639 4650 669 4707 τό
700 4649 761 4728 όρος
788 4649 865 4705 τοῦτο
896 4644 1132 4730 κατωνσμοίζετο),
1155 4649 1171 4706 δ
1192 4649 1239 4708 καὶ
1269 4653 1308 4723 ὡς
1338 4648 1414 4713 εἶδον
1444 4659 1548 4738 κύκλῳ
