3186 5286
245 332 309 398 366

245 525 371 606 όροθέσια
399 525 495 604 αύτῶν,
522 527 555 582 άν
578 523 617 600 μὴ
642 523 670 584 έν
693 524 768 603 φόβην
790 523 854 583 θεοῦ
880 521 927 582 καί
950 521 1182 602 ἀριλοπροσάιπως
1206 523 1412 600 μαρτυρήσωσιν
1436 520 1531 600 έμτρο-

245 648 307 706 σθεν
333 652 382 723 της
409 645 550 726 θεοριλίας
572 667 628 726 σου,
656 645 733 706 ἀλλὰ
759 646 975 723 παροικούσωσιν,
1003 643 1027 703 οί
1050 647 1171 716 τοιοῦτοι,
1201 645 1288 703 όποῑοι
1316 645 1349 702 δν
1371 637 1445 716 ὦσιν,
1473 640 1532 715 όμοῡ

245 769 431 850 κατηραμένοι
458 765 552 846 εἴησαν
579 765 627 826 καὶ
650 767 839 848 ἀουγχώρητοι
863 765 909 826 καί
932 767 1002 842 μετὰ
1025 767 1139 826 θάνατον
1163 766 1267 844 ἀλυτοι,
1291 763 1319 824 αί
1340 765 1436 842 πέτραι
1458 761 1500 821 καί
1520 762 1532 819 ό

246 890 356 970 σίδηρος
377 889 532 970 λυθείησαν,
557 888 631 950 αδτοί
646 888 677 950 δὲ
697 887 844 966 μηδαμῶς.
868 891 1105 969 κληρονομήσειαν
1127 887 1175 963 την
1198 887 1305 968 λέπραν
1327 891 1373 946 τοῦ
1393 885 1471 958 Γιεζῆ
1492 880 1531 941 καί

245 1011 293 1086 τὴν
324 1011 445 1090 ἀγχόνην
475 1015 521 1072 τοῦ
544 1011 645 1090 Ἰούδα,
679 1013 818 1084 στένοντες
848 1009 941 1088 εἴησαν
970 1008 1016 1069 καί
1046 1011 1192 1090 τρέμοντες
1223 1005 1265 1069 ἐπὶ
1293 1013 1342 1082 τῆς
1363 1012 1431 1084 γῆς,
1465 1005 1532 1076 ὡςό

246 1127 327 1216 Καίν,
351 1131 398 1192 καί
419 1133 559 1214 προκοπὴν
582 1135 688 1210 μήποτε
710 1131 795 1194 ίδοιεν
819 1132 848 1192 ἐν
876 1123 916 1203 οἷς
944 1131 1113 1212 ἐργάζονται,
1141 1127 1188 1190 καί
1209 1131 1227 1204 ἡ
1251 1129 1320 1208 όργθ,
1344 1132 1391 1188 τοῦ
1414 1128 1474 1187 θεοῦ
1495 1124 1531 1198 εἴη

247 1254 291 1314 ἐπί
316 1255 366 1326 τάς
392 1253 517 1334 κεφαλὰς
545 1255 631 1314 αύτῶν
657 1254 705 1314 καί
727 1255 745 1329 ἡ
769 1252 847 1334 μερὶς
870 1253 956 1314 αύτῶν
984 1253 1054 1328 μετὰ
1075 1256 1121 1314 τοῦ
1143 1251 1276 1333 προδότου
1299 1250 1392 1310 Ἰούδα
1419 1247 1531 1308 καὶτῶν

246 1378 393 1453 θεομάχων
416 1374 555 1436 Ἰουδαίων
577 1381 630 1436 τῶν
653 1379 863 1456 σταυρωσοίντων
886 1377 931 1436 τδν
953 1377 1042 1456 κύριον
1064 1381 1115 1450 τῆς
1138 1371 1231 1453 δόξης,
1256 1373 1347 1450 ἔχοιεν
1371 1371 1404 1430 δὲ
1425 1366 1532 1440 καὶτὰς

247 1498 316 1576 ἀρὰς
334 1501 441 1558 πάντων
456 1503 509 1559 τῶν
525 1498 571 1559 ἀπ’
588 1496 685 1569 αἰῶνος
708 1499 793 1576 ἁγίων
815 1505 865 1576 τῆς
889 1495 1039 1574 ἐκκλησίας
1059 1498 1194 1578 πατέρων,
1216 1499 1361 1576 προρανῶς
1376 1493 1402 1553 δ’
1420 1492 1532 1568 ἐλεγχό-

247 1641 324 1696 μενοι
347 1619 372 1680 σί
394 1623 627 1701 κατακρατοῦντες
649 1619 682 1680 τά
706 1619 910 1701 μοναστηριακόι
931 1621 1079 1700 πράγματα
1107 1619 1146 1690 ὡς
1164 1616 1302 1698 ριλάδικοι
1324 1613 1371 1676 καὶ
1393 1614 1529 1692 διεστραμ·

248 1744 324 1818 μένοι
348 1741 481 1822 ἱερόσυλοι
504 1741 644 1821 ὑπάρχωσι
666 1740 714 1802 καί
738 1739 791 1814 ἔξω
814 1747 863 1818 τῆς
885 1745 931 1802 τοῦ
951 1743 1064 1821 Χριστοῦ
1089 1738 1240 1815 ἐκκλησίας
1261 1735 1309 1797 καί
1331 1741 1380 1812 τῆς
1402 1741 1455 1795 τῶν
1475 1755 1531 1812 χρι-

248 1860 361 1924 στιανῶν
384 1869 601 1944 ουναναστροηής
624 1861 671 1924 καὶ
694 1863 864 1944 όμηγύρεως,
892 1861 938 1924 καί
965 1861 1063 1939 μηδεὶς
1089 1861 1260 1942 ἑκκλησιάση
1283 1858 1377 1929 αύτούς
1400 1859 1419 1932 ἡ
1442 1855 1531 1935 ἁγιάσῃ

246 1989 264 2060 δ,
288 1987 405 2069 θυμιάσῃ
426 1988 445 2060 ἦ
473 1983 619 2065 ἀντίδωρον
651 1985 741 2057 αύτοῑς
771 1983 811 2063 δῷ
837 1988 855 2058 ἢ
878 1987 1005 2065 συμφάγῃ
1028 1986 1046 2058 ἢ
1069 1982 1171 2066 συμπίῃ
1193 1984 1211 2057 ἢ
1235 1979 1311 2051 ὅλως
1337 1981 1530 2057 συναναστραηῄ

246 2106 439 2189 ῆχαιρετίσῃ,
468 2108 521 2177 ἕως
545 2099 575 2166 ού
597 2080 753 2183 ποιήσωσιν,
782 2107 820 2178 ὡς
842 2107 991 2186 γράφομεν.
1023 2101 1138 2188 ,αψπδζ
1168 2102 1201 2162 ὲν
1229 2099 1307 2178 μηνὶ
1334 2094 1436 2179 μαίῳ,
1459 2097 1530 2157 ίνδι-

247 2235 388 2301 κτιιῖινος
410 2227 446 2302 β’.
470 2227 491 2306 †

248 2350 326 2430 †‘0
351 2349 486 2428 Ἐρέσου
509 2346 679 2422 Σαμουηλ.
704 2348 724 2423 γ·-
921 2347 1000 2426 †‘0
1024 2347 1154 2426 Σερρῶν
1178 2346 1359 2414 Ματθαῑος.
1383 2345 1406 2422 †

248 2473 269 2551 †
292 2471 327 2530 Ὀ
352 2469 559 2550 Ἡρακλείας
582 2467 760 2538 Μεθόδιος.
785 2469 806 2547 †
921 2469 942 2548 †
966 2467 1001 2526 ‘0
1024 2469 1161 2546 Δράμας
1184 2466 1373 2546 Γρηγόριος.
1396 2465 1417 2538 †

146 2585 149 2592 '
248 2592 327 2672 ³¹⁸0
351 2589 494 2661 Κυζίκου
517 2591 685 2668 Ἀγάπιος.
710 2591 731 2667 †
922 2590 943 2669 †
966 2589 1000 2648 ‘0
1025 2587 1206 2665 Ἀγχιάλου
1226 2585 1394 2662 Ἰωακείμ.
1418 2587 1438 2664 †

249 2702 329 2792 †‘0
364 2710 597 2788 Νικομηδείας
631 2707 819 2790 Γεράσιμος.
849 2711 869 2789 †
922 2709 1002 2788 †‘0
1026 2707 1198 2768 Ναυπλίου
1223 2707 1446 2780 Μελέτισς.ῃ

249 2835 328 2914 †‘0
368 2833 590 2908 Χαλκηδόνος
629 2832 868 2914 Ιίαρθένιος.ἠ
922 2821 1001 2910 †‘0
1025 2829 1400 2910 Λέρνης’1γνάτιος.η

248 2956 269 3034 †
292 2955 327 3014 ‘0
350 2956 488 3034 Δόρκων
512 2953 674 3026 Ἀνανίας.
698 2956 718 3034 †

180 3074 184 3080 ’
353 3082 497 3152 Ατσίισίμρ.
520 3083 607 3138 chart.
633 3082 709 3137 δίον.
727 3081 769 3136 II.
792 3099 841 3136 ιιι-ο
859 3081 908 3136 86.

477 3437 594 3503 CLIX.
620 3435 843 3520 7295-1786,
866 3458 977 3502 mense
999 3433 1177 3518 novembri,
1199 3433 1265 3499 ind.
1282 3433 1321 3499 V.

252 3585 419 3640 Ραίτίατσύα
435 3585 585 3654 Procopius
604 3585 628 3638 I.
645 3583 778 3653 componit
792 3585 1000 3638 controversiam
1019 3585 1089 3636 inter
1107 3582 1214 3636 heredes
1233 3581 1357 3634 σσσίσσίαο
1377 3579 1406 3634 S.
1424 3576 1531 3646 (ἴσοτμίί,

251 3709 319 3760 quae
335 3691 408 3744 άίσία
426 3695 465 3743 σοι
480 3688 576 3757 Poma,
600 3687 774 3757 declaratque
796 3705 855 3742 eam
877 3687 939 3742 ιἰιτίο
961 3689 996 3742 ab
1019 3705 1047 3740 eo
1071 3693 1186 3756 tempore
1208 3703 1264 3740 συσσ
1281 3683 1492 3754 patriarchalem
1512 3685 1532 3730 τί

626 3792 794 3848 coniunctam
815 3791 976 3846 monasterio
1000 3788 1028 3846 S.
1048 3791 1166 3846 Ιοααιιιό.

354 3979 601 4058 ῃΠρσκόπιος,
634 3975 721 4055 ἐλέῳ
752 3975 828 4035 θεοῦ
857 3975 1120 4055 άρχιεπίσκοπος
1141 3971 1532 4038 Κωνσταντινουπόλεως,

251 4099 340 4172 Νέας
363 4099 507 4177 Ῥώμης,
530 4097 586 4159 καί
609 4095 843 4172 οίκουμενικδς
865 4098 1084 4176 πατριάρχης.
1109 4095 1129 4174 †

356 4291 377 4370 †
401 4289 494 4368 Εύχῆς
517 4289 568 4364 μὲν
590 4289 670 4370 ἔργον
693 4285 750 4348 ἐστὶ
772 4285 818 4347 καί
841 4286 954 4368 ἀγαθόν,
978 4285 1054 4365 ε’ίτῳ
1070 4283 1194 4360 μηδεμία
1216 4283 1325 4360 συσταίη
1348 4285 1415 4362 προς
1438 4283 1534 4360 ἑτέρους

253 4411 375 4492 διαφορά.
409 4414 486 4472 τοῦτο
516 4411 548 4472 δὲ
578 4411 609 4471 ού
638 4411 721 4486 μόνον
752 4409 896 4488 δυσχερές,
933 4404 1010 4468 ἀλλὰ
1039 4405 1085 4468 καί
1115 4405 1254 4484 ἀδύνατον,
1286 4405 1321 4465 δι’
1345 4405 1412 4466 δλου
1435 4403 1490 4479 βίον
1512 4400 1534 4457 ἐν

252 4535 386 4606 τοσούτοις
418 4535 559 4614 πράγμασι
589 4532 657 4610 πρός
687 4529 795 4606 μηδένα
828 4530 903 4600 όλως
936 4528 1154 4609 προσκρούσαντα
1187 4527 1370 4604 διενεχθῆναι.
1411 4522 1467 4586 ἐπεὶ
1495 4517 1535 4581 σύν

254 4661 329 4716 τοῦτο
364 4653 504 4726 ἀδύνατον,
542 4655 655 4732 θάτερον
689 4651 802 4712 ἑλέσθαι
836 4650 892 4728 δεῖ,
927 4651 993 4728 ὅπερ
1029 4649 1147 4720 ἐπιεικὲς
1178 4647 1224 4708 καί
1259 4647 1398 4716 ἐπαινετόν
1431 4647 1459 4706 ἐν
1486 4645 1535 4710 τοῖς
