3186 5286
251 352 314 418 398

250 567 304 626 per
317 549 346 606 la
369 550 456 625 quale
478 547 717 606 continuamente
739 563 867 623 pregano
889 565 906 602 e
928 563 1090 622 pregarono
1112 543 1134 601 li
1157 542 1227 600 frati
1250 541 1299 598 del
1322 539 1385 598 dito
1400 541 1545 596 monaste-

249 653 295 712 rio
311 653 360 712 dio
376 652 587 728 omnipotente,
609 652 638 709 lo
654 651 740 728 quale
756 650 941 710 confirmeV.
954 651 991 710 R.
1008 650 1038 709 S.
1054 650 1086 708 in
1102 650 1189 723 longo
1205 665 1222 706 e
1236 647 1324 704 felice
1339 649 1425 702 stato.
1438 647 1544 700 Amen.

257 816 262 824 ,
355 760 392 816 Α.
415 757 448 815 Τ.
474 801 481 814 .
506 801 513 814 .
539 801 546 814 .
569 754 737 832 Hospital
758 755 792 814 le
814 753 960 813 maistre
983 755 1024 813 de
1048 797 1185 814 .....
1210 749 1446 810 Hierusalem.

354 861 554 920 Commettons
582 879 600 918 a
630 865 730 918 nostre
760 859 910 918 seneschal
936 863 967 918 et
993 879 1010 916 a
1035 863 1134 918 nostre
1158 901 1165 915 .
1191 901 1198 916 .
1223 901 1231 915 .
1254 873 1338 926 usur,
1365 872 1424 932 que
1446 871 1497 910 aur
1519 850 1545 907 le

250 972 378 1026 contenu
393 985 424 1024 se
439 965 601 1023 informent
615 970 646 1022 et
661 983 733 1023 nous
752 965 893 1022 referent.
917 965 1041 1022 Donne
1056 983 1096 1021 an
1113 967 1233 1020 nostre
1247 957 1362 1036 palais
1377 959 1410 1016 le
1425 950 1488 1014 x1⁰
1504 956 1545 1012 de

250 1091 327 1150 may
349 1074 441 1130 1510.
786 1129 790 1138 ,

475 1219 482 1234 .
506 1221 513 1235 .
540 1219 547 1233 .
570 1174 763 1251 hospitalis
785 1176 868 1233 Rana
890 1175 928 1233 D.
952 1173 1241 1233 M.1herusslem
1263 1174 1299 1228 et
1320 1159 1543 1247 consilin1m].

353 1279 493 1338 llandavi
517 1280 665 1356 capellano
688 1285 719 1338 et
741 1279 889 1339 iudicibus
911 1298 929 1337 a
951 1279 1035 1338 XXm
1058 1279 1096 1336 fr.
1120 1275 1298 1346 ordinariis,
1329 1279 1364 1332 ut
1386 1291 1475 1350 super
1498 1291 1544 1328 su·

250 1384 411 1462 praecripta
425 1383 572 1442 iustitiam
587 1383 706 1442 iaciant.
730 1385 858 1442 Datum
882 1384 918 1442 in
942 1382 1124 1442 audienti·
1144 1381 1202 1439 die
1222 1379 1324 1438 XVII.
1346 1377 1431 1436 maii
1451 1379 1543 1435 1510.

354 1488 436 1546 Alia
458 1507 576 1546 manu:
600 1489 658 1546 Pro
681 1488 823 1564 calogeris
846 1489 973 1548 Patmos.

353 1605 459 1658 Archet.
480 1605 563 1656 chart.
583 1605 676 1671 Bryot.
696 1621 744 1656 nro
763 1605 806 1669 28,
824 1621 849 1671 p.
872 1606 929 1656 162.

434 1857 493 1924 XI.
519 1856 745 1943 7022-1513,
767 1856 819 1923 24.
843 1857 962 1924 mensis
985 1855 1176 1944 septembris
1199 1853 1274 1944 [ind.
1298 1853 1354 1944 111.

250 1999 325 2066 Papa
341 2000 397 2050 Leo
416 1999 448 2050 X.
468 1999 592 2050 concedit
609 1998 804 2066 indulgentiam
823 1998 997 2049 ducentorum
1017 2013 1147 2048 annorum
1165 1995 1264 2048 Christi
1277 1995 1410 2057 fidelibus,
1429 1995 1477 2060 qui
1490 2009 1541 2043 mo-

250 2089 366 2138 nasterio
379 2103 396 2136 a
407 2086 503 2136 Turcis
516 2093 612 2138 vexato
625 2086 810 2152 eleemosynas
822 2085 933 2152 dabunt,
951 2092 982 2136 ut
994 2087 1096 2152 possint
1113 2084 1238 2136 momohi
1252 2086 1401 2134 instaurare
1413 2080 1541 2142 aedificis,

364 2173 479 2225 liberere
497 2175 619 2241 captivos
637 2180 665 2224 et
682 2173 835 2240 persolvere
853 2173 981 2224 tributum
1001 2175 1027 2222 ei
1045 2173 1197 2239 impositum
1217 2173 1251 2222 ab
1269 2169 1430 2221 infidelibus.

351 2317 412 2375 Leo
434 2317 595 2393 episeopus,
620 2335 722 2376 servus
745 2335 896 2377 servorum
919 2316 990 2387 Dei,
1014 2316 1162 2374 universis
1184 2315 1295 2373 Christi
1317 2314 1457 2372 fidelibus
1480 2333 1541 2390 pre·

249 2427 346 2480 sentes
368 2421 484 2480 litteras
505 2421 683 2497 inspecturis
705 2421 831 2479 salutem
853 2427 884 2479 et
905 2421 1094 2497 apostolicam
1116 2419 1363 2479 benedictionem.
1388 2419 1434 2476 De
1449 2419 1542 2476 salute

250 2527 347 2601 gregis
370 2525 513 2584 dominici
539 2543 608 2584 oure
630 2531 729 2583 nostre
752 2525 868 2584 meritis
883 2525 954 2584 lieet
968 2523 1217 2584 insufficientibus
1232 2524 1336 2584 divina
1350 2521 1542 2600 dispositione
1582 2543 1583 2566 ι

249 2630 397 2688 commissi
424 2629 547 2688 solicitis
569 2629 675 2689 studiis
697 2631 857 2708 seduleque
880 2631 1082 2701 meditatione,
1105 2635 1193 2706 prout
1213 2635 1313 2688 nostro
1335 2628 1474 2706 pastorali
1496 2627 1542 2684 in·

249 2733 362 2793 cumbit
384 2733 492 2807 officio,
516 2733 679 2809 cogitantes
700 2733 804 2792 fideles
827 2733 957 2810 singulos
980 2735 1077 2810 gregis
1100 2735 1233 2792 eiusdem
1255 2735 1292 2791 ad
1315 2733 1367 2811 pia
1388 2731 1542 2791 meritoria

249 2858 338 2917 opera
360 2840 526 2897 exercenda
547 2857 617 2913 erga
639 2839 778 2914 religiosa
798 2840 863 2898 loca
883 2839 1040 2917 presertim
1060 2839 1091 2897 in
1111 2837 1315 2898 transmarinis
1330 2843 1361 2896 et
1376 2835 1542 2895 infidelium

247 2943 380 3021 partibus
402 2943 586 3002 contermina
608 2962 642 3002 ac
663 2963 717 3020 per
738 2943 874 3002 infideles
896 2944 974 3020 ipsos
1000 2948 1110 3004 vexata
1137 2949 1168 3002 et
1195 2944 1329 3021 disrupta
1358 2941 1541 3018 providaque

247 3048 433 3126 reparatione
448 3048 624 3124 indigentia,
648 3068 685 3106 ue
708 3068 725 3107 a
746 3048 883 3108 fidelibus
903 3049 1022 3108 omuino
1044 3051 1225 3120 deserantur,
1249 3049 1301 3106 sed
1324 3045 1462 3104 infideles
1484 3045 1539 3121 ipsi

246 3173 300 3231 per
321 3153 526 3228 religiosarum
548 3172 737 3231 personarum
764 3154 896 3211 locorum
922 3154 1093 3212 eorumdem
1119 3155 1319 3229 exemplarem
1341 3151 1438 3212 vitam
1460 3167 1539 3208 sanc·

247 3264 350 3336 tosque
372 3276 469 3316 mores
490 3258 648 3336 aliquando
672 3259 732 3316 suis
754 3259 916 3334 recognitis
939 3257 1088 3317 erroribus
1109 3277 1213 3318 veram
1235 3257 1278 3316 sui
1303 3257 1446 3316 creatoris
1461 3255 1539 3316 viam

246 3381 366 3421 eernere
388 3366 420 3420 et
443 3363 526 3440 sequi
548 3363 667 3421 valeant
687 3381 874 3441 summusque
894 3363 990 3422 cultus
1005 3363 1115 3442 ubique
1134 3368 1326 3424 conservetur
1341 3367 1372 3421 et
1386 3367 1537 3437 augeatur,

246 3465 422 3544 quibusdam
454 3465 658 3542 spiritualibus
687 3466 851 3525 minoribus
882 3467 1076 3543 indulgentiis
1106 3473 1137 3526 at
1165 3466 1386 3526 remissionibus
1412 3465 1539 3524 libenter

246 3569 413 3641 incitamus,
437 3577 472 3628 ut
486 3570 596 3629 exinde
617 3571 720 3630 salutis
743 3577 845 3630 eterne
868 3572 1036 3630 desiderata
1057 3573 1171 3649 premia
1193 3571 1310 3632 facilius
1332 3571 1451 3632 valeant
1473 3587 1537 3645 pro·

245 3675 364 3734 mereri.
387 3675 460 3733 Cum
476 3675 584 3752 itaque,
609 3675 687 3734 sicut
704 3677 879 3752 accepimus,
904 3677 1115 3736 monasterium
1131 3677 1234 3736 Sancti
1250 3676 1391 3736 lobannis
1414 3672 1538 3752 apostoli

246 3785 277 3838 et
299 3779 481 3854 evangeliste
503 3779 599 3838 insule
619 3781 748 3854 Pathmi,
772 3781 885 3838 ordinis
907 3781 1009 3840 Sancti
1032 3781 1153 3854 Baxilii,
1178 3781 1325 3841 Cretensis
1348 3778 1483 3849 diocesis,
1509 3777 1537 3834 in

245 3904 303 3963 qua
324 3883 421 3943 insula
443 3885 524 3942 idem
546 3883 670 3942 Sanctus
693 3886 840 3943 Iohannes
862 3885 1005 3960 religatus
1028 3885 1162 3946 divinam
1188 3885 1360 3962 conscripsit
1391 3883 1536 3962 apocalip-

245 3989 310 4060 sim,
334 3989 365 4048 iu
393 3989 453 4047 suis
476 3988 632 4046 structuris
654 3994 685 4047 et
707 3988 856 4048 hedificiis
877 3995 938 4048 tam
958 3992 994 4049 ob
1014 3991 1135 4050 edaoem
1154 3996 1333 4050 vetustatem
1355 4009 1444 4067 quam
1468 3983 1535 4066 [fre-

244 4089 377 4172 quentes]
400 4092 580 4169 perfidorum
596 4093 788 4164 Turohorum,
813 4093 925 4152 Christi
948 4095 1077 4154 nominis
1100 4094 1240 4166 hostium,
1265 4093 1449 4154 incursiones
1471 4111 1535 4169 pre·

245 4199 297 4255 das
317 4203 348 4256 et
367 4195 585 4256 devastationes
605 4215 711 4272 magua
730 4198 916 4274 reparatione
931 4203 963 4258 et
978 4199 1009 4258 in
1023 4200 1205 4276 paramentis
1220 4211 1251 4258 et
1266 4199 1332 4258 aliis
1346 4200 1384 4256 ad
1400 4197 1534 4258 divinum

244 4303 357 4360 cultum
378 4301 551 4360 necessariis
572 4301 738 4360 munimine
761 4303 896 4377 indigeat
918 4309 949 4362 et
971 4323 1024 4381 pro
1047 4323 1092 4376 eo,
1116 4305 1194 4382 quod
1217 4309 1283 4382 post
1301 4309 1400 4380 captas
1416 4308 1447 4361 st
1461 4321 1535 4379 pene

245 4407 408 4466 destructos
430 4408 465 4465 ab
488 4406 560 4484 ipsis
575 4407 700 4466 Tarchia
715 4408 836 4466 llodoni
856 4413 887 4467 et
907 4409 1014 4467 Coroni
1036 4409 1184 4480 civitates,
1207 4409 1239 4467 in
1262 4409 1368 4487 quibus
1391 4407 1448 4485 ipsi
1472 4415 1534 4465 tan·

244 4516 308 4570 tum
331 4531 369 4570 ex
391 4511 578 4573 eleemosinis
599 4511 738 4587 colligere
754 4517 975 4584 consueverant,
999 4519 1032 4572 ut
1051 4513 1139 4573 faoile
1158 4513 1304 4572 tributum
1323 4513 1433 4588 viginti
1453 4512 1534 4591 quin·

245 4635 302 4693 que
331 4615 458 4674 millium
480 4634 632 4691 asprorum
658 4615 835 4692 quingentos
858 4617 978 4676 ducatos
1003 4618 1068 4678 auri
1098 4621 1148 4680 vel
1181 4619 1259 4678 oiroa
1291 4617 1534 4678 constituentium

245 4719 370 4776 'Iurabis
398 4720 610 4793 persolverent.
644 4719 729 4800 Idem
756 4721 901 4780 tributum
927 4723 1103 4799 iampridem
1126 4725 1243 4784 dilectis
1265 4723 1335 4782 filiis
1357 4723 1457 4782 abbati
1479 4717 1533 4800 [et]
