3160 5292
263 343 326 410 264

262 515 328 618 πρός
354 540 401 598 τόν
427 539 608 618 πατριάρχην,
635 537 669 596 δι’
692 530 723 596 οῦ
751 531 939 622 διευ[θόνηται]
966 536 1000 597 τά
1022 533 1083 596 κατ’
1107 535 1189 610 αῖιτὴν
1215 532 1262 594 καὶ
1287 535 1354 615 πρδς
1379 534 1410 592 τό
1431 536 1545 611 χρηστό-

262 681 340 740 τερον
367 660 544 735 ἀπευθόνηται
572 657 617 718 καί
644 659 692 733 τὴν
714 663 761 718 τοῦ
782 659 936 735 ἡγουμένου
964 658 1085 736 ἐκλογὴν
1112 659 1152 736 ὑφ’
1175 657 1250 716 όλων
1271 661 1326 716 τιῦν
1348 656 1477 734 ἀδελφῶν
1499 661 1545 714 τών

263 783 352 842 ἐκεῖσε
374 783 524 858 γινομένων
551 780 600 855 ιὴν
623 777 752 858 εὐλογίαν
774 778 822 839 καὶ
844 779 1002 859 ἐπικθρωσιν
1031 779 1063 838 ἐκ
1084 785 1134 854 τῆς
1154 783 1353 857 πατριαρχικὴς
1374 780 1469 857 χειρός
1492 779 1546 837 δέον

265 904 387 964 ἐντεῦθεν
414 893 577 982 λαμβάνειν,
606 895 686 981 οόπερ
713 901 764 962 κάν
791 903 850 974 ταῖς
878 901 963 972 θείαις
985 901 1109 972 τελεταῖς
1135 901 1165 960 τό
1189 901 1275 974 όνομα
1296 895 1409 983 ᾅδεσθαι
1433 900 1547 980 ἀρχῆθεν

262 1026 420 1106 τιτόπωται,
443 1025 527 1096 οθτως
549 1025 631 1100 ἡμεῖς
650 1022 785 1102 οόμρωνοί
809 1023 890 1099 ἐσμεν
912 1023 972 1096 ὑμῖν
996 1021 1120 1095 καὶτοῖς
1142 1023 1208 1104 ὑπὲρ
1230 1029 1279 1098 τῆς
1302 1029 1389 1099 μονῆς
1411 1025 1548 1101 γράμμασι

263 1150 319 1218 τοῖς
338 1167 368 1207 τε
390 1151 483 1227 πρώην
511 1145 558 1206 καὶ
582 1147 727 1221 μετέπειτα
754 1143 801 1206 καὶ
822 1147 878 1216 τοῖς
899 1145 1058 1226 ἡμετέροις,
1085 1143 1132 1204 καὶ
1154 1145 1231 1222 ὑμεῖς
1253 1145 1337 1217 σῦτως
1360 1143 1434 1220 εἴητε
1455 1143 1503 1204 καὶ
1524 1147 1548 1204 ἐν

264 1267 402 1344 ἀλλήλοις
424 1269 559 1348 σόμρωνοι
586 1265 632 1328 καὶ
655 1265 694 1346 τῷ
717 1268 874 1346 συμφέροντι
896 1271 946 1340 τῆς
969 1273 1053 1342 μονῆς
1079 1265 1126 1326 καὶ
1147 1267 1223 1344 ἡμῖν,
1246 1267 1290 1326 ἵνα
1312 1265 1358 1326 καὶ
1379 1268 1397 1341 ἡ
1421 1271 1468 1326 τοῦ
1490 1267 1547 1326 θεοῦ

263 1393 344 1470 χάρις
366 1389 413 1450 καὶ
435 1393 464 1450 τό
488 1389 570 1462 ἐλεος
591 1388 637 1450 καὶ
660 1391 678 1463 ἡ
702 1388 795 1470 εἰρήνη
817 1387 863 1448 καὶ
886 1391 904 1464 ἡ
928 1389 1041 1467 εθλογία
1065 1388 1108 1463 εἴη
1131 1389 1201 1464 μετὰ
1223 1391 1329 1448 πάντων
1349 1388 1435 1464 θμών.
1461 1391 1481 1468 †

368 1513 389 1590 †
412 1509 499 1588 Μηνὶ
523 1510 745 1591 σεπτεμβρίῳ,
770 1509 977 1582 ίνδικτιώνος
999 1508 1035 1572 α’.
1059 1512 1080 1591 †

368 1641 473 1696 Δτσθσί.
497 1641 582 1696 σίναπυ.
606 1641 683 1696 Ιιῖον.
700 1641 741 1695 ΙΙ.
766 1658 815 1694 nro
832 1643 881 1694 34.
910 1639 1018 1694 Tabala
1040 1640 1224 1696 videturesse
1246 1641 1314 1694 anai
1329 1641 1413 1695 1512
1436 1638 1548 1709 (7021).

473 1999 625 2065 CXVIII.
650 1997 899 2087 [7069-15611,
922 2022 1032 2066 mense
1055 2001 1179 2084 martio,
1202 1998 1267 2064 ind.
1290 1999 1348 2064 IV.

266 2149 433 2203 Patriarcka
461 2148 581 2218 Ιοιωαρθ
605 2149 645 2202 II.
680 2148 777 2202 iterum
811 2146 951 2216 confimat
980 2149 1130 2202 libertatem
1163 2148 1320 2202 monasterii
1349 2147 1553 2216 σοηάαιιιιαιηιιε

336 2254 519 2322 Theodosium,
544 2253 697 2322 episcopam
713 2252 811 2322 Rhodi,
836 2254 885 2323 qai
900 2252 993 2321 salsas
1012 2252 1130 2322 ρισῦυίίί
1152 2253 1257 2307 litteras
1274 2251 1489 2322 patriarchales.

369 2454 568 2534 ἡῚωοὶσαρ,
612 2454 699 2534 ἐλέῳ
736 2455 819 2513 θεοῦ
857 2452 1123 2532 ἀρχιεπίσκοπος
1157 2453 1554 2528 Κωνσταντινουπόλεως,

266 2578 356 2647 Νέας
380 2577 523 2654 Ῥώμης,
546 2573 601 2635 καὶ
625 2573 858 2650 οἰκουμενιιιδς
879 2577 1098 2656 πατριάρχης.
1123 2577 1143 2655 †

370 2733 390 2812 ἡ
414 2732 563 2792 Ὀοιώτατε
597 2732 789 2810 καθηγούμενε
822 2735 870 2808 τῆς
903 2730 1053 2806 σεβασμίας
1086 2729 1163 2804 θείας
1196 2737 1283 2808 μονῆς
1315 2735 1362 2792 τοῦ
1396 2731 1476 2808 ἁγίου
1508 2752 1554 2804 μου

267 2850 378 2925 ἐνδόξου
404 2853 555 2912 ἀποστόλου
584 2852 631 2912 καὶ
662 2851 856 2930 εῦαγγελιστοῦ
885 2849 1013 2912 Ἰωάννου
1042 2857 1088 2912 τοῦ
1118 2851 1262 2942 Θεολόγου
1291 2858 1340 2928 τῆς
1368 2853 1397 2912 ἐν
1423 2859 1457 2934 τῇ
1485 2855 1553 2928 νὴσῳ

267 2975 371 3054 Πάτμῳ
398 2973 445 3034 καὶ
467 2973 492 3034 οί
516 2974 545 3033 ἐν
568 2975 633 3056 αῦτῄ
657 2975 841 3052 εὑρισκόμενοι
868 2973 1074 3048 θεοσεβέστατοι
1100 2973 1193 3054 ἱερεῖς,
1219 2977 1398 3054 χρησιώτατοι
1427 2975 1554 3054 ἄρχοντες

265 3095 312 3155 καί
338 3098 353 3156 ό
375 3096 471 3167 λοιπός
494 3097 565 3168 ἀπας
586 3100 632 3156 τοῦ
654 3095 745 3176 κυρίου
767 3097 951 3175 χριστώνυμος
974 3096 1058 3174 λαός,
1085 3097 1168 3156 τέκνα
1196 3096 1225 3155 ἐν
1247 3093 1330 3176 κυρίῳ
1353 3091 1485 3175 ἀγαπητὰ
1510 3102 1572 3174 τῆς

264 3219 343 3294 ἡμῶν
371 3219 557 3296 μετριότητος,
584 3220 666 3295 χάρις
693 3215 735 3291 εἴη
757 3218 823 3292 ἡμῖν
850 3215 897 3276 καὶ
924 3215 1016 3297 εἰρὴνη
1045 3215 1091 3276 καὶ
1115 3218 1196 3290 ἔλεος
1223 3215 1310 3294 καὶὴ
1333 3217 1449 3297 εῦλογία
1472 3216 1518 3277 καὶ
1538 3199 1572 3290 ἡ

265 3341 435 3418 συγχώρησις
458 3339 510 3398 ἀπό
533 3340 595 3398 θεοῦ
617 3340 834 3417 παντοκράτορος
856 3336 902 3396 καὶ
923 3336 1014 3418 κυρίου
1035 3334 1134 3424 [ἡμῶν]
1152 3339 1241 3415 Ἰησοῦ
1256 3339 1380 3418 Χριστοῦ.
1404 3341 1422 3414 ἡ
1447 3342 1552 3418 μετριό-

264 3481 313 3534 της
334 3461 414 3534 ἡμῶν
440 3460 489 3531 τὰς
516 3461 579 3538 παρ’
603 3461 676 3533 θμιῦν
699 3454 755 3520 ώδε
777 3459 945 3538 πεμφθείσας
968 3459 1105 3536 δεξαμένη
1128 3461 1236 3540 γραράς
1261 3458 1308 3520 καί
1330 3461 1429 3532 ταύτας
1453 3463 1551 3522 λεπτο-

266 3585 358 3658 μερώς
392 3576 580 3657 διεξελθοῦσα,
615 3582 644 3640 οῦ
679 3587 783 3662 μικρῶς
812 3581 909 3656 ἡνιάθη
945 3579 988 3640 ἐπὶ
1020 3588 1053 3663 τῇ
1083 3583 1241 3664 κομισθείοῃ
1276 3583 1365 3643 αθτόθι
1399 3583 1551 3660 ἐπιπλάστῳ

265 3707 449 3781 πατριαρχικῇ
477 3701 560 3776 δῆθεν
582 3708 671 3784 γραρῇ
695 3703 744 3762 όπό
766 3707 812 3762 τοῦ
836 3701 1019 3779 ἀποιχομένου
1043 3703 1137 3764 ἀθλίου
1159 3707 1253 3784 πρώην
1275 3703 1372 3764 Ῥόδου
1395 3703 1549 3780 Θεοδοσίου,

266 3820 398 3905 διεξιοόση
425 3823 471 3882 καὶ
500 3823 679 3905 εθερηετοόση
707 3825 781 3902 ἔχειν
810 3824 913 3884 ἐκεῖνον
942 3823 989 3898 τὴν
1016 3829 1098 3900 νὴσον
1124 3826 1222 3900 ταῦτ-ην
1249 3823 1405 3907 έξαρχικώς
1425 3827 1476 3886 καὶ
1498 3829 1549 3886 ἐπ.-

265 3951 408 4026 τροπικώς,
431 3945 465 4004 τά
488 3944 701 4020 ἐκκλησιαστικόι
723 3942 843 4014 σινοίζειν
867 3944 1033 4020 εἰσοδὴματα
1055 3945 1102 4006 καὶ
1126 3945 1297 4022 δικαιώματα
1312 3945 1359 4008 καὶ
1374 3947 1408 4006 τθι
1422 3948 1549 4029 ἀρχιερα-

264 4069 326 4128 τικά
349 4067 484 4146 ἐκτελεῖν,
507 4067 567 4142 ἤτοι
590 4066 730 4139 διακόνους
752 4065 798 4126 καὶ
822 4065 904 4146 ἱερεῖς
926 4070 1089 4148 χειροτονεῖν
1113 4066 1159 4128 καὶ
1181 4065 1274 4128 τᾶλλα
1296 4066 1432 4148 πράττειν,
1457 4071 1549 4148 όπερὴ

266 4191 409 4269 μετριότης
430 4191 520 4268 ἡμῶν,
547 4189 581 4263 νὴ
607 4189 652 4248 τὀν
674 4191 863 4262 παντεπόπιην
886 4189 958 4269 θεόν,
987 4189 1015 4247 τό
1041 4193 1158 4250 τοιοῦτον
1184 4192 1362 4264 πεποιηκέναι
1389 4193 1420 4252 οῦ
1447 4193 1550 4268 μέμνη-

265 4333 318 4390 ται,
346 4311 413 4371 ἀλλ’
442 4309 505 4370 οῦδὲ
532 4307 572 4382 εἰς
599 4314 659 4369 νοῦν
686 4309 863 4384 ὁπωσδήποτε
892 4311 940 4384 τήν
972 4311 1084 4370 ἀτοπίαν
1111 4312 1207 4387 ταύτην
1236 4311 1380 4393 ἐμβαλεῖν,
1411 4314 1478 4374 ἔνθα
1504 4319 1550 4370 τῶν

267 4431 395 4507 ἀοιδίμων
422 4429 468 4491 καί
496 4428 646 4511 όρθοδόξων
675 4432 812 4506 βασιλέων
839 4431 1034 4510 χρυσόβουλλα
1060 4431 1107 4490 καὶ
1133 4434 1316 4513 πατριαρχικά
1343 4433 1469 4511 σιγιλλια
1493 4433 1548 4494 εἰσὶν

268 4554 454 4631 εὑρισκόμενα,
481 4551 528 4611 καὶ
554 4552 769 4630 παντελείιθερον
796 4551 842 4612 καί
870 4553 1077 4628 ἀκαταπάτητον
1103 4551 1177 4634 παρὰ
1202 4557 1303 4626 παντός
1326 4555 1548 4635 οῖρχιερατικοῦίΙ

267 4675 365 4734 λαῖκοῦ
393 4676 536 4752 προσώπου
565 4675 647 4750 τυχόν
681 4673 728 4732 καί
762 4674 961 4753 ἀνεπηρέαστον
994 4675 1142 4754 διορίζοντα
1174 4675 1218 4736 καί
1248 4677 1455 4755 ἀποροινόμενα
1487 4675 1547 4738 εἶναι
