3186 5286
259 328 323 394 396

259 528 435 587 christianos
451 529 573 587 devotos
589 527 828 605 circumvenisse,
841 545 973 584 asserens
994 547 1024 585 se
1047 547 1110 584 esso
1132 547 1236 586 verum
1261 547 1412 586 monacum
1434 531 1466 586 et
1485 547 1544 604 pro·

258 627 434 712 cura[torem
448 651 501 708 pro
517 628 704 711 elemosynis]
719 631 912 709 postulandis,
937 633 1015 709 quod
1036 651 1141 690 verum
1163 651 1222 690 non
1243 637 1297 703 est,
1321 637 1356 690 ut
1374 633 1480 692 multas
1501 652 1544 708 po·

258 737 412 796 ceniarum
427 737 607 814 quantitates
622 736 725 794 salutis
739 741 843 796 eterne
858 736 1014 794 immemor
1034 735 1211 794 extraxerit.
1233 735 1348 794 Idcirco
1371 737 1546 796 declaramus

258 841 304 898 illi
328 883 561 902 ........
585 860 618 898 ac
634 841 782 918 pecunias,
805 859 876 918 quas
899 840 931 898 in
953 846 1051 899 nostro
1074 841 1193 899 nomine
1214 839 1349 916 exegisse
1371 841 1544 918 apparuerit,

258 945 305 1004 his
327 945 435 1003 nostris
457 945 615 1004 antedictis
637 945 767 1004 monacis
790 947 853 1004 sine
876 945 1075 1003 diminutione
1097 945 1306 1004 restituendas.
1331 945 1378 1002 Ad
1393 941 1544 1023 quo[rum]

259 1050 427 1120 veritatem,
456 1050 546 1108 fidem
573 1055 604 1109 ct
626 1053 716 1109 robur
736 1052 790 1108 has
812 1055 926 1110 nostras
949 1055 1083 1126 patentes
1105 1049 1230 1108 fecimus
1253 1051 1348 1124 grecis
1370 1050 1480 1108 litteris
1502 1071 1545 1126 pa·

259 1156 334 1214 riter
356 1161 387 1212 et
413 1155 514 1212 latinis
542 1160 573 1212 et
599 1155 697 1229 sigillo
728 1154 866 1230 imaginis
892 1155 1070 1214 sanctissimi
1096 1155 1287 1230 Evangeliste
1313 1154 1344 1212 in
1372 1173 1440 1214 cera
1465 1156 1547 1212 rubra

259 1259 443 1336 sigilavimus
465 1265 497 1317 et
518 1261 571 1318 sub
587 1260 699 1336 scriptu
723 1303 859 1318 .....
883 1259 977 1334 grecis
998 1259 1108 1318 litteris
1132 1307 1138 1320 .
1165 1304 1171 1317 .
1197 1305 1204 1318 .
1229 1303 1236 1318 .

362 1361 468 1412 Archet
481 1361 510 1410 in
529 1360 639 1411 membr.
657 1361 752 1425 Bsyet,
770 1376 818 1412 nro
835 1361 877 1411 26.
897 1377 923 1426 p.
941 1361 1085 1412 iel-lca.
1104 1377 1129 1412 v.
1148 1358 1231 1412 Pidce
1249 1361 1315 1425 orig.
1333 1375 1379 1410 sur
1397 1359 1545 1426 parchemin

259 1448 521 1500 malheureusemeut
539 1444 670 1514 tronqude
693 1445 710 1498 'a
730 1447 758 1498 la
780 1447 816 1498 tin
839 1452 868 1498 et
890 1444 993 1514 coepte
1011 1463 1045 1498 au
1064 1447 1166 1512 milies,
1189 1447 1223 1498 dc
1240 1453 1311 1498 sorte
1328 1462 1382 1513 que
1400 1445 1427 1496 le
1445 1451 1546 1496 testea

259 1537 365 1604 disparu
383 1552 450 1602 pour
468 1535 496 1585 la
513 1535 575 1600 plus
592 1534 693 1602 grande
711 1537 804 1602 partie,
823 1553 848 1601 p.
868 1537 925 1586 142.

494 1753 586 1818 VIII.
612 1751 837 1836 tolo-1507,
860 1751 911 1816 22.
937 1754 1055 1818 mensis
1078 1754 1165 1835 iunii,
1188 1752 1252 1818 ind.
1275 1753 1318 1818 X.

259 1879 397 1930 Emericus
415 1877 448 1928 de
466 1877 602 1939 Ambosia,
621 1877 748 1942 magister
765 1875 900 1942 generalis
917 1874 1065 1942 Hospitalis
1081 1874 1173 1926 Sancti
1190 1876 1298 1926 Ioannis
1314 1875 1546 1941 hierosolymitani,

259 1963 379 2032 pontifici
402 1979 521 2026 romano,
544 1963 614 2014 Iulio
632 1963 666 2025 11,
691 1968 718 2014 et
738 1961 902 2029 principibus
920 1961 1067 2013 occidentis
1085 1963 1254 2014 commendat
1272 1963 1417 2013 monachos
1438 1962 1546 2012 Athana·

259 2055 327 2104 sium
346 2057 374 2102 et
391 2050 568 2114 Theodotum,
594 2051 641 2116 qui
657 2043 938 2114 occidentem'petunt
956 2047 1096 2100 collecturi
1114 2049 1299 2116 eleemosynas
1323 2065 1370 2116 pro
1390 2050 1545 2100 monasterio

774 2153 792 2188 a
809 2139 904 2188 Trrrcts
923 2143 1029 2188 vexato.

363 2292 555 2352 sanctissimo
585 2290 873 2370 clementissimoque
904 2291 1023 2363 domino
1047 2295 1155 2363 nosue,
1187 2291 1305 2350 domino
1328 2292 1417 2362 Iulio,
1450 2291 1547 2350 divina

260 2397 450 2475 providentia
476 2399 555 2474 Pape
585 2398 721 2467 seeundo,
753 2401 818 2472 post
844 2397 954 2473 pedum
980 2397 1078 2454 oscula
1100 2398 1262 2468 beatorum,
1293 2415 1327 2454 ac
1357 2395 1547 2454 serenissimis

260 2501 388 2560 dominis
419 2501 546 2577 regibus,
585 2500 794 2560 illustrissimis
824 2499 1008 2578 principibus
1037 2505 1067 2558 et
1098 2499 1225 2558 dominis
1255 2506 1315 2560 tam
1346 2499 1547 2559 ecclesiasticis

261 2625 349 2684 quam
371 2606 550 2664 secularibus
572 2625 626 2682 per
646 2606 820 2665 universum
835 2605 1030 2664 christianum
1045 2607 1145 2664 orbem
1160 2604 1329 2664 constitutis
1344 2609 1410 2682 post
1424 2609 1546 2662 nostram

260 2711 458 2770 humillimam
480 2709 767 2770 commendationem
785 2729 939 2788 prosperos
957 2711 995 2768 ad
1010 2715 1080 2768 vota
1095 2727 1243 2768 successus
1259 2713 1402 2786 optumus.
1426 2709 1548 2766 Noverit

259 2817 406 2876 Sanctitas
420 2821 520 2878 vestra
530 2837 564 2876 ac
577 2817 725 2876 Serenitas
740 2817 972 2894 uniuscuiusque
988 2819 1129 2886 vestrum,
1146 2816 1183 2874 ad
1199 2835 1271 2893 quos
1287 2820 1386 2874 nostre
1401 2820 1548 2890 presentes
1577 2795 1578 2808 ¹

260 2921 347 2980 litere
364 2922 564 2999 pervenerint,
589 2922 719 3000 qualiter
734 2921 918 2980 exhibitores
940 2922 1133 2998 presentium,
1156 2919 1338 2978 Athanasius
1359 2939 1394 2978 ec
1417 2919 1546 2978 Theodu-
1577 2967 1578 2978 .

261 3027 316 3098 lus,
345 3025 495 3101 calogberi
524 3026 590 3088 sive
619 3026 755 3086 monachi
784 3026 864 3100 greci
894 3031 963 3084 sunt
990 3045 1028 3084 ex
1051 3024 1229 3082 monasterio
1251 3031 1282 3082 et
1304 3023 1430 3084 ccclesia
1452 3021 1545 3080 Sancti
1577 3099 1578 3110 ἵ

259 3130 380 3188 Ioannis
407 3129 616 3205 Evangelistae
639 3130 733 3188 insule
756 3129 874 3188 Pathmi
902 3133 934 3188 et
963 3133 1166 3206 procuratores
1188 3127 1290 3205 ipsius,
1321 3127 1373 3205 qui
1394 3129 1431 3186 ad
1456 3131 1547 3204 partes
1577 3111 1578 3168 i

260 3235 396 3294 occiduas
418 3236 562 3294 accedunt
583 3235 833 3294 helemosinarum
855 3233 1086 3310 colligendarum
1116 3233 1220 3308 gratia,
1252 3239 1286 3290 nt
1308 3252 1348 3292 ex
1370 3232 1419 3290 his
1442 3231 1545 3309 possint
1577 3275 1578 3300 ,

259 3339 439 3416 reparationi
471 3343 619 3398 structure
648 3338 772 3398 ecclesie
801 3339 960 3410 antedicto,
991 3338 1023 3396 in
1046 3357 1104 3416 qua
1126 3339 1258 3414 prefatus
1281 3338 1406 3396 Sanctus
1429 3337 1546 3394 Ioannes

259 3445 447 3519 evangelium
469 3449 500 3502 et
529 3443 718 3520 apocalipsim
742 3436 891 3525 [scripsit],
927 3444 1073 3520 supplere.
1108 3443 1202 3500 Locus
1229 3443 1371 3518 profecto,
1400 3443 1438 3500 ad
1466 3460 1545 3518 quom

260 3548 346 3606 multi
368 3548 523 3608 christiani
543 3547 711 3608 devotionis
733 3567 819 3606 causa
840 3549 993 3618 accedunt,
1017 3565 1083 3606 cum
1106 3547 1198 3604 ctiam
1221 3545 1367 3616 monachi,
1392 3545 1443 3622 qui
1459 3545 1488 3602 in
1504 3563 1546 3602 eo·

260 3653 328 3712 dem
350 3657 479 3724 versant,
505 3651 565 3711 sint
586 3653 650 3712 vite
671 3654 797 3711 honeste
819 3656 850 3710 et
872 3650 1104 3711 conversationis
1126 3650 1284 3710 laudabilis
1306 3654 1338 3708 et
1360 3669 1429 3708 cum
1450 3651 1485 3708 ab
1508 3649 1546 3705 iu·

259 3756 443 3816 cursionibss
465 3756 627 3816 'lurcorum
649 3775 842 3833 sepenumero
869 3761 1027 3826 vexentur,
1051 3754 1164 3813 redacti
1190 3755 1317 3812 suntad
1341 3754 1482 3831 inopiam,
1504 3752 1546 3810 cui

260 3861 285 3918 si
307 3860 441 3922 fidelium
468 3861 628 3920 oblationes
655 3881 714 3918 non
737 3860 938 3930 subvenerint,
962 3859 1026 3917 sine
1049 3859 1138 3918 dubio
1162 3860 1199 3916 de
1222 3859 1301 3917 dicto
1323 3857 1500 3918 monasterio
1522 3863 1546 3914 et

260 3965 383 4026 ecclesia
404 3971 503 4025 ectum
525 3985 668 4024 essenon
691 3965 870 4024 dubitamus.
910 3963 1095 4040 Quapropter
1124 3964 1278 4022 hortamur
1305 3981 1545 4041 unumquemque.

259 4075 293 4128 ut
315 4089 346 4127 se
373 4070 453 4128 dicte
481 4069 605 4129 ecclesie
627 4074 658 4126 et
679 4069 803 4144 prefatis
825 4069 1063 4144 procuratoribus
1091 4067 1187 4127 velint
1214 4067 1341 4143 benigno
1371 4069 1494 4144 prebere
1523 4073 1546 4121 ot

259 4194 361 4232 manus
383 4174 543 4232 adiutrices
566 4173 726 4249 porrigere,
753 4175 830 4250 quod
853 4173 912 4232 erit
939 4173 983 4232 eis
1012 4172 1209 4232 meritorium.
1244 4173 1282 4230 In
1306 4173 1392 4232 cuius
1413 4173 1458 4230 rei
1473 4169 1547 4228 testi·

260 4279 392 4336 monium
418 4279 498 4336 bulla
523 4283 623 4336 nostra
649 4278 827 4353 magistralis
855 4278 886 4336 in
914 4298 982 4336 cera
1008 4277 1093 4353 nigm
1120 4277 1306 4353 presentibus
1334 4281 1381 4334 est
1403 4276 1546 4352 impressa.

260 4383 387 4442 Datum
410 4383 527 4440 Rhodi
558 4382 616 4442 die
649 4381 827 4457 vigesima
856 4382 943 4440 maii
973 4401 1062 4440 anno
1093 4373 1318 4462 mille[simo]
1347 4381 1546 4458 quingente

261 4487 348 4544 simo
371 4487 533 4562 septimo.

364 4591 572 4668 Registrata
594 4591 629 4646 in
653 4589 882 4648 cancellaria.

790 4695 908 4753 Barth.
932 4694 1148 4764 Policianus‚
1172 4693 1510 4752 vicecancellarius.
