3162 5278
1274 323 1336 388 331

53 515 296 597 διακυβερνωμένη,
324 521 470 599 κρινομένη
493 541 522 581 τε
554 519 600 580 καί
628 517 812 598 ἐξεταζομένη
844 521 882 590 ὡς
911 515 1107 589 αὐτοδέσποτος
1135 516 1181 578 καὶ
1209 515 1338 590 αθτεξοθ-

52 659 99 710 τιος
120 640 179 712 ἅμα
202 647 234 721 τῇ
256 644 331 720 νήσῳ
353 644 427 722 πάση
454 640 578 714 καὶτοῖς
601 642 671 702 κατὰ
695 642 835 722 διαφόρους
858 643 955 713 τόπους
979 641 1177 721 εὑρισκομένοις
1200 639 1339 716 μετοχίοις

52 763 123 837 αἰτής
152 761 326 840 διατελοῦσα,
356 765 401 822 τόν
422 783 452 824 τε
479 764 685 842 καθηγούμενον
714 765 795 840 σθτής
824 761 921 840 μηδενί
943 783 992 822 τινι
1018 763 1157 842 προσώπῳ
1184 761 1337 836 ἐκκλησια-

51 882 123 960 στικῴ
145 885 164 958 ἢ
187 883 310 961 νοσμικῷ
336 886 446 946 πώποτε
472 885 639 964 ὑποκεῖσθαι,
667 885 744 946 ἀλλά
771 886 820 960 πἠν
845 883 1044 964 πατριαρχικήν
1072 884 1157 958 μόνην
1185 881 1338 959 μεγαλειό-

51 1023 108 1078 τητα
133 1005 259 1084 κεφαλὴν
283 1003 478 1086 ἐπιγινώσκειν,
507 1004 643 1085 διεξάγειν
665 1026 696 1068 τε
722 1007 767 1066 τόν
791 1007 869 1068 αὐτόν
891 1006 1045 1084 ήγοθμενον
1066 1011 1256 1080 πνευματικῶς
1278 1004 1339 1076 τούς

50 1147 75 1184 τε
95 1129 326 1202 συνασκουμένους
349 1129 378 1188 ἐν
401 1135 433 1210 τῇ
457 1135 527 1210 μονῇ
550 1127 596 1188 καί
618 1131 721 1200 πάντας
747 1128 809 1201 τοὺς
833 1129 914 1204 αθτῖγν
941 1129 990 1204 τἠν
1017 1133 1098 1204 νῆσον
1126 1124 1266 1197 οἰκοῦντας
1292 1125 1339 1185 καὶ

49 1249 102 1319 τοὺς
124 1251 366 1330 προσκαθημένους
389 1251 418 1310 ἐν
441 1254 497 1323 τοῖς
519 1257 569 1326 τῆς
592 1257 678 1328 μονῆς
700 1253 816 1326 κτήμασι
839 1249 886 1310 καὶ
908 1253 1050 1332 πράγμασι
1072 1249 1118 1310 καίΙ
1141 1249 1240 1310 τούτων
1264 1248 1339 1326 ἔχειν

49 1371 89 1444 τήν
114 1373 298 1448 πνευματικὴν
326 1372 464 1454 ἀνάκρισιν
493 1372 539 1434 καί
567 1373 697 1450 διοίκησιν
726 1371 772 1434 καὶ
798 1371 950 1449 ποιμαίνειν
978 1371 1073 1442 αθτοθς
1104 1370 1339 1446 ἐκκλησιαστικῶς

47 1493 111 1552 κατὰ
132 1493 182 1568 τἠν
205 1493 316 1554 ἐνοῦσαν
339 1492 411 1574 αθτῷ
434 1493 555 1572 δύναμιν.
586 1497 649 1556 όταν
672 1495 703 1555 δέ
725 1494 806 1576 χρεία
828 1496 941 1574 γένηται
963 1496 1028 1574 παρ’
1049 1495 1138 1565 αθτοῖς
1159 1489 1339 1572 χειροτονίας,

48 1616 142 1692 ἔχωσιν
165 1612 262 1676 άδειοιν
284 1617 445 1698 προκαλεῖν,
468 1617 498 1676 δν
522 1617 554 1676 ἀν
579 1617 747 1692 ἐθελήσωσιν
771 1617 804 1677 ἐκ
826 1622 878 1675 τῶν
902 1617 1062 1696 ἀρχιερέων,
1088 1613 1131 1674 ἐπὶ
1153 1611 1190 1691 τῷ
1215 1613 1338 1674 ἐκτελεῖν

47 1737 89 1808 τὰς
117 1737 288 1818 χειροτονίας
317 1739 404 1798 αθτῶν
435 1739 505 1812 μετὰ
530 1739 620 1812 πάσης
647 1743 696 1814 τῆς
723 1743 868 1814 κανονικῆς
895 1739 1111 1820 παρατηρήσεως
1140 1736 1339 1815 ἀναντιρρήτως

46 1858 87 1916 καὶ
109 1857 323 1940 ἀνεμποδίστως,
347 1857 492 1920 ἀλλὰκαὶ
515 1860 544 1919 ἐν
567 1862 689 1940 στερήσει
710 1860 864 1938 ἡγουμένου
883 1862 1027 1938 γενόμενοι
1049 1859 1148 1936 ἔχωσιν
1172 1856 1338 1936 ἐκλέγεσθαι

47 1981 102 2039 καθ’
127 1981 239 2054 ἑαυτοὺς
265 1979 312 2041 καὶ
338 1981 556 2061 προχειρίζεσθαι
583 1988 660 2064 κοινῇ
688 1984 786 2064 γνώμη
815 1985 863 2042 ἕνα
891 1981 924 2042 ἐκ
950 1987 999 2056 τῆς
1026 1977 1152 2052 συνοδίας
1179 1981 1265 2039 οιύτῶν
1293 1980 1339 2038 τὀν

47 2099 116 2174 ἀξιον
141 2099 310 2183 ἀναφανέντα
337 2102 383 2164 καί
409 2107 501 2164 τοῦτον
525 2103 707 2164 ἀποκαθιστᾶν
730 2104 892 2183 ήγοίιμενον,
917 2102 1035 2178 μηδενός
1061 2103 1091 2162 τό
1113 2103 1242 2182 παράπαν
1267 2097 1338 2173 ἐξω-

45 2225 87 2282 θεν
110 2225 313 2306 ἐπιχειροῦντος
335 2225 562 2302 κοιτεπεμβοιίνειν
586 2227 661 2299 όπως
682 2225 748 2286 πστέ
771 2233 820 2302 τῆς
843 2231 930 2302 μονῆς
952 2226 1064 2302 ταύτης,
1092 2223 1218 2302 ἐνοχλεῖν
1241 2243 1270 2282 τε
1293 2220 1340 2282 καὶ

45 2347 203 2426 ἐπηρεάζειν
234 2347 373 2428 ὁτῳδήτινι
402 2351 493 2428 τρόπῳ
523 2347 584 2420 τοὺς
618 2348 646 2407 ἐν
680 2349 747 2428 αθτη
781 2350 1010 2424 συνασκουμένους
1039 2347 1160 2426 πατέρας
1188 2343 1235 2404 καί
1267 2345 1340 2404 δόσιν

46 2469 163 2528 ἀπαιτεῖν
191 2462 258 2550 παρ’
282 2468 368 2528 αθτιῖνν
397 2468 507 2544 πολλὴν
530 2473 548 2544 ἡ
572 2469 679 2551 όλίγην,
708 2469 769 2530 οὔτε
796 2476 849 2530 τῶν
877 2470 1072 2549 ἀφιερωμάτων
1098 2466 1144 2528 καὶ
1171 2469 1339 2548 πραγμάτων

44 2589 87 2650 καί
113 2591 255 2670 προσόδων
284 2593 366 2666 οιύτής
390 2591 506 2662 τελείως
530 2591 668 2668 ἅπτεσθαι,
697 2591 773 2652 ἀλλά
797 2592 934 2668 διαμένειν
957 2591 1166 2666 ἀκαταπάτητον
1188 2588 1235 2650 καὶ
1258 2590 1340 2650 ἀδοθ-

43 2713 129 2772 λωττν
156 2711 204 2772 καί
226 2713 370 2784 παντελῶς
394 2713 522 2774 ἀσθδστον
549 2715 587 2784 ὡς
610 2713 766 2793 βασιλικήν,
796 2717 993 2793 πατριαρχικήν
1015 2733 1045 2773 τε
1068 2711 1115 2773 καί
1137 2732 1340 2792 σταυροπηγια-

42 2836 91 2908 τήν
115 2835 221 2896 ἀνωθεν
243 2833 427 2914 θπάρχσυσαν,
450 2834 543 2907 καθὼς
562 2835 742 2913 λεπτομερεῖς
765 2831 874 2906 διέξεισι
897 2835 931 2894 τά
952 2833 1014 2915 περὶ
1037 2835 1120 2910 αθτής
1143 2834 1339 2913 ὑπομνήματα,

44 2955 64 3014 οἱ
88 2955 113 3014 δ’
132 2956 161 3016 ἐν
190 2956 257 3037 αθτή
287 2957 496 3032 συνασκοθμενοι
526 2954 572 3018 καὶ
600 2956 742 3035 διάγοντες
769 2959 885 3036 πατέρες
913 2955 1047 3035 ὀφείλουσι
1074 2955 1264 3014 πολιτεύεσθαι
1291 2955 1339 3013 εὐ-

42 3083 161 3158 τάκτως,
185 3079 330 3158 σωφρόνως
351 3097 381 3138 τε
408 3077 454 3138 καὶ
482 3077 604 3153 κοσμίως
627 3076 810 3158 φροντίζοντες
839 3076 886 3138 καί
914 3077 1125 3153 ἐπιμελοθμενοι
1152 3083 1205 3136 τῶν
1232 3095 1338 3156 προση-

42 3201 142 3260 κόντων
165 3200 205 3278 τῷ
228 3199 369 3278 μσνοδικῷ
392 3201 478 3260 αθτῶν
502 3199 553 3279 βίῳ
576 3201 727 3279 θεαρέστων
753 3197 801 3260 καὶ
824 3200 972 3262 ἐπαινετῶν
995 3194 1120 3280 πράξεων
1143 3189 1194 3258 καί
1212 3217 1338 3278 προστα-

43 3322 149 3394 θοῦντες
171 3327 205 3402 τῇ
228 3321 421 3404 καλλιεργείᾳ,
447 3321 556 3397 αὐξήσει
579 3321 678 3382 τεκαὶ
701 3325 823 3384 συστάσει
846 3328 895 3399 τῆς
917 3321 994 3403 ίερσῖς
1017 3326 1102 3398 μονής
1124 3321 1236 3401 ταθτης,
1264 3321 1339 3399 μόνῳ

41 3442 75 3520 τῳ
104 3442 166 3522 ἰδίῳ
195 3445 282 3504 αὐτῶν
310 3446 510 3523 καθηγουμένῳ
537 3444 608 3504 κατὰ
632 3444 680 3522 τήν
703 3443 887 3518 ἀποστολικὴν
912 3443 1025 3520 ἐντολὴν
1048 3449 1244 3524 σεμνοπρεπιῖνς
1271 3441 1338 3502 ὑπο-

41 3569 202 3642 τασσόμενοι
230 3564 276 3624 καὶ
301 3564 344 3625 ὑπ’
368 3565 479 3638 οθδενδς
502 3565 591 3626 ἀλλου
613 3567 643 3625 τό
665 3567 793 3644 παράπαν
817 3565 1031 3646 ἐπηρεαζόμενοι
1054 3565 1125 3626 κατά
1147 3565 1181 3624 τά
1202 3565 1339 3646 προεκδο-

41 3687 118 3747 θέντσι
149 3687 189 3766 τῷ
221 3685 392 3767 μοναστηρίῳ
424 3687 510 3746 αθτῶν
537 3687 621 3765 τοθτῳ
649 3685 779 3760 βασιλικά
801 3707 830 3746 τε
857 3687 1052 3768 χρυσόβουλλοι
1081 3687 1128 3747 καί
1157 3687 1341 3768 πατριαρχικά

41 3815 85 3882 τῆς
115 3813 358 3890 στσωροπηγιακής
387 3807 547 3890 ἐλευθερίας
573 3811 734 3892 γράμματα,
766 3807 840 3887 ἐχειν
871 3807 1015 3888 όφείλοντα
1046 3809 1077 3869 τό
1107 3812 1187 3890 κόρος
1218 3807 1264 3868 καὶ
1291 3809 1340 3884 τὴν

41 3927 113 4008 Ιἶσχόν
142 3929 191 3992 καὶ
219 3930 383 4005 διαμένοντα
411 3931 511 4006 βέβαια
537 3928 583 3990 καί
607 3933 719 4008 μόνιμα,
749 3931 905 3992 ἀδιάσειστά
923 3951 954 3990 τε
976 3931 1023 3990 καὶ
1050 3930 1273 4010 ἀπαρεγχείρητα
1300 3929 1340 4004 εἰς

43 4050 123 4111 αἰῶνα
152 4053 199 4112 τόν
228 4052 342 4112 ἅπαντα.
375 4053 405 4124 θς
432 4052 457 4111 δ’
479 4055 511 4110 ἀν
539 4053 589 4130 όψέ
611 4073 677 4112 ποτε
706 4053 854 4130 βουληθείη
878 4053 1010 4114 διασεῖσαι
1033 4053 1080 4129 τὴν
1103 4054 1339 4132 σταυρσπηγιακὴν

42 4170 114 4245 ἀξίαν
143 4171 192 4234 καὶ
220 4171 378 4251 ἐλευθερίαν
405 4179 454 4250 τῆς
476 4172 553 4254 ἱεροῖς
583 4172 630 4233 καὶ
653 4174 798 4250 βασιλικῆς
821 4181 908 4252 μονῆς
931 4176 1043 4252 τσυίπης,
1067 4173 1216 4253 ἀνατρέψαι
1238 4195 1268 4234 τε
1290 4175 1340 4246 τάς

40 4295 187 4375 ἀτωφάσεις
214 4300 268 4356 τῶν
294 4295 473 4373 παλαιγενῶν
501 4297 583 4371 αθτῆς
605 4297 776 4376 γραμμάτων
802 4294 849 4356 καί
877 4293 916 4366 είς
939 4292 1067 4356 δουλείαν
1090 4297 1173 4371 αθτὴν
1196 4295 1339 4370 βιάσασθαι

38 4420 54 4488 ἦ
77 4419 135 4488 τοῖς
159 4417 189 4476 ἐν
214 4417 280 4498 σθιή
308 4419 455 4492 μονάζουσι
481 4417 659 4494 διενοχλῆσαι
682 4421 700 4492 ἢ
723 4419 896 4496 ναθαρπάσαι
918 4437 943 4476 τι
970 4423 1023 4478 τῶν
1052 4417 1244 4497 ἀφιερωμένων
1273 4420 1339 4500 αθτῇ

38 4538 81 4598 καί
108 4543 169 4610 τοῖς
196 4537 337 4616 μετοχίοις
363 4539 445 4614 οθτής
466 4541 484 4615 ή
509 4541 622 4616 ζητήσαι
643 4538 715 4600 πολὺ
737 4543 755 4614 ή
779 4539 872 4618 ἀλίγον
896 4537 1069 4619 νοσφίσασθαι
1096 4539 1143 4600 καὶ
1166 4539 1265 4615 ζημίαν
1287 4541 1338 4614 ήν-

37 4664 142 4723 τυαοῦν
175 4661 265 4732 αὐτοῖς
297 4661 452 4742 ἐμποιῆσαι,
483 4663 498 4722 ό
524 4665 644 4737 τοιοῦτος
670 4665 715 4720 τοῦ
747 4661 798 4740 μὲν
828 4659 901 4746 ίεροῖ
931 4662 1089 4744 καταλόγου
1119 4665 1157 4722 ὢν
1185 4661 1269 4742 ἀργός
1296 4660 1339 4743 εἴη
