3186 5286
267 345 331 406 416

268 545 354 598 tuant
383 541 487 598 eadem
517 541 693 599 auctoritato
724 542 869 619 precipias
897 549 927 601 et
953 543 1088 614 mandes,
1119 561 1176 600 non
1201 543 1383 602 obstantibus
1407 543 1552 620 quibusvis

269 644 529 704 constitutionibus
557 651 588 704 ct
614 647 849 706 ordinationibus
872 647 1039 726 apostolicis
1066 647 1233 725 ceterisque
1264 648 1420 706 contrariis
1442 647 1552 724 quibus-

268 768 400 827 cumque.
439 751 579 808 Volumus
609 755 722 832 autom,
757 754 834 830 quod
865 753 903 811 dc
933 759 1030 811 cetero
1060 753 1211 830 perpetuis
1240 753 1349 811 futuris
1378 753 1553 828 temporibus

267 855 371 912 saltem
387 856 478 912 semel
497 855 529 913 in
549 875 626 913 anno
646 861 731 914 tenor
746 858 916 916 earumdem
939 857 1119 934 presentium
1143 857 1311 932 publicetur
1336 877 1370 916 ac
1389 858 1553 915 earumdem

267 959 352 1034 copia
374 963 405 1016 et
427 961 578 1036 exemplar
600 961 806 1019 authenticum
827 963 864 1020 ad
887 963 957 1033 hcc,
990 967 1024 1020 ut
1046 963 1097 1020 illc
1119 963 1155 1019 ad
1180 961 1312 1020 omnium
1334 961 1472 1019 notitiam
1493 981 1552 1037 pcr-

267 1063 370 1123 renire
394 1064 496 1140 possit,
526 1065 556 1122 in
581 1065 653 1122 loeis
675 1065 771 1123 solitis
793 1070 824 1123 et
846 1067 993 1124 consuetis
1016 1065 1164 1140 affigatur.
1188 1067 1316 1124 Datum
1339 1067 1446 1124 Romo
1469 1065 1553 1142 apud

267 1169 433 1226 Sanctum
457 1169 609 1240 Petrum,
639 1187 728 1227 auno
758 1169 1025 1230 incarnationis
1054 1170 1232 1230 dominice
1265 1171 1456 1229 millesimo
1486 1189 1553 1227 sex-

267 1275 463 1332 centesimo
486 1273 673 1347 trigesimo
696 1275 821 1351 primo,
846 1295 923 1334 non.
947 1275 1156 1346 decembris,
1180 1275 1421 1352 pontificatus
1445 1275 1550 1332 nostri

267 1397 356 1435 anno
381 1397 478 1436 nono.
1288 1401 1325 1456 Α.
1350 1398 1514 1456 Matthei.

370 1497 476 1548 Arcbct.
499 1495 644 1550 membran.
672 1497 755 1548 Deest
780 1497 860 1549 bulla
888 1499 971 1550 Extat
991 1499 1019 1549 in
1041 1497 1125 1550 tabul.
1144 1497 1268 1548 coenobii
1292 1499 1373 1548 etiam
1399 1499 1486 1548 versio
1510 1499 1550 1546 its·

267 1584 321 1636 lica
338 1584 456 1647 tabulae,
475 1587 501 1634 in
520 1599 575 1651 quc
592 1585 808 1653 archiepiscopus
821 1586 956 1638 Cretensis
974 1593 1087 1637 vocatur
1098 1586 1208 1638 Paulus.
1227 1587 1321 1652 Bryst,
1339 1601 1378 1638 nr.
1395 1585 1426 1634 18
1439 1592 1468 1635 ot
1481 1581 1549 1642 1811,

267 1689 292 1737 p.
313 1673 456 1722 165—156.

444 1861 553 1930 XXX.
578 1863 804 1948 ulto-1632,
828 1863 879 1929 28.
903 1867 1021 1930 mensis
1043 1867 1171 1950 sugmti
1194 1861 1270 1950 [ind.
1293 1861 1380 1951 XV].

266 1987 429 2038 Laurentius
448 1985 619 2051 Conlatinus,
637 1989 759 2054 provisor
776 1987 910 2054 generalis
928 1987 1092 2054 reipublicae
1115 1993 1238 2052 venetus,
1260 1988 1391 2054 permittit
1414 2000 1548 2036 oeconomo

267 2074 392 2124 motocbii
406 2072 431 2123 S.
445 2073 552 2124 loannis
565 2073 644 2140 styli,
663 2081 693 2126 nt
711 2075 811 2126 vendat
828 2077 957 2142 provisori
971 2075 1059 2126 Sudas
1077 2077 1240 2126 frumentum
1259 2077 1287 2126 in
1306 2073 1466 2124 beneficium
1484 2087 1547 2139 pras·

836 2161 898 2212 sidii
916 2163 991 2212 arcis.

369 2286 428 2344 Noi
458 2287 591 2344 Lorcnzo
621 2286 791 2356 Contemni,
824 2287 1035 2363 provveditorc
1065 2289 1202 2364 generale
1231 2293 1262 2346 et
1285 2329 1485 2345 .......
1507 2285 1549 2340 nel

266 2393 368 2468 Regno
391 2396 448 2448 etc.
485 2391 658 2450 Havcndcci
683 2393 838 2467 aspostol'
861 2393 929 2450 ill¹¹²⁰
952 2393 984 2450 S
1005 2393 1219 2452 Prorvcditcrc
1249 2392 1328 2450 della
1354 2391 1448 2460 Sudo,
1479 2407 1550 2446 esser

266 2497 289 2552 il
314 2539 516 2554 .......
540 2496 569 2554 di
594 2495 765 2571 prorodersi
789 2497 827 2552 da
849 2501 934 2573 quest
959 2541 1126 2556 ......
1150 2497 1181 2554 di
1209 2497 1356 2554 formento
1378 2514 1432 2572 per
1454 2513 1501 2552 uso
1523 2493 1548 2548 di

267 2601 366 2678 quello
394 2601 586 2658 fortcazat
555 2605 586 2658 et
616 2601 671 2658 cho
698 2601 835 2660 havendo
866 2606 965 2659 notato
993 2621 1045 2660 con
1069 2601 1086 2658 l'
1101 2619 1239 2659 economo
1263 2601 1311 2659 dcl
1334 2605 1496 2660 monastero
1518 2597 1550 2654 ds

267 2703 352 2762 Stillo
374 2724 428 2782 per
449 2704 499 2761 doi
522 2703 604 2762 millo
627 2705 747 2776 misurc,
772 2710 876 2782 questo
899 2725 958 2764 non
980 2705 1070 2764 hebbi
1093 2706 1194 2765 voluto
1217 2705 1329 2764 asentir
1352 2706 1383 2764 di
1404 2705 1482 2762 darlo
1503 2722 1552 2779 pcr

268 2808 377 2869 dubbio
408 2809 439 2866 di
470 2828 529 2866 non
560 2809 766 2870 controvcuirc
796 2809 846 2866 alli
882 2809 981 2868 ordini
1008 2811 1037 2868 di
1067 2815 1169 2887 questo
1193 2809 1262 2868 ill¹¹²⁰
1284 2813 1395 2868 rettore
1418 2813 1448 2866 ct
1468 2807 1551 2864 ricer-

268 2913 361 2970 oando
389 2913 411 2972 il
439 2914 563 2974 servitio
590 2914 707 2990 publico
735 2914 790 2972 cho
819 2914 902 2972 detto
923 2915 1054 2973 forteaze
1075 2914 1147 2972 resti
1170 2915 1336 2990 provcduta
1359 2953 1550 2972 .......

267 3018 443 3076 concedemo
466 3015 580 3076 licenza
602 3037 655 3075 con
678 3019 696 3073 l'
709 3063 850 3078 .....
875 3019 943 3076 dell’
959 3062 1128 3076 ......
1153 3023 1253 3076 nostro
1273 3019 1301 3076 al
1321 3018 1408 3076 detto¹
1421 3031 1550 3074 coonomo

268 3121 298 3177 di
330 3125 415 3207 poter
444 3123 573 3182 vendere
603 3123 632 3178 al
661 3123 744 3180 dotto
767 3121 800 3179 Sr
821 3121 1016 3182 Proreditore
1045 3123 1073 3180 le
1099 3123 1183 3180 detta
1210 3123 1268 3178 due
1291 3121 1373 3180 mille
1395 3121 1502 3182 misure
1524 3117 1548 3174 di

268 3225 424 3294 formento,
457 3245 510 3302 per
539 3227 567 3282 la
597 3226 664 3302 qual
686 3245 781 3296 cause,
814 3223 851 3284 nd
873 3232 950 3284 sotto
972 3227 1165 3303 qualsivoglia
1187 3231 1318 3304 pretcsto
1341 3245 1398 3282 uon
1422 3243 1503 3302 possa
1524 3223 1547 3278 ni

147 3355 150 3365 ¹
268 3329 374 3388 debbia
397 3331 434 3386 da
456 3331 560 3388 alcuno
582 3349 661 3388 esser
683 3331 847 3388 molestato.
892 3331 929 3386 In
954 3349 1076 3407 quorum
1098 3323 1219 3414 f[idem]
1245 3336 1301 3390 etc.
1344 3331 1384 3388 In
1408 3329 1549 3388 Canace

270 3437 309 3492 28
330 3439 451 3508 cgesto
477 3438 569 3493 1632.

371 3539 529 3596 Lorenuo
552 3538 750 3609 Conterini,
774 3539 1014 3599 Proveditorc
1037 3541 1208 3614 gencrale
1231 3540 1272 3596 M.
1296 3542 1353 3596 etc.

1178 3656 1343 3722 Subscriptio
1361 3652 1512 3704 cancellarii

372 3759 477 3810 ιιιιει.
496 3761 579 3812 enan.
598 3762 693 3826 noyer,
711 3776 759 3812 nro
777 3762 803 3824 8,
822 3777 846 3826 p.
868 3763 924 3812 roo.
1227 3742 1283 3808 lesi
1302 3757 1356 3792 non
1375 3747 1469 3808 potest

420 3967 547 4034 XXXI.
573 3967 798 4053 ultr-1633,
824 3969 872 4033 14.
897 3969 1015 4033 mensis
1037 3965 1228 4054 septembris
1252 3963 1327 4054 [ind.
1351 3964 1406 4051 ΠΙ.

268 4091 419 4144 Cardinclis
438 4093 598 4144 &coemens
616 4091 779 4143 Bsrbcriuus
801 4092 972 4143 commandnt
993 4092 1138 4142 monachos
1159 4091 1184 4142 S.
1204 4091 1322 4154 Ioannis,
1344 4088 1472 4139 Iacobum
1489 4086 1547 4135 Pan·

348 4180 439 4247 galum
458 4187 487 4232 ct
504 4179 680 4232 Hicrothcnm
699 4178 828 4245 Vitclum,
847 4181 894 4246 qni
912 4195 941 4232 se
958 4180 1101 4230 conterunt
1120 4181 1147 4230 in
1166 4180 1303 4230 civitatem
1322 4177 1480 4228 Messanam.

371 4307 568 4364 Francasco
601 4306 636 4363 di
670 4307 699 4365 S.
733 4307 890 4365 Lorenao
925 4305 960 4362 iu
993 4306 1155 4376 Damaso,
1191 4306 1340 4363 diacono
1374 4299 1547 4361 cardinale

268 4410 474 4483 Barbetium
499 4412 593 4469 della
616 4411 645 4468 S.
670 4411 706 4468 R.
731 4412 765 4468 E.
782 4409 1091 4468 Viceoancclliero
1113 4427 1131 4467 c
1153 4410 1188 4467 di
1212 4415 1307 4467 tutto
1331 4409 1363 4465 lo
1385 4408 1484 4465 Stcto
1504 4421 1547 4462 ec·

268 4514 474 4573 closiastioo
498 4514 819 4591 sopraintendente
841 4515 1016 4587 generale.

372 4619 546 4678 Partendosi
577 4619 615 4675 de
643 4622 747 4694 qusstc
775 4614 849 4676 nittt
877 4635 931 4693 per
957 4617 1118 4676 trasferirsi
1149 4617 1180 4675 in
1204 4615 1333 4675 Messius
1359 4636 1376 4674 e
1403 4615 1434 4672 di
1457 4612 1484 4672 lis
1503 4629 1547 4688 per

269 4723 415 4781 ritornsre
438 4725 466 4780 cl
488 4724 550 4780 loro
574 4727 737 4778 monastero
760 4723 790 4778 di
808 4722 838 4780 S.
854 4722 1002 4782 Giovcnni
1018 4722 1209 4796 Evangelists
1224 4723 1291 4780 dell’
1306 4721 1380 4778 isola
1395 4720 1425 4776 di
1442 4721 1546 4776 Patmos
