3186 5286
239 346 304 412 380

242 541 368 620 πόλεως,
395 541 568 602 Καλλινίκου
594 561 625 600 τε
654 546 700 600 τού
730 543 859 618 παλαιοῦ,
890 543 1041 619 [ίαχωμίου
1071 541 1117 601 καί
1142 542 1280 602 Μελετίου
1304 539 1540 620 Ἀλεξανδρείας,Ι

240 663 399 742 ἐπιτηρητού
415 663 744 736 Κωνσταντινουπόλεως,
770 661 816 722 καὶ
832 662 984 743 Σωφρονίου
1006 661 1053 722 καί
1076 663 1154 723 ἀλλα
1177 663 1280 744 ἀρχαῖα
1301 665 1455 742 γράμματα
1475 661 1532 741 περί

239 789 291 843 τῶν
315 782 469 864 προνομίων
495 789 545 858 τῆς
569 783 644 865 ἱερᾶς
671 785 773 861 ταύτης
801 790 903 865 μονῆς,
932 786 971 844 ἔτι
994 783 1093 844 δὲκαὶ
1117 784 1286 865 ἐπιτροπικδν
1311 786 1396 844 αθτῶν
1419 787 1531 864 γράμμα

240 904 293 964 ἀπό
319 909 365 964 ταῶ
391 909 481 965 κοινοῦ
509 909 555 964 τοό
583 905 761 984 μσναστηρίου
790 905 894 966 ἐκείνου
921 905 1104 985 ἐνυπόγραφόν
1130 925 1161 964 τε
1189 904 1237 965 καὶ
1265 909 1528 986 κατεσφραγισμένον

239 1031 271 1106 τῇ
291 1031 493 1107 μονασιηριακῇ
514 1027 599 1086 αὐτῶν
619 1026 754 1106 σφραγῖδι,
777 1026 824 1086 καί
839 1027 924 1111 ,ἀλλα
945 1047 976 1086 τε
995 1025 1091 1086 πολλὰ
1111 1027 1281 1106 ἀνήγγειλάν
1301 1029 1366 1103 ἡμῖν
1390 1027 1529 1108 ἐκτραγῳ-

239 1147 347 1217 δοϋντες
375 1143 408 1206 τά
437 1149 499 1206 καθ’
523 1148 632 1218 ἑαυτούς
661 1147 707 1208 καί
738 1150 792 1228 ότι,
822 1149 921 1228 καίπερ
949 1149 1079 1208 τοσούτων
1106 1147 1153 1208 καί
1179 1149 1306 1208 τοιούτων
1333 1149 1417 1208 όντων
1446 1151 1531 1217 αὺτοῖς

239 1267 359 1347 ἀρχαίων
382 1268 545 1349 προνομίων,
574 1271 650 1345 όμως
671 1271 701 1329 τδ
724 1269 796 1349 ἱερόν
817 1274 894 1330 τοῦτο
917 1273 1097 1350 μοναοτὴριον
1121 1270 1150 1329 ἐν
1172 1270 1288 1348 κινδύνῳ
1310 1272 1432 1348 κατέστη
1455 1271 1530 1329 ἀπω-

238 1389 317 1461 λείας
341 1389 385 1449 διά
406 1391 455 1465 τἠν
477 1396 530 1450 τῶν
553 1389 707 1470 προνομίων
729 1391 840 1450 ἐκείνων
864 1392 1030 1470 ἀνατροπὴν·
1060 1387 1185 1464 ἀναξίους
1207 1394 1261 1472 γάρ
1283 1412 1359 1463 τινας
1383 1392 1428 1451 διὰ
1452 1413 1530 1466 μεσι-

238 1511 312 1582 τείας
333 1510 381 1570 καὶ
404 1510 465 1584 βίας
487 1513 645 1592 κρειττόνων
667 1514 835 1593 προάγεσθαι
863 1511 902 1584 είς
930 1512 1134 1602 μοναστηριακά
1162 1508 1306 1588 ἀξιώματα
1335 1511 1382 1572 καὶ
1409 1516 1532 1591 κατέχειν

239 1633 444 1713 μοναστὴριακά
465 1631 592 1709 κτὴματά
611 1655 642 1694 τε
663 1633 710 1694 καί
733 1635 850 1712 μετόχια
871 1633 918 1694 καὶ
941 1635 1024 1713 μυρία
1047 1633 1125 1693 ἀλλα
1146 1638 1309 1714 κακουργεῖν
1334 1633 1377 1694 ἐπί
1400 1635 1532 1716 ἀνατροπῇ

238 1753 285 1814 καί
311 1755 464 1835 παραβάσει
489 1763 543 1815 τῶν
571 1756 692 1838 ἀρχαίων
721 1758 810 1828 αύτοίς
836 1757 999 1836 προνομίων,
1029 1755 1070 1815 διό
1097 1753 1143 1814 καί
1167 1755 1314 1836 θεραπείας
1336 1759 1407 1827 τινός
1430 1757 1531 1816 ἐδέοντο

237 1879 338 1954 τυχεῖν.
373 1876 420 1936 καί
448 1878 481 1954 δὴ
509 1879 569 1938 κατ’
593 1878 725 1956 ἐπιταγὴν
758 1880 895 1958 ἡμετέραν
926 1879 1136 1958 κατεγράφησαν
1166 1879 1319 1957 κεφάλαια,
1350 1877 1410 1955 ούχί
1440 1878 1532 1957 γενικό

237 1997 284 2058 καὶ
310 2001 441 2079 καθόλου,
470 1995 546 2060 ἀλλά
574 1999 672 2080 μερικότ
700 1998 746 2059 καὶ
774 2001 911 2080 ὡρισμένα
936 2003 1004 2079 πρός
1027 2020 1057 2058 τε
1086 1999 1257 2077 ἀπαλλαγὴν
1280 2003 1334 2057 τῶν
1356 1999 1411 2076 ἤδη
1435 2019 1530 2074 συμπε-

238 2121 337 2180 σόντων
361 2123 451 2193 αὺτοῖς
474 2119 568 2181 δεινῶν
590 2119 638 2182 καί
659 2124 726 2200 πρός
749 2121 913 2182 διακώλυσιν
936 2127 988 2180 τῶν
1012 2120 1228 2196 συμβησομένων
1251 2124 1298 2180 ταίι
1322 2119 1429 2181 λοιποῦ.
1458 2128 1530 2200 πρῶ-

237 2263 282 2301 τον
303 2242 353 2318 μὲν
373 2241 418 2302 σύν
441 2247 549 2302 τοιαῦτα
572 2242 710 2321 κεφάλαια
732 2245 951 2322 κατεγράφησαν,
976 2244 1069 2301 ἔπειτα
1092 2242 1124 2301 δέ
1148 2241 1318 2318 ἐπεδόθησαν
1344 2242 1444 2320 αὺτοῖς,
1468 2243 1530 2299 ὥστε

238 2361 294 2444 ἰδίᾳ
318 2365 381 2422 καθ’
406 2364 516 2435 ἑαυτούς
543 2365 733 2443 θεωρήσοντας
760 2363 806 2423 καὶ
830 2363 1064 2437 βουλευσαμένους
1088 2363 1230 2437 ἐπιμελῶς
1253 2359 1441 2444 ἐπιλέξασθαι,
1465 2365 1529 2422 ότα-

237 2505 288 2564 περ
316 2483 384 2565 δόξῃ
412 2487 500 2556 αίιτοῖς
523 2486 689 2564 συμφέροντα
714 2485 782 2565 πρός
804 2507 834 2544 τε
856 2487 1009 2564 κατάρτισιν
1031 2490 1085 2544 τῶν
1107 2485 1182 2558 ἡθῶν
1204 2490 1257 2544 τῶν
1280 2485 1309 2544 ἐν
1332 2481 1370 2562 τῷ
1394 2505 1530 2559 μοναστὴ-

239 2603 287 2684 ρίῳ
314 2607 454 2685 νεωτέρων
480 2605 526 2665 καὶ
552 2608 619 2686 πρός
646 2607 694 2682 τὴν
721 2607 811 2681 καλὴν
840 2607 1057 2685 μοναστὴριακὴν
1086 2604 1225 2682 διοίκησιν,
1256 2606 1281 2664 οἱ
1309 2605 1340 2664 δὲ
1365 2603 1408 2664 ἐπὶ
1430 2607 1532 2684 ἡμέρας

240 2728 288 2786 οόκ
314 2726 412 2806 όλίγας
439 2727 698 2804 συνδιασκεψόμενοι
726 2729 796 2802 μετὰ
822 2727 868 2787 καὶ
896 2727 981 2806 άγίων
1004 2728 1165 2806 ἀρχιερέων,
1189 2732 1325 2804 νουνεχῶν
1349 2748 1378 2786 τε
1406 2725 1454 2786 καί
1481 2727 1532 2800 ἐμ-

238 2849 336 2927 πείρων
359 2853 405 2910 τού
428 2849 605 2928 μοναστηρίου
627 2851 729 2920 τούτου,
753 2845 949 2924 ἐπιλεξάμενοί
969 2867 997 2906 τε
1020 2847 1067 2908 καί
1090 2849 1263 2928 προσθέντες,
1286 2849 1389 2926 όσαπερ
1414 2850 1531 2926 ἔγνωσαν

239 2973 415 3050 συμφέροντα,
437 2974 638 3049 προσεκόμισαν
658 2973 723 3046 ἡμῖν
743 2971 791 3045 τὴν
810 2977 864 3030 τῶν
886 2967 1045 3048 κεφαλαίων
1068 2969 1180 3028 ἐκείνων
1196 2973 1385 3048 καταγραφήν,
1410 2969 1531 3043 δεόμενοι

240 3089 385 3166 ἐκδοθῆναι
407 3096 490 3151 ταῦτα
511 3092 558 3152 καὶ
581 3093 610 3151 ἐν
632 3093 759 3171 ἡμετέρῳ
781 3089 969 3171 πατριαρχικῷ
997 3088 1043 3150 καί
1066 3088 1196 3167 συνοδικῷ
1218 3092 1359 3169 γράμματι
1381 3092 1450 3171 πρός
1474 3091 1530 3163 δικ,-

237 3217 304 3286 νεκῆ
332 3212 488 3292 διατήρησιν
515 3210 561 3272 καί
588 3212 747 3291 ἀσφάλειαν.
778 3213 840 3271 όθεν
867 3209 914 3270 καί
940 3213 959 3288 ἡ
982 3213 1126 3291 μετριότης
1147 3213 1227 3286 ἡμῶν
1254 3211 1325 3270 κατὰ
1354 3211 1418 3282 τούς
1447 3209 1529 3279 θείους

237 3333 284 3393 καὶ
313 3332 400 3414 ἱερούς
428 3337 528 3408 νόμους
556 3335 755 3414 προαιρουμένη
787 3334 897 3393 διοικεῖν
929 3330 963 3392 τὰ
992 3332 1052 3413 ίερά
1082 3337 1165 3391 ταῦτα
1196 3335 1374 3412 μοναστὴρια,
1406 3334 1445 3404 ὡς
1473 3333 1529 3391 θεοῦ

239 3455 389 3534 ἐφορῶντος
419 3455 543 3533 ἔγνωμεν
572 3463 605 3537 τῇ
637 3457 849 3537 έκκλησιαστικῇ
881 3455 993 3530 δυνάμει
1023 3457 1152 3534 κρατόναι
1181 3453 1228 3514 καί
1254 3452 1459 3532 κατασφαλίσαι
1491 3449 1529 3511 ἐπί

238 3578 357 3654 φρικταῐς
385 3571 463 3654 ἀραῖς
489 3582 541 3636 τῶν
567 3577 788 3656 παραβαινόντων
814 3577 848 3636 τά
874 3575 941 3655 ὑπὲρ
967 3579 1013 3635 τοῦ
1040 3573 1219 3655 μοναστηρίου
1242 3574 1334 3634 τούτου
1357 3575 1529 3653 ῥηθησόμενα

237 3696 375 3774 κεφάλαια
397 3697 442 3757 διὰ
464 3703 509 3758 τοῦ
530 3701 664 3778 παρόντος
682 3699 816 3778 ἡμετέρου
837 3700 1033 3778 πατριαρχικοίι
1056 3696 1103 3756 καί
1125 3695 1265 3756 συνοδικού
1284 3697 1457 3774 γράμματος.
1487 3693 1529 3753 καί

239 3817 273 3891 δὴ
296 3820 444 3896 γράφοντες
465 3818 668 3897 ἀποφαινόμεθα
690 3820 838 3888 συνοδικῶς
861 3818 932 3893 μετὰ
953 3823 1006 3878 τῶν
1028 3816 1090 3896 περὶ
1108 3819 1183 3894 ἡμᾶς
1206 3817 1359 3896 ἱερωτάτων
1384 3817 1529 3896 ἀρχιερέων

238 3936 284 3997 καί
306 3939 466 4020 ἀτεράμων,
489 3945 543 4000 τῶν
566 3941 594 3999 ἐν
617 3941 686 4020 άγίῳ
707 3942 839 4016 πνεύματι
862 3941 1009 4017 ἀγαπητῶν
1031 3941 1110 4014 ἡμῶν
1133 3937 1262 4018 ἀδελφῶν
1284 3937 1331 3998 καίΙ
1354 3938 1527 4015 συλλειτουρ-

238 4065 309 4138 γῶν,
343 4058 386 4119 ἵνα
418 4066 525 4140 πρῶτον
559 4061 609 4135 μὲν
642 4054 738 4137 μηδείς
772 4066 824 4120 τῶν
856 4065 1079 4140 μοναστηριακῶν
1111 4060 1198 4120 αύτῶν
1230 4059 1384 4138 ἀπέρχηταε
1416 4057 1455 4129 είς
1486 4059 1528 4130 τήν

238 4182 333 4260 χῶραν
352 4181 415 4240 ἀνευ
436 4183 563 4260 μεγάλης
583 4181 715 4262 ἀνάγκης,
738 4181 785 4242 καί
805 4184 865 4242 τότε
887 4182 917 4242 δὲ
937 4188 971 4264 τῇ
991 4185 1090 4262 γνώμη
1110 4179 1157 4241 καί
1178 4179 1279 4254 είδὴεει
1301 4185 1348 4240 τοῦ
1368 4182 1527 4260 ἡγουμένου,

238 4299 284 4360 καὶ
312 4301 422 4362 ἐπειδὰν
447 4306 561 4382 τάχιστα
588 4303 747 4385 ἐπιτελέσῃ,
775 4301 816 4383 ἐφ’
839 4306 893 4383 ότῳ
917 4304 1075 4384 ἀπέρχεται,
1101 4305 1213 4381 ταχέως
1239 4302 1322 4362 πάλιν
1351 4302 1469 4362 ἐπανίτω
1493 4299 1527 4368 είς
1570 4333 1571 4371 φ

237 4423 268 4480 τό
296 4427 482 4503 μοναοτὴριον,
514 4425 638 4506 δεύτερον
666 4423 698 4484 δὲ
725 4430 777 4484 τῶν
803 4427 944 4504 νεωτέρων
967 4431 1201 4504 μοναστηριανῶν,
1229 4423 1340 4484 ἐπειδὰν
1365 4425 1480 4492 ἕκαστος
1501 4421 1526 4478 τό

240 4542 468 4623 ἐπιτετραμμένον
498 4547 643 4626 ἐπιτελέσῃ
675 4547 764 4626 ἔργον,
796 4545 894 4620 μηδείς
925 4547 1008 4626 ἀργός
1038 4547 1066 4605 ἐν
1094 4545 1133 4626 τῷ
1160 4544 1333 4626 μοναστηρίῳ
1362 4545 1526 4626 διατριβέτω,

240 4663 306 4724 ἀλλ’
335 4667 418 4735 σύτως
451 4667 568 4735 ἅπαντες
601 4666 627 4724 οἰ
660 4663 786 4746 νεώτεροι
821 4665 859 4736 είς
892 4669 922 4726 τό
953 4667 1081 4745 τχολεῖον
1116 4671 1283 4747 φοιτάτωσαν
1318 4669 1526 4744 μαθητεύοντες·
