<?xml version="1.0" encoding="UTF-8"?>
<!DOCTYPE html PUBLIC "-//W3C//DTD XHTML 1.0 Transitional//EN"
    "http://www.w3.org/TR/xhtml1/DTD/xhtml1-transitional.dtd">
<html xmlns="http://www.w3.org/1999/xhtml" xml:lang="en" lang="en">
 <head>
  <title>
</title>
<meta http-equiv="Content-Type" content="text/html;charset=utf-8" />
  <meta name='ocr-system' content='tesseract 3.04.00' />
  <meta name='ocr-capabilities' content='ocr_page ocr_carea ocr_par ocr_line ocrx_word'/>
</head>
<body>
  <div class='ocr_page' id='page_1' title='image "./actaetdiplomata02miklgoog_0118.png"; bbox 0 0 3184 5288; ppageno 0'>
   <div class='ocr_carea' id='block_1_1' title="bbox 1290 341 1351 404">
    <p class='ocr_par' dir='ltr' id='par_1_1' title="bbox 1290 341 1351 404">
     <span class='ocr_line' id='line_1_1' title="bbox 1290 341 1351 404; baseline 0.016 -1"><span class='ocrx_word' id='word_1_1' title='bbox 1290 341 1351 404; x_wconf 87' lang='grc'>103</span> 
     </span>
    </p>
   </div>
   <div class='ocr_carea' id='block_1_2' title="bbox 65 527 1354 1590">
    <p class='ocr_par' dir='ltr' id='par_1_2' title="bbox 65 527 1354 1590">
     <span class='ocr_line' id='line_1_2' title="bbox 68 527 1351 614; baseline 0.001 -22"><span class='ocrx_word' id='word_1_2' title='bbox 68 535 267 608; x_wconf 73' lang='grc' dir='ltr'>ἀμετάπτωτον·</span> <span class='ocrx_word' id='word_1_3' title='bbox 292 534 370 594; x_wconf 83' lang='grc' dir='ltr'>οῦδὲν</span> <span class='ocrx_word' id='word_1_4' title='bbox 393 535 446 612; x_wconf 85' lang='grc' dir='ltr'>γάιρ</span> <span class='ocrx_word' id='word_1_5' title='bbox 471 531 545 594; x_wconf 76' lang='grc' dir='ltr'>ἄλλο</span> <span class='ocrx_word' id='word_1_6' title='bbox 570 535 632 593; x_wconf 78' lang='grc' dir='ltr'>οῦδὲ</span> <span class='ocrx_word' id='word_1_7' title='bbox 657 535 761 604; x_wconf 83' lang='grc' dir='ltr'>ἑαυτοῖς</span> <span class='ocrx_word' id='word_1_8' title='bbox 783 527 830 592; x_wconf 84' lang='grc' dir='ltr'>καί</span> <span class='ocrx_word' id='word_1_9' title='bbox 852 537 909 604; x_wconf 87' lang='grc' dir='ltr'>τοῖς</span> <span class='ocrx_word' id='word_1_10' title='bbox 925 534 986 607; x_wconf 87' lang='grc' dir='ltr'>μεθ’</span> <span class='ocrx_word' id='word_1_11' title='bbox 1007 535 1081 606; x_wconf 76' lang='grc' dir='ltr'>ἡμᾶς</span> <span class='ocrx_word' id='word_1_12' title='bbox 1105 535 1133 592; x_wconf 92' lang='grc' dir='ltr'>ἐν</span> <span class='ocrx_word' id='word_1_13' title='bbox 1155 542 1188 614; x_wconf 76' lang='grc' dir='ltr'>τῇ</span> <span class='ocrx_word' id='word_1_14' title='bbox 1212 534 1351 604; x_wconf 89' lang='grc' dir='ltr'>πολλάκις</span> 
     </span>
     <span class='ocr_line' id='line_1_3' title="bbox 66 652 1351 738; baseline 0 -26"><span class='ocrx_word' id='word_1_15' title='bbox 66 654 270 738; x_wconf 79' lang='grc' dir='ltr'>μνημονευθείσρ</span> <span class='ocrx_word' id='word_1_16' title='bbox 292 656 375 736; x_wconf 80' lang='grc' dir='ltr'>ταύτῃ</span> <span class='ocrx_word' id='word_1_17' title='bbox 398 655 603 730; x_wconf 78' lang='grc' dir='ltr'>ἀπολειπόμεθα</span> <span class='ocrx_word' id='word_1_18' title='bbox 626 653 762 734; x_wconf 81' lang='grc' dir='ltr'>σεβασμίφι</span> <span class='ocrx_word' id='word_1_19' title='bbox 785 661 865 736; x_wconf 81' lang='grc' dir='ltr'>μονῇ,</span> <span class='ocrx_word' id='word_1_20' title='bbox 889 652 956 714; x_wconf 87' lang='grc' dir='ltr'>ἀλλ’</span> <span class='ocrx_word' id='word_1_21' title='bbox 981 657 999 728; x_wconf 77' lang='grc' dir='ltr'><strong>ἢ</strong></span> <span class='ocrx_word' id='word_1_22' title='bbox 1027 657 1112 731; x_wconf 82' lang='grc' dir='ltr'>μόνην</span> <span class='ocrx_word' id='word_1_23' title='bbox 1139 655 1187 730; x_wconf 79' lang='grc' dir='ltr'>τῆν</span> <span class='ocrx_word' id='word_1_24' title='bbox 1215 655 1351 736; x_wconf 81' lang='grc' dir='ltr'>ἀναφορὰν</span> 
     </span>
     <span class='ocr_line' id='line_1_4' title="bbox 66 775 1351 859; baseline 0.004 -23"><span class='ocrx_word' id='word_1_25' title='bbox 66 783 103 837; x_wconf 86' lang='grc' dir='ltr'>τοῦ</span> <span class='ocrx_word' id='word_1_26' title='bbox 123 778 266 856; x_wconf 78' lang='grc' dir='ltr'>ὀνόματος,</span> <span class='ocrx_word' id='word_1_27' title='bbox 290 777 335 836; x_wconf 85' lang='grc' dir='ltr'>διά</span> <span class='ocrx_word' id='word_1_28' title='bbox 356 778 387 836; x_wconf 78' lang='grc' dir='ltr'>τό</span> <span class='ocrx_word' id='word_1_29' title='bbox 409 775 456 836; x_wconf 81' lang='grc' dir='ltr'>καί</span> <span class='ocrx_word' id='word_1_30' title='bbox 479 776 599 856; x_wconf 76' lang='grc' dir='ltr'>ἀρχῆθεν</span> <span class='ocrx_word' id='word_1_31' title='bbox 622 778 652 835; x_wconf 81' lang='grc' dir='ltr'>τό</span> <span class='ocrx_word' id='word_1_32' title='bbox 675 781 721 836; x_wconf 90' lang='grc' dir='ltr'>τοῦ</span> <span class='ocrx_word' id='word_1_33' title='bbox 743 775 814 835; x_wconf 78' lang='grc' dir='ltr'>κατὰ</span> <span class='ocrx_word' id='word_1_34' title='bbox 841 775 950 856; x_wconf 78' lang='grc' dir='ltr'>καιρούς</span> <span class='ocrx_word' id='word_1_35' title='bbox 977 779 1143 856; x_wconf 78' lang='grc' dir='ltr'>πατριάρχου</span> <span class='ocrx_word' id='word_1_36' title='bbox 1171 777 1351 859; x_wconf 88' lang='grc' dir='ltr'>ἀναφέρεσθαι</span> 
     </span>
     <span class='ocr_line' id='line_1_5' title="bbox 67 896 1352 982; baseline 0.002 -24"><span class='ocrx_word' id='word_1_37' title='bbox 67 899 149 973; x_wconf 82' lang='grc' dir='ltr'>όνομιι,</span> <span class='ocrx_word' id='word_1_38' title='bbox 178 901 217 970; x_wconf 81' lang='grc' dir='ltr'>ὡς</span> <span class='ocrx_word' id='word_1_39' title='bbox 242 896 289 958; x_wconf 87' lang='grc' dir='ltr'>καὶ</span> <span class='ocrx_word' id='word_1_40' title='bbox 317 897 361 958; x_wconf 80' lang='grc' dir='ltr'>ἐπὶ</span> <span class='ocrx_word' id='word_1_41' title='bbox 386 897 573 979; x_wconf 81' lang='grc' dir='ltr'>πατριαρχικῷ</span> <span class='ocrx_word' id='word_1_42' title='bbox 597 898 785 977; x_wconf 75' lang='grc' dir='ltr'>σταιροπῆγίῳ</span> <span class='ocrx_word' id='word_1_43' title='bbox 808 903 856 973; x_wconf 82' lang='grc' dir='ltr'>τῆς</span> <span class='ocrx_word' id='word_1_44' title='bbox 880 903 967 973; x_wconf 84' lang='grc' dir='ltr'>μονῆς</span> <span class='ocrx_word' id='word_1_45' title='bbox 990 899 1227 978; x_wconf 66' lang='grc' dir='ltr'>ἀνεγηγερμένης·</span> <span class='ocrx_word' id='word_1_46' title='bbox 1252 898 1275 959; x_wconf 85' lang='grc' dir='ltr'>εἰ</span> <span class='ocrx_word' id='word_1_47' title='bbox 1298 897 1352 982; x_wconf 80' lang='grc' dir='ltr'>γάρ</span> 
     </span>
     <span class='ocr_line' id='line_1_6' title="bbox 66 1017 1352 1100; baseline 0.005 -23"><span class='ocrx_word' id='word_1_48' title='bbox 66 1018 105 1078; x_wconf 76' lang='grc' dir='ltr'>καί</span> <span class='ocrx_word' id='word_1_49' title='bbox 126 1021 187 1080; x_wconf 60' lang='lat' dir='ltr'>amb</span> <span class='ocrx_word' id='word_1_50' title='bbox 209 1023 286 1080; x_wconf 84' lang='grc' dir='ltr'>τοῦτο</span> <span class='ocrx_word' id='word_1_51' title='bbox 310 1019 383 1099; x_wconf 78' lang='grc' dir='ltr'>παρὰ</span> <span class='ocrx_word' id='word_1_52' title='bbox 406 1025 459 1080; x_wconf 84' lang='grc' dir='ltr'>τῶν</span> <span class='ocrx_word' id='word_1_53' title='bbox 483 1025 613 1096; x_wconf 87' lang='grc' dir='ltr'>μοναχῶν</span> <span class='ocrx_word' id='word_1_54' title='bbox 635 1019 663 1078; x_wconf 89' lang='grc' dir='ltr'>ἐν</span> <span class='ocrx_word' id='word_1_55' title='bbox 683 1017 720 1096; x_wconf 84' lang='grc' dir='ltr'>τῷ</span> <span class='ocrx_word' id='word_1_56' title='bbox 738 1021 813 1098; x_wconf 86' lang='grc' dir='ltr'>μέσῳ</span> <span class='ocrx_word' id='word_1_57' title='bbox 829 1021 1066 1098; x_wconf 75' lang='grc' dir='ltr'>κεκαινοτόμηται,</span> <span class='ocrx_word' id='word_1_58' title='bbox 1089 1021 1179 1097; x_wconf 80' lang='grc' dir='ltr'>πάσης</span> <span class='ocrx_word' id='word_1_59' title='bbox 1203 1022 1352 1100; x_wconf 85' lang='grc' dir='ltr'>ἐπισκοπῆς</span> 
     </span>
     <span class='ocr_line' id='line_1_7' title="bbox 66 1137 1352 1222; baseline 0.005 -23"><span class='ocrx_word' id='word_1_60' title='bbox 66 1137 206 1218; x_wconf 68' lang='grc' dir='ltr'>όρθοδόξων</span> <span class='ocrx_word' id='word_1_61' title='bbox 230 1142 259 1200; x_wconf 86' lang='grc' dir='ltr'>ἐν</span> <span class='ocrx_word' id='word_1_62' title='bbox 282 1145 341 1213; x_wconf 86' lang='grc' dir='ltr'>ταῖς</span> <span class='ocrx_word' id='word_1_63' title='bbox 368 1141 454 1212; x_wconf 82' lang='grc' dir='ltr'>θείαις</span> <span class='ocrx_word' id='word_1_64' title='bbox 483 1140 694 1220; x_wconf 88' lang='grc' dir='ltr'>ίεροτελεστίαις</span> <span class='ocrx_word' id='word_1_65' title='bbox 725 1143 960 1222; x_wconf 75' lang='grc' dir='ltr'>μνημονευόντων,</span> <span class='ocrx_word' id='word_1_66' title='bbox 991 1143 1181 1220; x_wconf 82' lang='grc' dir='ltr'>θαρρησοίντων</span> <span class='ocrx_word' id='word_1_67' title='bbox 1207 1143 1352 1205; x_wconf 86' lang='grc' dir='ltr'>καὶτοῦτο</span> 
     </span>
     <span class='ocr_line' id='line_1_8' title="bbox 65 1262 1353 1344; baseline 0.004 -23"><span class='ocrx_word' id='word_1_68' title='bbox 65 1271 163 1338; x_wconf 86' lang='grc' dir='ltr'>ποιῆται</span> <span class='ocrx_word' id='word_1_69' title='bbox 184 1270 218 1344; x_wconf 82' lang='grc' dir='ltr'>τῆ</span> <span class='ocrx_word' id='word_1_70' title='bbox 241 1267 287 1324; x_wconf 85' lang='grc' dir='ltr'>τοῦ</span> <span class='ocrx_word' id='word_1_71' title='bbox 309 1262 517 1342; x_wconf 87' lang='grc' dir='ltr'>χρυσοβούλλου</span> <span class='ocrx_word' id='word_1_72' title='bbox 539 1263 625 1340; x_wconf 85' lang='grc' dir='ltr'>λόγου</span> <span class='ocrx_word' id='word_1_73' title='bbox 648 1269 754 1344; x_wconf 86' lang='grc' dir='ltr'>γραφῇ,</span> <span class='ocrx_word' id='word_1_74' title='bbox 778 1263 855 1322; x_wconf 78' lang='grc' dir='ltr'>ἀλλὰ</span> <span class='ocrx_word' id='word_1_75' title='bbox 877 1263 960 1322; x_wconf 86' lang='grc' dir='ltr'>πάλιν</span> <span class='ocrx_word' id='word_1_76' title='bbox 984 1262 1162 1343; x_wconf 85' lang='grc' dir='ltr'>διορθουμένη</span> <span class='ocrx_word' id='word_1_77' title='bbox 1185 1265 1214 1324; x_wconf 85' lang='grc' dir='ltr'>τδ</span> <span class='ocrx_word' id='word_1_78' title='bbox 1237 1267 1353 1344; x_wconf 82' lang='grc' dir='ltr'>γεγονός</span> 
     </span>
     <span class='ocr_line' id='line_1_9' title="bbox 65 1383 1353 1467; baseline 0.002 -24"><span class='ocrx_word' id='word_1_79' title='bbox 65 1387 79 1458; x_wconf 81' lang='grc' dir='ltr'>ί,</span> <span class='ocrx_word' id='word_1_80' title='bbox 101 1387 239 1464; x_wconf 75' lang='grc' dir='ltr'>μετριότης</span> <span class='ocrx_word' id='word_1_81' title='bbox 261 1387 341 1460; x_wconf 81' lang='grc' dir='ltr'>ἡμῶν</span> <span class='ocrx_word' id='word_1_82' title='bbox 365 1383 409 1444; x_wconf 87' lang='grc' dir='ltr'>διόι</span> <span class='ocrx_word' id='word_1_83' title='bbox 432 1386 462 1444; x_wconf 84' lang='grc' dir='ltr'>τό</span> <span class='ocrx_word' id='word_1_84' title='bbox 484 1387 552 1467; x_wconf 79' lang='grc' dir='ltr'>πρός</span> <span class='ocrx_word' id='word_1_85' title='bbox 575 1384 713 1461; x_wconf 86' lang='grc' dir='ltr'>μηδεμίαν</span> <span class='ocrx_word' id='word_1_86' title='bbox 736 1383 783 1444; x_wconf 85' lang='grc' dir='ltr'>καὶ</span> <span class='ocrx_word' id='word_1_87' title='bbox 806 1389 882 1445; x_wconf 92' lang='grc' dir='ltr'>τοῦτο</span> <span class='ocrx_word' id='word_1_88' title='bbox 906 1385 1042 1460; x_wconf 75' lang='grc' dir='ltr'>ζημίανῆ</span> <span class='ocrx_word' id='word_1_89' title='bbox 1067 1384 1176 1462; x_wconf 80' lang='grc' dir='ltr'>βλάβην</span> <span class='ocrx_word' id='word_1_90' title='bbox 1197 1393 1247 1462; x_wconf 84' lang='grc' dir='ltr'>τῆς</span> <span class='ocrx_word' id='word_1_91' title='bbox 1267 1393 1353 1462; x_wconf 87' lang='grc' dir='ltr'>μονῆς</span> 
     </span>
     <span class='ocr_line' id='line_1_10' title="bbox 66 1504 1354 1590; baseline 0.005 -26"><span class='ocrx_word' id='word_1_92' title='bbox 66 1505 167 1586; x_wconf 80' lang='grc' dir='ltr'>ἀφορᾶν,</span> <span class='ocrx_word' id='word_1_93' title='bbox 190 1504 335 1586; x_wconf 83' lang='grc' dir='ltr'>διορίζεται</span> <span class='ocrx_word' id='word_1_94' title='bbox 357 1505 402 1566; x_wconf 81' lang='grc' dir='ltr'>διὰ</span> <span class='ocrx_word' id='word_1_95' title='bbox 428 1511 474 1566; x_wconf 88' lang='grc' dir='ltr'>τοῦ</span> <span class='ocrx_word' id='word_1_96' title='bbox 504 1509 638 1588; x_wconf 81' lang='grc' dir='ltr'>παρόντος</span> <span class='ocrx_word' id='word_1_97' title='bbox 669 1507 805 1586; x_wconf 73' lang='grc' dir='ltr'>ἐγγράφου</span> <span class='ocrx_word' id='word_1_98' title='bbox 836 1507 1032 1586; x_wconf 71' lang='grc' dir='ltr'>ἀναμφιβόλως</span> <span class='ocrx_word' id='word_1_99' title='bbox 1056 1507 1084 1566; x_wconf 87' lang='grc' dir='ltr'>ἐν</span> <span class='ocrx_word' id='word_1_100' title='bbox 1106 1513 1139 1588; x_wconf 78' lang='grc' dir='ltr'>τῇ</span> <span class='ocrx_word' id='word_1_101' title='bbox 1163 1514 1233 1590; x_wconf 78' lang='grc' dir='ltr'>μονῇ</span> <span class='ocrx_word' id='word_1_102' title='bbox 1255 1511 1285 1567; x_wconf 85' lang='grc' dir='ltr'>τό</span> <span class='ocrx_word' id='word_1_103' title='bbox 1308 1513 1354 1570; x_wconf 93' lang='grc' dir='ltr'>τοῦ</span> 
     </span>
    </p>
   </div>
   <div class='ocr_carea' id='block_1_3' title="bbox 66 1627 1354 1709">
    <p class='ocr_par' dir='ltr' id='par_1_3' title="bbox 66 1627 1354 1709">
     <span class='ocr_line' id='line_1_11' title="bbox 66 1627 1354 1709; baseline 0.004 -23"><span class='ocrx_word' id='word_1_104' title='bbox 66 1627 127 1686; x_wconf 76' lang='grc' dir='ltr'>κατὰ</span> <span class='ocrx_word' id='word_1_105' title='bbox 155 1627 266 1706; x_wconf 80' lang='grc' dir='ltr'>καιρούς</span> <span class='ocrx_word' id='word_1_106' title='bbox 294 1631 462 1708; x_wconf 83' lang='grc' dir='ltr'>πατριάρχου</span> <span class='ocrx_word' id='word_1_107' title='bbox 492 1628 673 1708; x_wconf 83' lang='grc' dir='ltr'>ἀναφέρεσθαι</span> <span class='ocrx_word' id='word_1_108' title='bbox 704 1629 799 1708; x_wconf 83' lang='grc' dir='ltr'>όνομα,</span> <span class='ocrx_word' id='word_1_109' title='bbox 830 1627 917 1704; x_wconf 84' lang='grc' dir='ltr'>μηδὲν</span> <span class='ocrx_word' id='word_1_110' title='bbox 941 1629 973 1688; x_wconf 86' lang='grc' dir='ltr'>δέ</span> <span class='ocrx_word' id='word_1_111' title='bbox 995 1649 1019 1688; x_wconf 92' lang='grc' dir='ltr'>τι</span> <span class='ocrx_word' id='word_1_112' title='bbox 1041 1631 1179 1709; x_wconf 77' lang='grc' dir='ltr'>προσεῖναι</span> <span class='ocrx_word' id='word_1_113' title='bbox 1211 1628 1282 1708; x_wconf 82' lang='grc' dir='ltr'>αύτῷ</span> <span class='ocrx_word' id='word_1_114' title='bbox 1310 1629 1354 1691; x_wconf 85' lang='grc' dir='ltr'>ἐπὶ</span> 
     </span>
    </p>
   </div>
   <div class='ocr_carea' id='block_1_4' title="bbox 65 1735 1353 1831">
    <p class='ocr_par' dir='ltr' id='par_1_4' title="bbox 65 1735 1353 1831">
     <span class='ocr_line' id='line_1_12' title="bbox 65 1735 1353 1831; baseline -0.002 -19"><span class='ocrx_word' id='word_1_115' title='bbox 65 1755 95 1830; x_wconf 75' lang='grc' dir='ltr'>τῆ</span> <span class='ocrx_word' id='word_1_116' title='bbox 123 1757 189 1831; x_wconf 75' lang='grc' dir='ltr'>μονῇ</span> <span class='ocrx_word' id='word_1_117' title='bbox 217 1735 416 1824; x_wconf 86' lang='grc' dir='ltr'>οίονδηποτοῦνΙ</span> <span class='ocrx_word' id='word_1_118' title='bbox 439 1749 512 1810; x_wconf 85' lang='grc' dir='ltr'>ἀλλο</span> <span class='ocrx_word' id='word_1_119' title='bbox 540 1749 654 1830; x_wconf 88' lang='grc' dir='ltr'>δίκαιον,</span> <span class='ocrx_word' id='word_1_120' title='bbox 684 1747 784 1826; x_wconf 80' lang='grc' dir='ltr'>πολλῷ</span> <span class='ocrx_word' id='word_1_121' title='bbox 812 1749 844 1809; x_wconf 86' lang='grc' dir='ltr'>δέ</span> <span class='ocrx_word' id='word_1_122' title='bbox 873 1749 959 1824; x_wconf 80' lang='grc' dir='ltr'>δήπου</span> <span class='ocrx_word' id='word_1_123' title='bbox 986 1751 1089 1828; x_wconf 89' lang='grc' dir='ltr'>ἑτέροις</span> <span class='ocrx_word' id='word_1_124' title='bbox 1116 1751 1285 1830; x_wconf 76' lang='grc' dir='ltr'>ἀρχιερεῦσιν</span> <span class='ocrx_word' id='word_1_125' title='bbox 1311 1753 1353 1830; x_wconf 85' lang='grc' dir='ltr'>ὑφ’</span> 
     </span>
    </p>
   </div>
   <div class='ocr_carea' id='block_1_5' title="bbox 61 1869 1359 4450">
    <p class='ocr_par' dir='ltr' id='par_1_5' title="bbox 61 1869 1357 3777">
     <span class='ocr_line' id='line_1_13' title="bbox 65 1869 1353 1953; baseline 0.003 -26"><span class='ocrx_word' id='word_1_126' title='bbox 65 1869 166 1940; x_wconf 82' lang='grc' dir='ltr'>ἑαυτούς</span> <span class='ocrx_word' id='word_1_127' title='bbox 188 1871 266 1949; x_wconf 85' lang='grc' dir='ltr'>άγειν</span> <span class='ocrx_word' id='word_1_128' title='bbox 288 1872 385 1948; x_wconf 75' lang='grc' dir='ltr'>ταύτην</span> <span class='ocrx_word' id='word_1_129' title='bbox 409 1871 574 1952; x_wconf 85' lang='grc' dir='ltr'>ἐπιχειροῦσι</span> <span class='ocrx_word' id='word_1_130' title='bbox 591 1871 635 1931; x_wconf 86' lang='grc' dir='ltr'>διόι</span> <span class='ocrx_word' id='word_1_131' title='bbox 650 1872 679 1930; x_wconf 88' lang='grc' dir='ltr'>τδ</span> <span class='ocrx_word' id='word_1_132' title='bbox 696 1871 776 1952; x_wconf 84' lang='grc' dir='ltr'>ἐντῆ</span> <span class='ocrx_word' id='word_1_133' title='bbox 801 1869 862 1930; x_wconf 86' lang='grc' dir='ltr'>κατ’</span> <span class='ocrx_word' id='word_1_134' title='bbox 879 1871 974 1942; x_wconf 68' lang='grc' dir='ltr'>αύτούς</span> <span class='ocrx_word' id='word_1_135' title='bbox 991 1871 1082 1953; x_wconf 82' lang='grc' dir='ltr'>ἐνορίᾳ</span> <span class='ocrx_word' id='word_1_136' title='bbox 1102 1873 1247 1948; x_wconf 78' lang='grc' dir='ltr'>τυγχάνειν</span> <span class='ocrx_word' id='word_1_137' title='bbox 1271 1873 1353 1948; x_wconf 85' lang='grc' dir='ltr'>αῦτὴν</span> 
     </span>
     <span class='ocr_line' id='line_1_14' title="bbox 65 1991 1353 2074; baseline 0.002 -25"><span class='ocrx_word' id='word_1_138' title='bbox 65 1991 171 2066; x_wconf 80' lang='grc' dir='ltr'>οῦδεμία</span> <span class='ocrx_word' id='word_1_139' title='bbox 199 1993 269 2072; x_wconf 80' lang='grc' dir='ltr'>1πρός</span> <span class='ocrx_word' id='word_1_140' title='bbox 296 1994 344 2067; x_wconf 80' lang='grc' dir='ltr'>τῆν</span> <span class='ocrx_word' id='word_1_141' title='bbox 373 1993 459 2068; x_wconf 84' lang='grc' dir='ltr'>μονὴν</span> <span class='ocrx_word' id='word_1_142' title='bbox 488 1993 587 2052; x_wconf 86' lang='grc' dir='ltr'>ἐσείται</span> <span class='ocrx_word' id='word_1_143' title='bbox 613 1996 631 2066; x_wconf 86' lang='grc' dir='ltr'>ῆ</span> <span class='ocrx_word' id='word_1_144' title='bbox 654 1993 783 2074; x_wconf 88' lang='grc' dir='ltr'>πάροδος,</span> <span class='ocrx_word' id='word_1_145' title='bbox 816 1993 846 2052; x_wconf 86' lang='grc' dir='ltr'>οῦ</span> <span class='ocrx_word' id='word_1_146' title='bbox 872 1991 1039 2072; x_wconf 88' lang='grc' dir='ltr'>χειροτονίας</span> <span class='ocrx_word' id='word_1_147' title='bbox 1069 1994 1150 2073; x_wconf 88' lang='grc' dir='ltr'>χάριν</span> <span class='ocrx_word' id='word_1_148' title='bbox 1181 1993 1353 2070; x_wconf 83' lang='grc' dir='ltr'>διακόνωνῆ</span> 
     </span>
     <span class='ocr_line' id='line_1_15' title="bbox 64 2113 1353 2194; baseline 0.004 -23"><span class='ocrx_word' id='word_1_149' title='bbox 64 2114 252 2192; x_wconf 76' lang='grc' dir='ltr'>πρεσβυτέρων,</span> <span class='ocrx_word' id='word_1_150' title='bbox 276 2115 307 2174; x_wconf 83' lang='grc' dir='ltr'>οῦ</span> <span class='ocrx_word' id='word_1_151' title='bbox 333 2113 476 2194; x_wconf 77' lang='grc' dir='ltr'>προβολῆς</span> <span class='ocrx_word' id='word_1_152' title='bbox 503 2116 674 2193; x_wconf 76' lang='grc' dir='ltr'>ἡγουμένων,</span> <span class='ocrx_word' id='word_1_153' title='bbox 702 2117 732 2174; x_wconf 80' lang='grc' dir='ltr'>οῦ</span> <span class='ocrx_word' id='word_1_154' title='bbox 759 2117 882 2191; x_wconf 74' lang='grc' dir='ltr'>φυχικῦν</span> <span class='ocrx_word' id='word_1_155' title='bbox 910 2114 1079 2193; x_wconf 81' lang='grc' dir='ltr'>σφαλμάτων</span> <span class='ocrx_word' id='word_1_156' title='bbox 1107 2115 1305 2193; x_wconf 83' lang='grc' dir='ltr'>ἐπιτφρήσεως·</span> <span class='ocrx_word' id='word_1_157' title='bbox 1330 2113 1353 2176; x_wconf 89' lang='grc' dir='ltr'>εί</span> 
     </span>
     <span class='ocr_line' id='line_1_16' title="bbox 64 2231 1354 2317; baseline 0.003 -25"><span class='ocrx_word' id='word_1_158' title='bbox 64 2233 112 2312; x_wconf 84' lang='grc' dir='ltr'>γάρ</span> <span class='ocrx_word' id='word_1_159' title='bbox 133 2235 195 2295; x_wconf 86' lang='grc' dir='ltr'>οῦδὲ</span> <span class='ocrx_word' id='word_1_160' title='bbox 219 2239 275 2307; x_wconf 82' lang='grc' dir='ltr'>τοῖς</span> <span class='ocrx_word' id='word_1_161' title='bbox 296 2237 478 2314; x_wconf 86' lang='grc' dir='ltr'>πατριάρχαις</span> <span class='ocrx_word' id='word_1_162' title='bbox 500 2237 588 2307; x_wconf 75' lang='grc' dir='ltr'>αὺτοῖς</span> <span class='ocrx_word' id='word_1_163' title='bbox 612 2231 650 2294; x_wconf 81' lang='grc' dir='ltr'>ὧν</span> <span class='ocrx_word' id='word_1_164' title='bbox 673 2233 719 2295; x_wconf 82' lang='grc' dir='ltr'>καί</span> <span class='ocrx_word' id='word_1_165' title='bbox 739 2235 757 2310; x_wconf 79' lang='grc' dir='ltr'>ἡ</span> <span class='ocrx_word' id='word_1_166' title='bbox 778 2235 899 2315; x_wconf 83' lang='grc' dir='ltr'>ἀναφορὰ</span> <span class='ocrx_word' id='word_1_167' title='bbox 921 2239 967 2294; x_wconf 89' lang='grc' dir='ltr'>τοῦ</span> <span class='ocrx_word' id='word_1_168' title='bbox 994 2235 1126 2311; x_wconf 81' lang='grc' dir='ltr'>όνόματος</span> <span class='ocrx_word' id='word_1_169' title='bbox 1149 2235 1194 2296; x_wconf 88' lang='grc' dir='ltr'>διὰ</span> <span class='ocrx_word' id='word_1_170' title='bbox 1215 2243 1264 2312; x_wconf 88' lang='grc' dir='ltr'>τῆς</span> <span class='ocrx_word' id='word_1_171' title='bbox 1286 2258 1354 2317; x_wconf 88' lang='grc' dir='ltr'>χρυ-</span> 
     </span>
     <span class='ocr_line' id='line_1_17' title="bbox 66 2355 1355 2438; baseline 0.003 -24"><span class='ocrx_word' id='word_1_172' title='bbox 66 2357 210 2430; x_wconf 86' lang='grc' dir='ltr'>τοβοῦλλου</span> <span class='ocrx_word' id='word_1_173' title='bbox 232 2357 331 2434; x_wconf 72' lang='grc' dir='ltr'>ταύτης</span> <span class='ocrx_word' id='word_1_174' title='bbox 352 2363 460 2438; x_wconf 79' lang='grc' dir='ltr'>γραφῆς</span> <span class='ocrx_word' id='word_1_175' title='bbox 483 2358 681 2437; x_wconf 84' lang='grc' dir='ltr'>ἐπιτέτραπται,</span> <span class='ocrx_word' id='word_1_176' title='bbox 704 2357 857 2428; x_wconf 79' lang='grc' dir='ltr'>παντελοῦς</span> <span class='ocrx_word' id='word_1_177' title='bbox 882 2357 1040 2436; x_wconf 87' lang='grc' dir='ltr'>ἐλευθερίας</span> <span class='ocrx_word' id='word_1_178' title='bbox 1055 2357 1103 2431; x_wconf 77' lang='grc' dir='ltr'>τῆν</span> <span class='ocrx_word' id='word_1_179' title='bbox 1121 2359 1206 2434; x_wconf 74' lang='grc' dir='ltr'>μονὴν</span> <span class='ocrx_word' id='word_1_180' title='bbox 1229 2355 1355 2436; x_wconf 72' lang='grc' dir='ltr'>ἀξιούσης</span> 
     </span>
     <span class='ocr_line' id='line_1_18' title="bbox 65 2472 1354 2560; baseline 0.002 -24"><span class='ocrx_word' id='word_1_181' title='bbox 65 2477 105 2537; x_wconf 86' lang='grc' dir='ltr'>καί</span> <span class='ocrx_word' id='word_1_182' title='bbox 126 2478 297 2552; x_wconf 81' lang='grc' dir='ltr'>αάτεξούσιον</span> <span class='ocrx_word' id='word_1_183' title='bbox 319 2481 417 2556; x_wconf 76' lang='grc' dir='ltr'>ταύτην</span> <span class='ocrx_word' id='word_1_184' title='bbox 439 2478 703 2560; x_wconf 83' lang='grc' dir='ltr'>παρακελευομένης</span> <span class='ocrx_word' id='word_1_185' title='bbox 727 2472 794 2537; x_wconf 84' lang='grc' dir='ltr'>εἶναι</span> <span class='ocrx_word' id='word_1_186' title='bbox 820 2476 867 2536; x_wconf 85' lang='grc' dir='ltr'>καί</span> <span class='ocrx_word' id='word_1_187' title='bbox 891 2477 1097 2558; x_wconf 84' lang='grc' dir='ltr'>αάτοδέσποτον,</span> <span class='ocrx_word' id='word_1_188' title='bbox 1119 2478 1219 2558; x_wconf 82' lang='grc' dir='ltr'>πολλῷ</span> <span class='ocrx_word' id='word_1_189' title='bbox 1243 2479 1354 2554; x_wconf 90' lang='grc' dir='ltr'>μᾶλλον</span> 
     </span>
     <span class='ocr_line' id='line_1_19' title="bbox 66 2595 1354 2682; baseline 0.002 -25"><span class='ocrx_word' id='word_1_190' title='bbox 66 2601 159 2679; x_wconf 80' lang='grc' dir='ltr'>ιιάτοῦς,</span> <span class='ocrx_word' id='word_1_191' title='bbox 188 2595 228 2672; x_wconf 83' lang='grc' dir='ltr'>οἷς</span> <span class='ocrx_word' id='word_1_192' title='bbox 265 2599 313 2660; x_wconf 81' lang='grc' dir='ltr'>καὶ</span> <span class='ocrx_word' id='word_1_193' title='bbox 339 2607 388 2676; x_wconf 86' lang='grc' dir='ltr'>τῆς</span> <span class='ocrx_word' id='word_1_194' title='bbox 414 2601 623 2678; x_wconf 84' lang='grc' dir='ltr'>χρυσοβοῦλλου</span> <span class='ocrx_word' id='word_1_195' title='bbox 650 2599 714 2678; x_wconf 91' lang='grc' dir='ltr'>δίχα</span> <span class='ocrx_word' id='word_1_196' title='bbox 742 2605 848 2680; x_wconf 82' lang='grc' dir='ltr'>γραφῆς</span> <span class='ocrx_word' id='word_1_197' title='bbox 887 2598 965 2659; x_wconf 83' lang='grc' dir='ltr'>οῦδὲν</span> <span class='ocrx_word' id='word_1_198' title='bbox 993 2597 1036 2659; x_wconf 85' lang='grc' dir='ltr'>ἐπὶ</span> <span class='ocrx_word' id='word_1_199' title='bbox 1059 2601 1141 2682; x_wconf 80' lang='grc' dir='ltr'>ταύτῃ</span> <span class='ocrx_word' id='word_1_200' title='bbox 1164 2601 1290 2680; x_wconf 88' lang='grc' dir='ltr'>πρόσεστι</span> <span class='ocrx_word' id='word_1_201' title='bbox 1314 2601 1354 2660; x_wconf 90' lang='grc' dir='ltr'>δί-</span> 
     </span>
     <span class='ocr_line' id='line_1_20' title="bbox 64 2720 1356 2804; baseline 0.002 -24"><span class='ocrx_word' id='word_1_202' title='bbox 64 2743 144 2797; x_wconf 84' lang='grc' dir='ltr'>καιον,</span> <span class='ocrx_word' id='word_1_203' title='bbox 169 2723 217 2782; x_wconf 86' lang='grc' dir='ltr'>άτε</span> <span class='ocrx_word' id='word_1_204' title='bbox 240 2721 274 2798; x_wconf 86' lang='grc' dir='ltr'>δὴ</span> <span class='ocrx_word' id='word_1_205' title='bbox 300 2720 347 2782; x_wconf 83' lang='grc' dir='ltr'>καὶ</span> <span class='ocrx_word' id='word_1_206' title='bbox 374 2724 464 2797; x_wconf 90' lang='grc' dir='ltr'>μόνων</span> <span class='ocrx_word' id='word_1_207' title='bbox 490 2727 544 2782; x_wconf 84' lang='grc' dir='ltr'>τῶν</span> <span class='ocrx_word' id='word_1_208' title='bbox 571 2728 774 2802; x_wconf 85' lang='grc' dir='ltr'>πατριαρχικῶν</span> <span class='ocrx_word' id='word_1_209' title='bbox 801 2721 953 2800; x_wconf 86' lang='grc' dir='ltr'>προνομίων</span> <span class='ocrx_word' id='word_1_210' title='bbox 980 2722 1133 2801; x_wconf 78' lang='grc' dir='ltr'>ἀρκούντων</span> <span class='ocrx_word' id='word_1_211' title='bbox 1160 2723 1262 2795; x_wconf 78' lang='grc' dir='ltr'>τούτοις</span> <span class='ocrx_word' id='word_1_212' title='bbox 1287 2725 1356 2804; x_wconf 83' lang='grc' dir='ltr'>πρός</span> 
     </span>
     <span class='ocr_line' id='line_1_21' title="bbox 65 2839 1355 2923; baseline 0.002 -21"><span class='ocrx_word' id='word_1_213' title='bbox 65 2843 229 2920; x_wconf 83' lang='grc' dir='ltr'>ἀποτόβησιν.</span> <span class='ocrx_word' id='word_1_214' title='bbox 262 2841 368 2916; x_wconf 85' lang='grc' dir='ltr'>ἐξέσται</span> <span class='ocrx_word' id='word_1_215' title='bbox 399 2846 486 2905; x_wconf 91' lang='grc' dir='ltr'>τοίνυν</span> <span class='ocrx_word' id='word_1_216' title='bbox 516 2843 666 2916; x_wconf 85' lang='grc' dir='ltr'>ἀκωλύτως</span> <span class='ocrx_word' id='word_1_217' title='bbox 692 2846 748 2915; x_wconf 85' lang='grc' dir='ltr'>τοῖς</span> <span class='ocrx_word' id='word_1_218' title='bbox 776 2845 909 2921; x_wconf 88' lang='grc' dir='ltr'>μοναχοίς</span> <span class='ocrx_word' id='word_1_219' title='bbox 935 2841 981 2901; x_wconf 87' lang='grc' dir='ltr'>καί</span> <span class='ocrx_word' id='word_1_220' title='bbox 1008 2845 1073 2923; x_wconf 82' lang='grc' dir='ltr'>παρ’</span> <span class='ocrx_word' id='word_1_221' title='bbox 1094 2839 1116 2923; x_wconf 82' lang='grc' dir='ltr'>ᾧ</span> <span class='ocrx_word' id='word_1_222' title='bbox 1141 2847 1174 2902; x_wconf 84' lang='grc' dir='ltr'>άν</span> <span class='ocrx_word' id='word_1_223' title='bbox 1203 2843 1355 2918; x_wconf 89' lang='grc' dir='ltr'>βούλωνται</span> 
     </span>
     <span class='ocr_line' id='line_1_22' title="bbox 62 2964 1356 3046; baseline 0.002 -24"><span class='ocrx_word' id='word_1_224' title='bbox 62 2965 106 3036; x_wconf 77' lang='grc' dir='ltr'>τὰς</span> <span class='ocrx_word' id='word_1_225' title='bbox 127 2967 230 3025; x_wconf 76' lang='grc' dir='ltr'>ἑαυτῶν</span> <span class='ocrx_word' id='word_1_226' title='bbox 252 2968 386 3026; x_wconf 84' lang='grc' dir='ltr'>ποιεῖσθαι</span> <span class='ocrx_word' id='word_1_227' title='bbox 407 2967 577 3046; x_wconf 87' lang='grc' dir='ltr'>χειροτονίας</span> <span class='ocrx_word' id='word_1_228' title='bbox 617 2965 664 3026; x_wconf 86' lang='grc' dir='ltr'>καί</span> <span class='ocrx_word' id='word_1_229' title='bbox 693 2967 756 3026; x_wconf 90' lang='grc' dir='ltr'>καθ’</span> <span class='ocrx_word' id='word_1_230' title='bbox 780 2964 891 3035; x_wconf 83' lang='grc' dir='ltr'>ἑαυτούς</span> <span class='ocrx_word' id='word_1_231' title='bbox 922 2965 1042 3044; x_wconf 79' lang='grc' dir='ltr'>ἐνεργεῖν</span> <span class='ocrx_word' id='word_1_232' title='bbox 1072 2966 1121 3039; x_wconf 77' lang='grc' dir='ltr'>τῆν</span> <span class='ocrx_word' id='word_1_233' title='bbox 1144 2969 1189 3024; x_wconf 89' lang='grc' dir='ltr'>τοῦ</span> <span class='ocrx_word' id='word_1_234' title='bbox 1214 2965 1243 3024; x_wconf 84' lang='grc' dir='ltr'>ἐν</span> <span class='ocrx_word' id='word_1_235' title='bbox 1266 2967 1356 3038; x_wconf 85' lang='grc' dir='ltr'>αύτοῖς</span> 
     </span>
     <span class='ocr_line' id='line_1_23' title="bbox 61 3085 1356 3169; baseline 0.001 -25"><span class='ocrx_word' id='word_1_236' title='bbox 61 3091 267 3166; x_wconf 82' lang='grc' dir='ltr'>προστατοῦντος</span> <span class='ocrx_word' id='word_1_237' title='bbox 292 3087 468 3169; x_wconf 89' lang='grc' dir='ltr'>προχείριοιν.</span> <span class='ocrx_word' id='word_1_238' title='bbox 497 3087 520 3148; x_wconf 78' lang='grc' dir='ltr'>εἰ</span> <span class='ocrx_word' id='word_1_239' title='bbox 549 3087 580 3148; x_wconf 88' lang='grc' dir='ltr'>δέ</span> <span class='ocrx_word' id='word_1_240' title='bbox 600 3109 634 3167; x_wconf 87' lang='grc' dir='ltr'>γε</span> <span class='ocrx_word' id='word_1_241' title='bbox 657 3085 704 3148; x_wconf 89' lang='grc' dir='ltr'>καὶ</span> <span class='ocrx_word' id='word_1_242' title='bbox 726 3089 841 3165; x_wconf 84' lang='grc' dir='ltr'>ψυχικόν</span> <span class='ocrx_word' id='word_1_243' title='bbox 867 3085 1029 3162; x_wconf 85' lang='grc' dir='ltr'>έπισυμβαίη</span> <span class='ocrx_word' id='word_1_244' title='bbox 1053 3085 1167 3165; x_wconf 83' lang='grc' dir='ltr'>σφάλμα</span> <span class='ocrx_word' id='word_1_245' title='bbox 1188 3092 1242 3145; x_wconf 85' lang='grc' dir='ltr'>τῶν</span> <span class='ocrx_word' id='word_1_246' title='bbox 1265 3087 1356 3146; x_wconf 84' lang='grc' dir='ltr'>ἐκεῑσέ</span> 
     </span>
     <span class='ocr_line' id='line_1_24' title="bbox 61 3206 1355 3290; baseline 0 -24"><span class='ocrx_word' id='word_1_247' title='bbox 61 3229 104 3268; x_wconf 85' lang='grc' dir='ltr'>τινι</span> <span class='ocrx_word' id='word_1_248' title='bbox 127 3210 252 3284; x_wconf 76' lang='grc' dir='ltr'>μείζονος</span> <span class='ocrx_word' id='word_1_249' title='bbox 275 3213 293 3285; x_wconf 80' lang='grc' dir='ltr'><strong>ἡ</strong></span> <span class='ocrx_word' id='word_1_250' title='bbox 316 3210 388 3270; x_wconf 81' lang='grc' dir='ltr'>κατὰ</span> <span class='ocrx_word' id='word_1_251' title='bbox 409 3211 457 3285; x_wconf 81' lang='grc' dir='ltr'>τὴν</span> <span class='ocrx_word' id='word_1_252' title='bbox 479 3215 526 3270; x_wconf 88' lang='grc' dir='ltr'>τοῦ</span> <span class='ocrx_word' id='word_1_253' title='bbox 547 3215 718 3290; x_wconf 86' lang='grc' dir='ltr'>προεστῶτος</span> <span class='ocrx_word' id='word_1_254' title='bbox 740 3207 815 3287; x_wconf 78' lang='grc' dir='ltr'>ἰσχύν</span> <span class='ocrx_word' id='word_1_255' title='bbox 840 3209 969 3284; x_wconf 84' lang='grc' dir='ltr'>δεόμενον</span> <span class='ocrx_word' id='word_1_256' title='bbox 993 3207 1172 3288; x_wconf 80' lang='grc' dir='ltr'>διορθώσεως,</span> <span class='ocrx_word' id='word_1_257' title='bbox 1195 3206 1233 3287; x_wconf 83' lang='grc' dir='ltr'>τῷ</span> <span class='ocrx_word' id='word_1_258' title='bbox 1255 3227 1355 3286; x_wconf 88' lang='grc' dir='ltr'>πατρι-</span> 
     </span>
     <span class='ocr_line' id='line_1_25' title="bbox 62 3329 1356 3412; baseline -0.002 -21"><span class='ocrx_word' id='word_1_259' title='bbox 62 3333 128 3412; x_wconf 76' lang='grc' dir='ltr'>άρχῃ</span> <span class='ocrx_word' id='word_1_260' title='bbox 159 3333 224 3412; x_wconf 86' lang='grc' dir='ltr'>παρ’</span> <span class='ocrx_word' id='word_1_261' title='bbox 249 3331 355 3391; x_wconf 85' lang='grc' dir='ltr'>ἐκείνου</span> <span class='ocrx_word' id='word_1_262' title='bbox 384 3329 431 3392; x_wconf 87' lang='grc' dir='ltr'>καί</span> <span class='ocrx_word' id='word_1_263' title='bbox 459 3337 509 3407; x_wconf 87' lang='grc' dir='ltr'>τῆς</span> <span class='ocrx_word' id='word_1_264' title='bbox 539 3331 640 3408; x_wconf 84' lang='grc' dir='ltr'>λοιπῆς</span> <span class='ocrx_word' id='word_1_265' title='bbox 670 3331 883 3408; x_wconf 78' lang='grc' dir='ltr'>ἀνενεχθῆσεται</span> <span class='ocrx_word' id='word_1_266' title='bbox 913 3329 1109 3409; x_wconf 87' lang='grc' dir='ltr'>ἀδελφόιητος,</span> <span class='ocrx_word' id='word_1_267' title='bbox 1140 3329 1221 3388; x_wconf 81' lang='grc' dir='ltr'>κάκεῖ</span> <span class='ocrx_word' id='word_1_268' title='bbox 1250 3330 1356 3408; x_wconf 82' lang='grc' dir='ltr'>εύρῆσει</span> 
     </span>
     <span class='ocr_line' id='line_1_26' title="bbox 61 3447 1356 3532; baseline 0.001 -24"><span class='ocrx_word' id='word_1_269' title='bbox 61 3454 200 3528; x_wconf 85' lang='grc' dir='ltr'>κανονικὴν</span> <span class='ocrx_word' id='word_1_270' title='bbox 222 3453 271 3528; x_wconf 84' lang='grc' dir='ltr'>τὴν</span> <span class='ocrx_word' id='word_1_271' title='bbox 295 3453 449 3532; x_wconf 82' lang='grc' dir='ltr'>διόρθωσιν·</span> <span class='ocrx_word' id='word_1_272' title='bbox 474 3453 517 3512; x_wconf 90' lang='grc' dir='ltr'>ἐπὶ</span> <span class='ocrx_word' id='word_1_273' title='bbox 540 3453 624 3532; x_wconf 88' lang='grc' dir='ltr'>τούτῳ</span> <span class='ocrx_word' id='word_1_274' title='bbox 650 3452 704 3532; x_wconf 88' lang='grc' dir='ltr'>γὰρ</span> <span class='ocrx_word' id='word_1_275' title='bbox 731 3449 778 3510; x_wconf 90' lang='grc' dir='ltr'>καὶ</span> <span class='ocrx_word' id='word_1_276' title='bbox 800 3452 830 3510; x_wconf 81' lang='grc' dir='ltr'>τό</span> <span class='ocrx_word' id='word_1_277' title='bbox 858 3451 944 3531; x_wconf 82' lang='grc' dir='ltr'>παρόν</span> <span class='ocrx_word' id='word_1_278' title='bbox 972 3451 1118 3526; x_wconf 79' lang='grc' dir='ltr'>ὑπόμνημα</span> <span class='ocrx_word' id='word_1_279' title='bbox 1145 3457 1178 3532; x_wconf 79' lang='grc' dir='ltr'>τῇ</span> <span class='ocrx_word' id='word_1_280' title='bbox 1207 3447 1356 3530; x_wconf 81' lang='grc' dir='ltr'>αύτοχείρῳ</span> 
     </span>
     <span class='ocr_line' id='line_1_27' title="bbox 62 3568 1357 3656; baseline -0.003 -22"><span class='ocrx_word' id='word_1_281' title='bbox 62 3577 134 3648; x_wconf 74' lang='grc' dir='ltr'>ἡμῶν</span> <span class='ocrx_word' id='word_1_282' title='bbox 157 3575 332 3654; x_wconf 76' lang='grc' dir='ltr'>όποσῆμασίᾳ</span> <span class='ocrx_word' id='word_1_283' title='bbox 354 3573 401 3634; x_wconf 86' lang='grc' dir='ltr'>καὶ</span> <span class='ocrx_word' id='word_1_284' title='bbox 423 3581 456 3656; x_wconf 78' lang='grc' dir='ltr'>τῇ</span> <span class='ocrx_word' id='word_1_285' title='bbox 480 3574 525 3633; x_wconf 84' lang='grc' dir='ltr'>διὰ</span> <span class='ocrx_word' id='word_1_286' title='bbox 548 3568 682 3650; x_wconf 86' lang='grc' dir='ltr'>μολίβδου</span> <span class='ocrx_word' id='word_1_287' title='bbox 705 3571 814 3654; x_wconf 85' lang='grc' dir='ltr'>βούλλῃ</span> <span class='ocrx_word' id='word_1_288' title='bbox 837 3571 990 3648; x_wconf 81' lang='grc' dir='ltr'>βεβαιωθέν</span> <span class='ocrx_word' id='word_1_289' title='bbox 1012 3571 1129 3648; x_wconf 82' lang='grc' dir='ltr'>ἐπεδόθη</span> <span class='ocrx_word' id='word_1_290' title='bbox 1144 3575 1201 3644; x_wconf 82' lang='grc' dir='ltr'>τοῖς</span> <span class='ocrx_word' id='word_1_291' title='bbox 1224 3573 1357 3650; x_wconf 82' lang='grc' dir='ltr'>μοναχοίς</span> 
     </span>
     <span class='ocr_line' id='line_1_28' title="bbox 62 3691 1158 3777; baseline 0.004 -25"><span class='ocrx_word' id='word_1_292' title='bbox 62 3697 122 3774; x_wconf 78' lang='grc' dir='ltr'>πρός</span> <span class='ocrx_word' id='word_1_293' title='bbox 145 3697 296 3776; x_wconf 81' lang='grc' dir='ltr'>ἀσφάλειαν</span> <span class='ocrx_word' id='word_1_294' title='bbox 320 3695 384 3773; x_wconf 82' lang='grc' dir='ltr'>μηνὶ</span> <span class='ocrx_word' id='word_1_295' title='bbox 407 3696 589 3775; x_wconf 82' lang='grc' dir='ltr'>αὺγοῦστῳ,</span> <span class='ocrx_word' id='word_1_296' title='bbox 613 3693 823 3766; x_wconf 79' lang='grc' dir='ltr'>ίνδικτιώνος</span> <span class='ocrx_word' id='word_1_297' title='bbox 847 3693 898 3774; x_wconf 88' lang='grc' dir='ltr'>ια’,</span> <span class='ocrx_word' id='word_1_298' title='bbox 922 3695 989 3752; x_wconf 86' lang='grc' dir='ltr'>έτει</span> <span class='ocrx_word' id='word_1_299' title='bbox 1013 3691 1103 3777; x_wconf 63' lang='grc' dir='ltr'>,ςχμ</span> <span class='ocrx_word' id='word_1_300' title='bbox 1128 3695 1158 3773; x_wconf 90' lang='lat'>†.</span> 
     </span>
    </p>

    <p class='ocr_par' dir='ltr' id='par_1_6' title="bbox 65 3815 1358 4018">
     <span class='ocr_line' id='line_1_29' title="bbox 159 3815 1358 3900; baseline -0.003 -22"><span class='ocrx_word' id='word_1_301' title='bbox 159 3822 180 3900; x_wconf 60' lang='grc' dir='ltr'>γ’*</span> <span class='ocrx_word' id='word_1_302' title='bbox 200 3820 365 3896; x_wconf 81' lang='grc' dir='ltr'>Ἰωάννης,</span> <span class='ocrx_word' id='word_1_303' title='bbox 381 3817 469 3896; x_wconf 84' lang='grc' dir='ltr'>ἐλέῳ</span> <span class='ocrx_word' id='word_1_304' title='bbox 482 3816 843 3896; x_wconf 85' lang='grc' dir='ltr'>Θεοῦάρχιετίσκοπος</span> <span class='ocrx_word' id='word_1_305' title='bbox 856 3815 1252 3894; x_wconf 87' lang='grc' dir='ltr'>Κωνσταντινουπόλεως,</span> <span class='ocrx_word' id='word_1_306' title='bbox 1270 3815 1358 3886; x_wconf 86' lang='grc' dir='ltr'>Νέας</span> 
     </span>
     <span class='ocr_line' id='line_1_30' title="bbox 65 3937 804 4018; baseline -0.001 -22"><span class='ocrx_word' id='word_1_307' title='bbox 65 3939 184 4018; x_wconf 82' lang='grc' dir='ltr'>Ῥώμης</span> <span class='ocrx_word' id='word_1_308' title='bbox 206 3939 263 4002; x_wconf 69' lang='grc' dir='ltr'>καίΙ</span> <span class='ocrx_word' id='word_1_309' title='bbox 286 3938 524 4016; x_wconf 86' lang='grc' dir='ltr'>οίκουμενικδς</span> <span class='ocrx_word' id='word_1_310' title='bbox 546 3939 758 4017; x_wconf 80' lang='grc' dir='ltr'>πατριάρχης.</span> <span class='ocrx_word' id='word_1_311' title='bbox 783 3937 804 4014; x_wconf 90' lang='lat'><strong>†</strong></span> 
     </span>
    </p>

    <p class='ocr_par' dir='ltr' id='par_1_7' title="bbox 62 4056 1359 4450">
     <span class='ocr_line' id='line_1_31' title="bbox 160 4056 1357 4138; baseline -0.005 -16"><span class='ocrx_word' id='word_1_312' title='bbox 160 4069 256 4124; x_wconf 74' lang='lat' dir='ltr'><em>Edidit</em></span> <span class='ocrx_word' id='word_1_313' title='bbox 279 4069 308 4122; x_wconf 90' lang='lat' dir='ltr'>J.</span> <span class='ocrx_word' id='word_1_314' title='bbox 334 4066 478 4123; x_wconf 69' lang='lat' dir='ltr'><em>Sakkeiion</em></span> <span class='ocrx_word' id='word_1_315' title='bbox 497 4069 525 4120; x_wconf 85' lang='grc' dir='ltr'>ἀι</span> <span class='ocrx_word' id='word_1_316' title='bbox 544 4067 700 4136; x_wconf 76' lang='lat' dir='ltr'><em>periodica:</em></span> <span class='ocrx_word' id='word_1_317' title='bbox 723 4060 914 4138; x_wconf 82' lang='grc' dir='ltr'>Εὺαγγελικδς</span> <span class='ocrx_word' id='word_1_318' title='bbox 937 4056 1041 4138; x_wconf 80' lang='grc' dir='ltr'>Κήρυξ,</span> <span class='ocrx_word' id='word_1_319' title='bbox 1065 4064 1136 4118; x_wconf 74' lang='lat' dir='ltr'><em>Ami.</em></span> <span class='ocrx_word' id='word_1_320' title='bbox 1158 4065 1223 4118; x_wconf 79' lang='lat' dir='ltr'><strong><em>VII,</em></strong></span> <span class='ocrx_word' id='word_1_321' title='bbox 1247 4061 1357 4132; x_wconf 82' lang='lat'><em>(1863)</em></span> 
     </span>
     <span class='ocr_line' id='line_1_32' title="bbox 63 4169 1356 4244; baseline -0.002 -20"><span class='ocrx_word' id='word_1_322' title='bbox 63 4187 89 4237; x_wconf 84' lang='grc' dir='ltr'>μ.</span> <span class='ocrx_word' id='word_1_323' title='bbox 106 4175 281 4243; x_wconf 82' lang='grc'>318-321,</span> <span class='ocrx_word' id='word_1_324' title='bbox 301 4174 408 4244; x_wconf 81' lang='lat' dir='ltr'><em>partim</em></span> <span class='ocrx_word' id='word_1_325' title='bbox 435 4191 468 4228; x_wconf 73' lang='lat' dir='ltr'>ex</span> <span class='ocrx_word' id='word_1_326' title='bbox 494 4173 647 4242; x_wconf 70' lang='lat' dir='ltr'><em>archetypo,</em></span> <span class='ocrx_word' id='word_1_327' title='bbox 675 4173 752 4225; x_wconf 79' lang='lat' dir='ltr'><em>cuim</em></span> <span class='ocrx_word' id='word_1_328' title='bbox 773 4172 855 4240; x_wconf 82' lang='lat' dir='ltr'><em>prior</em></span> <span class='ocrx_word' id='word_1_329' title='bbox 873 4187 945 4239; x_wconf 76' lang='lat' dir='ltr'><strong><em>pars</em></strong></span> <span class='ocrx_word' id='word_1_330' title='bbox 971 4170 1074 4223; x_wconf 76' lang='lat' dir='ltr'><em>iniuria</em></span> <span class='ocrx_word' id='word_1_331' title='bbox 1098 4175 1243 4238; x_wconf 74' lang='lat' dir='ltr'><em>temporum</em></span> <span class='ocrx_word' id='word_1_332' title='bbox 1263 4169 1356 4240; x_wconf 73' lang='lat' dir='ltr'>periit,</span> 
     </span>
     <span class='ocr_line' id='line_1_33' title="bbox 62 4272 1358 4348; baseline -0.003 -20"><span class='ocrx_word' id='word_1_333' title='bbox 62 4278 158 4341; x_wconf 78' lang='lat' dir='ltr'><em>partim</em></span> <span class='ocrx_word' id='word_1_334' title='bbox 173 4296 205 4332; x_wconf 80' lang='lat' dir='ltr'>ex</span> <span class='ocrx_word' id='word_1_335' title='bbox 220 4278 371 4348; x_wconf 64' lang='lat' dir='ltr'><em>memplam&#39;</em></span> <span class='ocrx_word' id='word_1_336' title='bbox 385 4279 496 4347; x_wconf 75' lang='lat' dir='ltr'><em>antiquo</em></span> <span class='ocrx_word' id='word_1_337' title='bbox 509 4276 583 4330; x_wconf 74' lang='grc' dir='ltr'>Ιιίοτ.</span> <span class='ocrx_word' id='word_1_338' title='bbox 604 4277 644 4329; x_wconf 87' lang='grc' dir='ltr'>ΙΙ.</span> <span class='ocrx_word' id='word_1_339' title='bbox 668 4293 717 4328; x_wconf 79' lang='grc' dir='ltr'>ιντο</span> <span class='ocrx_word' id='word_1_340' title='bbox 736 4277 784 4328; x_wconf 84' lang='lat'>18.</span> <span class='ocrx_word' id='word_1_341' title='bbox 809 4274 969 4346; x_wconf 75' lang='grc' dir='ltr'>Εοοωιιρύαν,</span> <span class='ocrx_word' id='word_1_342' title='bbox 985 4273 1056 4342; x_wconf 75' lang='lat' dir='ltr'><strong><em>quod</em></strong></span> <span class='ocrx_word' id='word_1_343' title='bbox 1070 4278 1161 4326; x_wconf 72' lang='lat' dir='ltr'><strong><em>servae</em></strong></span> <span class='ocrx_word' id='word_1_344' title='bbox 1178 4272 1358 4346; x_wconf 78' lang='lat' dir='ltr'><em>principium,</em></span> 
     </span>
     <span class='ocr_line' id='line_1_34' title="bbox 66 4375 1359 4450; baseline -0.001 -21"><span class='ocrx_word' id='word_1_345' title='bbox 66 4387 99 4431; x_wconf 73' lang='lat' dir='ltr'>est</span> <span class='ocrx_word' id='word_1_346' title='bbox 112 4399 158 4435; x_wconf 84' lang='grc' dir='ltr'>ιιι-ο</span> <span class='ocrx_word' id='word_1_347' title='bbox 175 4384 223 4437; x_wconf 87' lang='grc'>19.</span> <span class='ocrx_word' id='word_1_348' title='bbox 248 4382 334 4435; x_wconf 64' lang='lat' dir='ltr'><em>Aliud</em></span> <span class='ocrx_word' id='word_1_349' title='bbox 349 4381 495 4450; x_wconf 74' lang='lat' dir='ltr'><em>emmplar,</em></span> <span class='ocrx_word' id='word_1_350' title='bbox 512 4382 642 4450; x_wconf 73' lang='lat' dir='ltr'><em>smiptum</em></span> <span class='ocrx_word' id='word_1_351' title='bbox 659 4385 767 4433; x_wconf 75' lang='lat' dir='ltr'><strong><em>exeunte</em></strong></span> <span class='ocrx_word' id='word_1_352' title='bbox 782 4379 890 4432; x_wconf 74' lang='lat' dir='ltr'><em>saeculo</em></span> <span class='ocrx_word' id='word_1_353' title='bbox 905 4377 936 4430; x_wconf 88' lang='lat' dir='ltr'><em>X</em></span> <span class='ocrx_word' id='word_1_354' title='bbox 943 4378 986 4432; x_wconf 93' lang='lat' dir='ltr'>VI</span> <span class='ocrx_word' id='word_1_355' title='bbox 1002 4395 1021 4431; x_wconf 87' lang='grc' dir='ltr'>α</span> <span class='ocrx_word' id='word_1_356' title='bbox 1036 4376 1185 4444; x_wconf 80' lang='lat' dir='ltr'><em>Nicephoro</em></span> <span class='ocrx_word' id='word_1_357' title='bbox 1201 4375 1359 4446; x_wconf 77' lang='lat' dir='ltr'><strong><em>chartophy-</em></strong></span> 
     </span>
    </p>
   </div>
   <div class='ocr_carea' id='block_1_6' title="bbox 43 4481 1357 4656">
    <p class='ocr_par' dir='ltr' id='par_1_8' title="bbox 43 4481 1357 4656">
     <span class='ocr_line' id='line_1_35' title="bbox 43 4481 1357 4556; baseline -0.002 -20"><span class='ocrx_word' id='word_1_358' title='bbox 43 4483 117 4538; x_wconf 76' lang='grc' dir='ltr'>’ίαιι</span> <span class='ocrx_word' id='word_1_359' title='bbox 137 4489 260 4554; x_wconf 68' lang='lat' dir='ltr'>Greiemi²</span> <span class='ocrx_word' id='word_1_360' title='bbox 278 4487 371 4555; x_wconf 77' lang='lat' dir='ltr'><em>primo</em></span> <span class='ocrx_word' id='word_1_361' title='bbox 393 4487 523 4556; x_wconf 74' lang='grc' dir='ltr'>νιιαφάιίνο</span> <span class='ocrx_word' id='word_1_362' title='bbox 546 4483 650 4538; x_wconf 70' lang='lat' dir='ltr'><em>scholae</em></span> <span class='ocrx_word' id='word_1_363' title='bbox 665 4483 801 4537; x_wconf 78' lang='lat' dir='ltr'><em>I&#39;aimiae.</em></span> <span class='ocrx_word' id='word_1_364' title='bbox 818 4482 942 4552; x_wconf 80' lang='grc' dir='ltr'>Εααινιρί.</span> <span class='ocrx_word' id='word_1_365' title='bbox 966 4482 1114 4535; x_wconf 74' lang='lat' dir='ltr'><em>recentiora</em></span> <span class='ocrx_word' id='word_1_366' title='bbox 1133 4498 1182 4533; x_wconf 81' lang='grc' dir='ltr'>τινα</span> <span class='ocrx_word' id='word_1_367' title='bbox 1195 4481 1236 4533; x_wconf 81' lang='lat'>20</span> <span class='ocrx_word' id='word_1_368' title='bbox 1259 4487 1283 4534; x_wconf 80' lang='lat' dir='ltr'>ei</span> <span class='ocrx_word' id='word_1_369' title='bbox 1307 4481 1357 4534; x_wconf 84' lang='lat'>21.</span> 
     </span>
     <span class='ocr_line' id='line_1_36' title="bbox 68 4585 1275 4656; baseline 0.002 -18"><span class='ocrx_word' id='word_1_370' title='bbox 68 4585 148 4643; x_wconf 78' lang='lat' dir='ltr'><strong><em>Error</em></strong></span> <span class='ocrx_word' id='word_1_371' title='bbox 171 4597 208 4644; x_wconf 78' lang='lat' dir='ltr'>mi</span> <span class='ocrx_word' id='word_1_372' title='bbox 231 4592 259 4644; x_wconf 86' lang='grc' dir='ltr'>ιἰι</span> <span class='ocrx_word' id='word_1_373' title='bbox 275 4589 434 4644; x_wconf 76' lang='lat' dir='ltr'><em>indictione:</em></span> <span class='ocrx_word' id='word_1_374' title='bbox 457 4607 546 4642; x_wconf 78' lang='grc' dir='ltr'>αιιιιιια</span> <span class='ocrx_word' id='word_1_375' title='bbox 570 4589 654 4642; x_wconf 83' lang='grc'><em>1132</em></span> <span class='ocrx_word' id='word_1_376' title='bbox 676 4586 756 4640; x_wconf 76' lang='lat' dir='ltr'><em>habet</em></span> <span class='ocrx_word' id='word_1_377' title='bbox 779 4588 834 4642; x_wconf 79' lang='grc' dir='ltr'>ἀνά.</span> <span class='ocrx_word' id='word_1_378' title='bbox 859 4587 999 4656; x_wconf 80' lang='lat' dir='ltr'><em>decimam,</em></span> <span class='ocrx_word' id='word_1_379' title='bbox 1023 4603 1076 4639; x_wconf 82' lang='lat' dir='ltr'>mm</span> <span class='ocrx_word' id='word_1_380' title='bbox 1098 4585 1275 4640; x_wconf 80' lang='lat' dir='ltr'><em>undecimam.</em></span> 
     </span>
    </p>
   </div>
   <div class='ocr_carea' id='block_1_7' title="bbox 0 0 1600 5288">
    <p class='ocr_par' dir='ltr' id='par_1_9' title="bbox 0 0 1600 5288">
     <span class='ocr_line' id='line_1_37' title="bbox 0 0 1600 5288; baseline 0 0"><span class='ocrx_word' id='word_1_381' title='bbox 0 0 1600 5288; x_wconf 95' lang='lat' dir='ltr'> </span> 
     </span>
    </p>
   </div>
  </div>
 </body>
</html>
