3162 5278
1295 342 1360 407 293

166 536 309 606 Archetyp.
326 538 435 592 membr.
457 555 516 592 oum
536 539 612 592 bollo
627 539 766 608 plumbeo.
784 540 859 595 Hor.
879 541 920 595 ΙΙ,
936 559 986 594 nro
1003 543 1054 596 48.
1078 543 1228 612 Εαιιιιρίαν
1242 559 1292 596 oro
1308 545 1358 612 49,

75 642 97 692 ιἰι
116 657 163 709 qoo
185 641 257 694 deest
278 641 443 710 subscriptio
466 643 650 711 metropolitae
666 643 781 696 Prosae.

300 925 436 992 CXXX.
462 926 688 1005 7132-1624,
711 951 822 992 menso
846 933 940 1015 iunio,
964 931 1029 994 ind.
1046 932 1120 995 VH.

68 1074 224 1127 Ραίτιάνυίια
251 1075 369 1142 ζ’μνίίίυε
385 1077 408 1130 Ι.
428 1077 545 1129 Ισυααπία
568 1076 708 1144 confirmat
731 1077 896 1148 μνίυιίεριά,
922 1080 1101 1148 possessiones
1129 1080 1279 1132 libertatem
1307 1096 1359 1132 mo-

651 1181 773 1233 nostert‘i.

161 1345 392 1424 ήΚὺριλλος,
428 1347 516 1424 ἐλέῳ
549 1347 624 1406 θεοῦ
659 1347 923 1428 ἀρχιεπίσκοπος
958 1349 1359 1428 Κωνσταντινουπόλεως,

66 1465 147 1537 δ”ἑας
171 1467 316 1542 Ῥώμης,
339 1465 396 1526 καί
420 1465 657 1542 οἰκουμενικδς
680 1473 898 1547 πατριάρχης.
922 1471 942 1548 †

161 1623 182 1699 †
206 1624 241 1682 ‘H
264 1629 310 1682 τοῦ
331 1625 421 1682 καλοῦ
444 1625 587 1703 προσθήκη
610 1626 640 1682 τδ
663 1625 751 1683 καλδν
774 1625 893 1684 κάλλιον
917 1621 1099 1704 ἀπεργάζεται
1122 1624 1168 1684 καί
1188 1627 1219 1684 τδ
1240 1626 1360 1700 βεβαίως

65 1745 123 1820 ἔχον
147 1745 324 1824 βεβαιότερον
345 1747 481 1824 κατορθοῖ.
506 1747 574 1824 πρδς
593 1745 618 1804 τί
641 1745 672 1804 δὲ
694 1747 759 1820 ἡμῖν
783 1750 859 1805 τοῦτο
883 1745 986 1825 εἴρηται
1009 1747 1039 1804 τδ
1061 1747 1211 1824 προοίμιον,
1235 1747 1249 1804 δ
1272 1747 1358 1826 λόγος

65 1867 104 1922 σίν
130 1865 185 1944 θεῷ
211 1869 313 1946 προϊὼν
335 1887 369 1946 γε
393 1861 526 1940 δηλώσει,
559 1867 653 1942 ἐπειδὴ
676 1867 763 1927 τοίνυν
791 1867 815 1927 οἱ
843 1867 1036 1942 ἑνοισκοθμενοι
1062 1874 1095 1948 τῇ
1119 1867 1180 1948 θείᾳ
1202 1867 1248 1926 καὶ
1271 1867 1358 1941 σεβα-

65 1986 123 2066 τμίᾳ
150 1987 280 2068 βασιλικῇ
309 1987 355 2046 καί
381 1995 565 2068 πατριαρχικῇ
591 1995 660 2070 μονῇ
683 1993 729 2048 τοῦ
757 1988 844 2068 ἀγίου,
874 1986 984 2060 ἐνδάξου
1010 1987 1058 2047 καί
1084 1991 1259 2066 πανευρήμου
1287 1989 1358 2049 ἀπο-

64 2107 164 2187 στάλου,
194 2108 283 2186 φίλου,
313 2111 456 2188 παρθένου,
484 2109 664 2188 ἠγαπημένον
693 2109 739 2168 καί
771 2111 966 2186 εδαγγελιστοῦ
990 2111 1117 2168 Ἰωάννου
1144 2113 1190 2168 τοῦ
1213 2108 1358 2190 Θεολίγου

62 2238 91 2308 τῇ
119 2231 146 2287 ἐν
171 2237 205 2312 τῇ
233 2234 307 2309 νήσῳ
332 2232 436 2309 Πάτμῳ
466 2233 590 2307 ἔπεμψαν
617 2233 681 2306 ἡμῖν
709 2231 765 2291 ἴσον
788 2235 952 2311 γράμματος
978 2231 1118 2291 συνοδικοῡ
1139 2237 1185 2291 τοῦ
1210 2230 1359 2311 μακαρίτου

62 2354 232 2431 πατριάρχου,
260 2357 309 2432 κῦρ
337 2352 485 2430 Μελετίου,
512 2359 563 2427 τῆς
590 2353 812 2431 μεγαλοπόλεως
835 2351 1060 2431 Ἀλεξανδρείας,
1092 2354 1252 2434 ἑπιτηρητοϋ
1282 2353 1359 2425 ὄντος

61 2477 103 2530 τοῦ
132 2471 319 2548 οίκουμενικοῦ
350 2476 445 2552 θρόνου
471 2475 800 2554 Κωνσταντινουπάλεως,
831 2473 865 2534 δι’
894 2469 924 2534 οὗ
958 2473 1080 2553 φαίνεται
1109 2473 1157 2535 καὶ
1187 2477 1359 2555 μαρτυρεῖται

63 2591 213 2674 διαρρήδην,
242 2595 281 2666 ὡς
309 2597 326 2668 ἡ
355 2596 421 2670 αἀτὴ
449 2593 508 2656 θεία
535 2595 604 2670 μονὴ
637 2596 815 2676 ἀνεγερθείσα
848 2595 895 2654 καί
924 2596 1172 2672 ἀνοικοδομηθεῖσα
1202 2596 1282 2677 ἀδείᾳ
1312 2594 1359 2656 καί

61 2715 190 2790 θελήματι
218 2721 272 2776 τῶν
301 2717 386 2776 πάλαι
412 2718 615 2796 αθτοκρατάρων
637 2716 684 2776 καί
708 2717 839 2792 ἀοιδίμων
863 2718 1000 2792 βασιλέων
1024 2718 1136 2778 ἐκείνων
1159 2716 1212 2776 τῶν
1235 2719 1303 2797 πρδς
1325 2718 1359 2775 τά

61 2838 116 2895 θεία
142 2839 227 2912 σέβας
255 2839 330 2918 παρὰ
356 2839 419 2910 τοδς
446 2838 552 2910 ἀλλους
576 2839 694 2915 ἑχόντων
718 2839 768 2896 υπδ
791 2843 837 2898 τοῦ
865 2837 1066 2911 εδλαβεστάτου
1094 2843 1216 2915 μοναχοϋ
1240 2841 1356 2919 Χριστο-

62 2957 165 3038 toto,
194 2961 243 3018 άτε
270 2960 318 3034 τήν
345 2967 425 3035 νῆσον
453 2963 583 3040 πρότερον
610 2961 712 3038 ἔρημον
735 2957 815 3018 οὖσαν
842 2957 888 3017 καὶ
912 2959 1048 3034 ἀοίκητον,
1078 2960 1123 3018 διὰ
1148 2961 1358 3039 χρυσοβοθλλου

60 3085 104 3158 top
127 3079 253 3153 Ἀλεξίου
280 3086 326 3140 τοῦ
348 3083 495 3156 Κομνηνοῡ
522 3081 569 3140 καί
595 3087 648 3140 τῶν
676 3081 747 3140 κατὰ
773 3081 833 3150 τοὺς
860 3080 969 3158 καιροὺς
998 3081 1116 3151 ἐκείνους
1139 3083 1222 3159 μέχρι
1244 3081 1358 3141 καὶτοῦ

60 3205 100 3259 νῦν
123 3202 390 3282 ἀρχιερατευσάντων
418 3203 559 3282 μακαρίων
581 3209 755 3282 πατριαρχῶν
779 3202 878 3280 εἴληφε
901 3203 948 3276 τὴν
973 3199 1094 3272 ἐξουσίαν
1119 3197 1188 3261 εἶναι
1211 3201 1357 3276 βασιλικὴν

59 3322 102 3380 καί
127 3325 328 3404 πατριαρχικὴν
358 3323 405 3382 καί
433 3327 680 3402 σταυροπηγιακήν,
711 3323 798 3397 ἀτελῆ
826 3345 856 3382 τε
886 3323 933 3382 καί
964 3322 1093 3382 ἀσθδοτον
1124 3322 1169 3382 καί
1201 3323 1357 3382 ἀδοίλωτον

60 3443 103 3503 καί
129 3447 201 3504 κατὰ
228 3448 317 3504 πάντα
344 3445 529 3522 ἀνενιίχλητον
557 3447 616 3520 ἅμα
642 3453 675 3524 πή
700 3448 773 3524 νήσῳ
796 3447 869 3525 πάσῃ
894 3445 1072 3520 διαμένουσαν
1096 3443 1139 3503 ἀεὶ
1163 3445 1357 3505 αθτοδέσποτον

61 3565 103 3624 καί
137 3564 317 3646 αδτεξοίσιον,
352 3568 414 3626 καθ’
444 3568 541 3641 ἑαυτὴν
572 3567 711 3644 ἀγομένην
744 3565 792 3626 καί
823 3565 1040 3644 διευθυνομὲνην,
1074 3566 1147 3626 καθά
1180 3567 1359 3646 λεπτομερῶς

62 3685 166 3759 διέξεισι
193 3690 224 3747 τδ
251 3688 310 3748 ίσον
340 3694 386 3748 τοῦ
416 3686 579 3767 γράμματος
611 3688 699 3766 αὐτοῦ,
730 3690 776 3748 τδν
807 3689 839 3748 δέ
865 3709 900 3764 γε
929 3693 1118 3762 πνευματικῶς
1149 3694 1203 3748 τῶν
1232 3689 1260 3748 ἐν
1292 3691 1358 3770 αθτῄ

63 3809 263 3885 ἐνασκτνμένων
291 3817 421 3888 μοναχῶν
448 3807 645 3889 προϊστάμενον
674 3809 771 3886 μηδενί
793 3806 929 3889 προσώπῳ
952 3809 1170 3890 ἐκκλησιαστικῴ
1193 3814 1210 3884 ἢ
1234 3809 1359 3889 κοομικῷ

62 3931 234 4006 ἀποκείμενον
249 3933 368 4002 πώποτε,
391 3933 441 4005 τὴν
455 3934 654 4012 πατριαρχικὴν
671 3933 702 3992 δὲ
727 3935 810 4008 μάνην
835 3931 1038 4011 μεγαλειότητα
1061 3934 1185 4010 κεφαλὴν
1210 3933 1357 4012 ἐπιγιγνώ-

63 4072 139 4130 σκειν,
168 4051 308 4130 διεξάγειν
335 4053 366 4112 δὲ
394 4054 473 4113 αὐτδν
501 4053 611 4128 δηλαδὴ
638 4055 684 4113 τὀν
712 4057 863 4133 ι’,γοίμενον
888 4053 1077 4128 πνευματικῶς
1100 4055 1161 4125 τοίνς
1184 4054 1212 4112 ἐν
1237 4056 1302 4136 αντή
1325 4061 1359 4135 τῇ

62 4177 131 4252 νήσῳ
154 4173 295 4245 οἰκοῦντας
317 4178 422 4246 πάντας
445 4174 491 4234 καὶ
514 4178 618 4245 πάντας
642 4175 702 4246 τοὺς
725 4179 780 4246 τοῖς
805 4171 875 4260 [τῆς]
901 4183 986 4250 μονῆς
1009 4178 1127 4250 κτήμασι
1151 4174 1196 4234 καί
1218 4178 1360 4255 πράγμασι

61 4299 298 4376 προτκαθημένους
328 4297 375 4357 καί
402 4299 501 4358 τούτων
529 4299 604 4375 ἔχειν
632 4298 679 4374 τὴν
707 4297 891 4372 πνευματικὴν
920 4298 1058 4375 ἀνάκρισιν
1085 4295 1132 4356 καί
1161 4295 1290 4370 διοίκησιν
1313 4297 1359 4356 καὶ

61 4421 207 4494 ποιμαίνειν
237 4421 331 4490 αὐτοὺς
362 4420 596 4494 ἐκκλησιαστικῶς
626 4419 695 4480 κατὰ
727 4421 775 4493 τὴν
808 4419 918 4478 ἐνοῦσαν
951 4419 1021 4495 αυτῷ
1050 4418 1172 4496 δύναμιν,
1205 4416 1306 4490 ἐξεῖναι
1329 4419 1360 4479 δὲ
1437 4427 1440 4432 “

61 4545 113 4614 τοῖς
143 4544 278 4618 μοναχοῑς
309 4542 456 4612 ἀκωλύτως
485 4543 549 4620 παρ’
573 4535 604 4602 οὗ
633 4545 664 4600 ἀν
694 4542 846 4614 βούλωνται
872 4541 920 4611 τάς
949 4541 1051 4600 ἑαυτῶν
1078 4542 1164 4599 ποιεῖν
1190 4534 1360 4618 χειροτονίας

61 4663 104 4722 καί
129 4665 193 4724 καθ’
218 4664 328 4735 ἑαυτοὺς
356 4665 478 4744 ἐνεργεῖν
506 4665 554 4738 τήν
582 4667 628 4722 τοῦ
656 4669 726 4742 σρῶν
752 4663 905 4738 ἡγουμένου
933 4663 1116 4742 προχείρησιν,
1147 4659 1302 4722 ἀποκλείειν
1329 4659 1360 4722 δὲ
