3162 5278
272 501 338 566 CL.
364 500 590 586 wat-1748,
613 523 723 566 mense
747 500 878 584 octobri,
902 500 967 566 ind,
991 501 1067 566 XII.

38 650 185 706 Patn'arata
203 649 323 720 θμπίῖὶιιε
338 649 369 705 V.
385 650 548 705 adhortatur
558 648 661 718 fideles,
685 655 717 703 ut
731 651 794 704 άειιι
813 649 988 720 elemosynas
1011 647 1173 702 manasterio
1195 649 1317 715 maxima

541 753 636 824 ἀπορία
658 753 804 808 laboranti.

125 939 356 1020 ήῖίῦριλλος,
392 937 478 1018 ἐλέῳ
509 939 585 998 θεοῦ
615 937 882 1022 ἀρχιεπίσκοιτος
911 936 1318 1018 Κωνσταντινουπάλεως,

38 1059 113 1132 λ’ἑας
134 1061 280 1142 Ῥώμης,
303 1059 359 1122 καὶ
382 1056 617 1136 σίκουμενικάς
638 1061 859 1140 πατριάρχης.
884 1061 905 1140 †

124 1235 146 1312 ή
169 1233 207 1294 Οἱ
232 1231 271 1310 τῷ
297 1231 361 1294 καθ’
382 1233 457 1310 ἡμᾶς
484 1230 668 1313 ἀποστολικῷ,
699 1231 896 1314 πατριαρχικῷ,
928 1231 1108 1312 οἱκουμενικῷ
1134 1231 1223 1312 θρόνῳ
1249 1230 1318 1292 ὑπο·

36 1355 142 1430 κείμενοι
171 1354 313 1435 ἱεριίιτατοι
340 1353 536 1434 μητροπολίται
567 1351 614 1414 καὶ
641 1354 780 1434 Ιἱπέρτιμοι
810 1351 856 1414 καί
883 1353 1086 1433 θεοριλέστατοι
1114 1353 1320 1433 ἀρχιεπίσκοποί

36 1475 119 1535 τεκαὶ
143 1475 294 1550 ἐπίσκοποι,
323 1475 352 1536 ἐν
380 1475 450 1555 ἀγίιρ
476 1477 606 1550 πνεύματι
635 1473 770 1554 ἀγαπητοὶ
794 1473 908 1554 ἀθελροὶ
935 1471 982 1534 καὶ
1006 1473 1222 1555 συλλειτουργσί,
1247 1476 1319 1534 ἐντι-

36 1601 152 1670 μιῦτατοι
177 1596 307 1678 κληρικοὶ
329 1603 378 1672 τῆς
400 1597 462 1658 καθ’
485 1599 560 1672 ἡμᾶς
585 1600 632 1657 τοῦ
655 1597 770 1677 Χριστοῦ
798 1598 927 1674 μεγάλης
955 1595 1106 1673 ἐκκλησίας
1133 1597 1178 1656 καί
1203 1597 1320 1674 ἑκάστης

37 1719 157 1797 ἐπαρχίας
184 1719 380 1794 εῦλαβέστατοι
407 1717 489 1798 ἱερεῖς
514 1717 562 1778 καὶ
588 1718 727 1778 taam
755 1716 945 1797 ίερομάναχοι,
972 1717 999 1777 οἱ
1025 1719 1182 1795 ψάλλοντες
1209 1717 1238 1777 ἐν
1261 1721 1321 1790 ταῖς

36 1837 186 1916 ἐκκλησίαις
212 1845 263 1915 τῆς
288 1839 417 1917 Πόλεως,
446 1843 493 1900 τοῦ
515 1839 642 1920 Γαλατοῖ,
668 1842 715 1898 τοῦ
738 1839 913 1899 Καταστένσυ
938 1837 985 1899 καὶ
1013 1839 1180 1916 ἁπανταχοῦ,
1208 1839 1327 1916 εῦγενέ-.

35 1981 114 2020 σταται
151 1961 297 2041 εἴργοντες,
334 1961 464 2040 χρήσιμοι
499 1957 637 2040 ἐπίτροποι
673 1960 727 2018 τῶν
761 1960 916 2036 ἐκκλησιῶν
953 1957 1000 2020 καὶ
1032 1959 1237 2041 πραγματευταὶ
1275 1957 1322 2020 καί

34 2083 227 2163 καρσβοκῦριοι,
255 2081 421 2164 μαγίστορες
447 2079 494 2141 καὶ
514 2081 771 2162 πρωτομαγίστορες
796 2087 850 2141 τῶν
874 2081 1017 2162 ῥουρετίων
1039 2080 1086 2142 καὶ
1108 2079 1200 2142 λοιποὶ
1221 2084 1322 2153 πάντες

36 2205 208 2284 εἱλσγημένοι
234 2203 398 2286 χριστιανοί,
425 2205 507 2264 τέκνα
536 2203 565 2264 ἐν
592 2204 674 2286 κυρίῳ
698 2203 827 2284 ἀγαπητά
853 2210 902 2280 τῆς
924 2206 1003 2280 ἡμῶν
1027 2207 1214 2285 μετριότητος,
1241 2209 1322 2287 χάρις

35 2325 70 2402 εἴη
96 2327 156 2403 ὑμῖν
183 2325 230 2388 καὶ
259 2324 352 2408 εἰρήνη
380 2327 433 2387 ἀπο
460 2327 523 2388 θεοῦ
549 2325 596 2386 καί
623 2328 688 2406 παρ’
710 2328 790 2402 ἡμῶν
818 2327 902 2406 εθχή,
931 2325 1044 2404 εῦλογία
1070 2325 1117 2386 καὶ
1140 2323 1321 2407 συγχώρησις.

34 2447 74 2506 καὶ
103 2447 129 2508 αἱ
159 2447 247 2508 ἀλλοι
278 2449 329 2523 μὲν
361 2443 473 2509 εῦποιίαι
504 2446 551 2508 καὶ
583 2444 677 2527 ἀρεταί
704 2448 877 2528 ψυχωρελεῖς
907 2447 953 2508 καὶ
984 2449 1133 2530 θεάρεστοι,
1164 2448 1263 2523 μείζων
1291 2450 1322 2509 ἀὲ

33 2575 120 2628 πασῶν
146 2575 200 2629 τῶν
228 2563 336 2648 ἀλλων,
364 2571 554 2648 συντομωτέρα
575 2589 605 2628 τε
632 2567 678 2628 καὶ
703 2570 877 2648 εῦκολωτέρα
901 2567 1021 2644 μάλιστα
1045 2570 1215 2646 ἐλεημοσύνη
1237 2573 1324 2649 πέρυ-

34 2709 88 2748 κεν·
120 2691 186 2766 αῦτη
217 2688 265 2750 καί
291 2690 345 2769 γάρ
372 2689 514 2770 ὀφειλέτην
541 2691 597 2762 τοῖς
625 2689 754 2770 ἐργάταις
781 2690 865 2765 αῦτῆς
893 2692 939 2750 τὀν
966 2691 1028 2750 θεον
1059 2691 1255 2771 ἀπεργάζεται·
1287 2693 1324 2751 «ὃ

37 2809 118 2870 ἐλεῶν
139 2808 194 2891 γάρ
216 2812 327 2889 πτωχὸν
350 2810 467 2882 δανείζει
490 2809 555 2891 θεῷ,
583 2809 629 2870 καὶ
652 2811 666 2870 ὁ
687 2810 784 2885 βαλὼν
808 2811 836 2870 ἐν
860 2817 892 2892 τῇ
915 2809 988 2890 χειρὶ
1010 2815 1056 2870 τοῦ
1078 2815 1194 2887 πένητος
1218 2811 1325 2892 εὑρήσει

37 2931 60 2988 ἐν
80 2937 113 3013 τῇ
134 2931 255 3015 παλάμῃ
281 2936 327 2992 τοῦ
354 2935 446 3012 κριτοῦ
474 2929 521 2992 καὶ
548 2931 680 2992 καλύπτει
707 2931 814 3008 πλῆθος
837 2931 975 3012 ἀμαρτιιῦν
998 2929 1044 2991 καὶ
1068 2933 1157 3011 ῥύεται
1180 2933 1270 3011 ψυχὴν
1293 2934 1326 2992 ἐκ

36 3053 165 3114 θανάτου»
196 3053 267 3112 κατὰ
293 3053 327 3112 τά
354 3052 531 3134 ἱερογραρικά
557 3054 650 3132 λάγια.
682 3053 723 3114 δίο
746 3051 792 3112 καὶ
815 3053 925 3132 εῦαγέσι
946 3055 1039 3124 τόποις
1060 3051 1108 3112 καί
1131 3052 1213 3133 ἱεροῖς
1235 3075 1326 3114 κατα-

36 3175 141 3252 γωγίοις
164 3172 212 3234 καὶ
235 3173 425 3255 μονασσηρίοις
446 3173 536 3254 ἐνδείᾳ
550 3195 579 3235 τε
603 3173 650 3236 καὶ
673 3175 772 3258 ἀπορίᾳ
793 3177 1037 3250 καταπιεζομένοις
1058 3172 1106 3234 καί
1129 3175 1327 3248 ἀκακαινίσεως

36 3298 157 3376 γρῄζουσι
187 3297 382 3376 χορηγουμένη
412 3294 524 3371 μείζονα
556 3295 603 3356 καί
633 3296 682 3372 τὴν
712 3296 783 3356 κατὰ
812 3297 902 3374 ψυχὴν
932 3299 988 3368 τοῖς
1016 3295 1163 3372 ἐλεήμοσιν
1191 3297 1326 3377 ὼρέλειαν

38 3415 262 3493 ἐπιμνηστεῦεται.
286 3418 405 3496 γνωστὸν
429 3421 570 3498 τοιγαροῦν
594 3417 662 3477 ἐστω
683 3423 762 3477 πᾶσιν
785 3417 856 3497 ὑμῖν,
884 3418 924 3477 ὅτι
947 3416 1017 3476 κατὰ
1039 3419 1087 3492 τὴν
1110 3424 1191 3494 νῆσον
1216 3417 1328 3496 ΙΙάτμον

38 3537 152 3600 διατελεῖ
173 3541 308 3620 ἡμέτερον
330 3541 535 3620 πατριαρχικθν,
559 3541 804 3620 σταυροστηγιακόν,
829 3537 978 3614 σεβάσμιον
1001 3541 1182 3619 μσναστήριον
1205 3539 1248 3600 ἐπ’
1264 3541 1278 3601 ὁ
1296 3543 1328 3600 ἀ-

37 3681 94 3732 ματι
129 3661 330 3737 σεμνυνόμενον
363 3665 410 3721 τοῦ
444 3659 521 3740 ἀγίου
551 3658 678 3721 Ἰωάννου
712 3663 758 3720 τοῦ
789 3657 942 3740 Θεολθγσυ,
977 3661 1043 3742 ὅπερ
1073 3663 1133 3733 ταῖς
1162 3665 1208 3721 τοῦ
1234 3665 1329 3742 καιροῦ

38 3779 204 3858 ἀνωμαλίαις
230 3780 278 3842 καί
300 3785 486 3864 περιστάσεσιν
513 3781 559 3842 καὶ
582 3785 641 3855 ταῖς
664 3782 808 3863 ἀρορήτοις
834 3782 973 3843 συάόσεσιν
1002 3781 1042 3854 είς
1070 3781 1188 3859 ἐσχάτην
1212 3782 1329 3862 ἔνδειαν,

37 3905 169 3981 πτωχείαν
191 3923 223 3963 τε
250 3901 298 3963 καὶ
324 3905 448 3985 στέρησιν
474 3910 528 3964 τῶν
555 3903 712 3982 ἀναγκαίων
738 3906 916 3983 κατήντησεν,
943 3901 1020 3962 ἀλλὰ
1044 3903 1098 3978 μὴν
1125 3901 1171 3962 καὶ
1194 3905 1278 3982 μέρος
1300 3904 1329 3962 ἓν

38 4027 79 4082 τοῦ
102 4027 183 4086 αῦτοῦ
210 4023 284 4106 ἱεροῦ
311 4025 491 4106 μοναστηρίσυ
517 4025 567 4086 tat
595 4031 645 4102 τῆς
670 4028 851 4105 παρατάσεως
877 4028 923 4085 τοῦ
950 4028 1045 4104 καιροῦ
1066 4013 1260 4104 κατεσάθρὼθη
1284 4023 1329 4084 καὶ

39 4145 140 4206 τέλειον
163 4147 335 4228 κρημνισμθν
357 4145 503 4208 ἐπαπειλεῖ
529 4144 576 4206 καί
600 4145 624 4205 οἱ
649 4146 678 4205 ἐν
702 4145 773 4226 αῦτῷ
796 4147 1005 4221 συνασκοθμενοι
1027 4146 1143 4224 πατέρες
1167 4147 1216 4206 οῦκ
1238 4145 1330 4224 ἔχουσι

40 4262 147 4343 ἀῦναμιν
174 4267 222 4328 καί
249 4269 348 4348 τρόπον
374 4271 420 4328 τοῦ
448 4266 616 4328 ἀνακαινίσαι
643 4267 742 4327 ἐκεῖνο.
774 4267 835 4325 ὅθεν
862 4273 940 4346 κοινῇ
968 4268 1054 4326 αὐτῶν
1080 4269 1178 4348 γνώμη
1209 4267 1331 4343 ἔγνωσαν

39 4389 218 4470 προσδραμεῖν
246 4386 285 4460 είς
311 4391 341 4450 τῦ
370 4387 451 4460 ἔλεος
478 4388 525 4450 καί
552 4389 600 4465 τὴν
628 4389 756 4474 βοήθειαν
784 4387 859 4464 ῦμιῦν
884 4392 938 4446 τῶν
962 4388 1119 4465 ἁπανταχοῦ
1141 4386 1262 4464 εὐσεβῶν
1284 4387 1333 4447 καὶ

39 4510 168 4588 ριλοθὲων
196 4517 367 4592 χριστιανῶν,
399 4511 556 4584 ἐλπίζοντες
588 4512 620 4572 ἐκ
645 4517 695 4586 της
720 4511 814 4586 καλῆς
842 4513 917 4586 ὑμῶν
944 4510 1095 4592 συνδρομῆς
1124 4509 1171 4570 καί
1199 4505 1333 4581 πλουσίας

40 4631 164 4708 βοηθείας
179 4633 320 4712 ἀνεγεῖραι
342 4631 389 4694 καὶ
410 4631 581 4694 ἀνακαινίσαι
600 4634 631 4692 τὸ
650 4633 857 4713 σεσαθρωμένον
877 4633 965 4693 ἐκεῖνο
986 4634 1069 4712 μέρος
1091 4633 1138 4692 καί
1155 4631 1332 4712 κυβερνῆσαι,

1075 4735 1125 4785 22*
