3162 5278
266 356 330 422 322

369 556 512 626 Ατούείμμ.
537 558 643 612 membr.
672 575 732 612 cum
754 559 829 612 ύυίὶσ
847 558 987 628 plumbea.
1012 557 1088 612 Mor.
1107 557 1148 613 Π.
1173 575 1222 611 nro
1245 558 1293 614 62.
1323 557 1441 612 Nomina
1468 564 1547 610 meim-

261 661 414 731 μσίοθαικιιι
440 663 469 714 in
496 661 581 716 altero
603 663 687 716 veteri
712 661 868 732 exemplari,
893 663 964 732 ηυσά
989 663 1065 716 nobis
1092 663 1164 716 mabit
1191 663 1215 718 I.
1239 660 1390 730 διελθοῦσιν,
1419 669 1496 716 sunt:
1520 655 1546 713 ’θ

268 758 436 840 Ἡρακλείας
468 758 640 831 Ἰωαννίκιος.
673 760 708 818 ‘0
740 760 856 830 Κυζίκου
887 758 1040 834 Αύξέντιος.
1081 762 1116 819 ‘0
1147 759 1336 838 Νικομηθείας
1367 755 1489 834 Παίονος.
1520 761 1547 818 '0

267 863 384 935 Νικαίας
407 864 565 944 Γεράσιμος.
593 864 627 922 ‘0
651 863 790 944 Λαρίσσης
812 864 964 944 Δωρόθεος.
994 865 1028 923 ‘0
1052 864 1183 945 Βερροίας
1209 867 1361 943 Μακάριος,
1390 867 1425 922 '0
1452 867 1548 940 Λήμνου

266 970 412 1038 Διονύσιος.
437 969 472 1026 ‘0
489 970 599 1048 Δέρκων
615 968 783 1044 Νικόδημος,
814 967 848 1025 Ὁ
865 967 961 1028 Ῥόδου
981 969 1124 1046 Ἰγνάτιος.
1150 969 1185 1027 Ὁ
1209 969 1368 1046 Μιτυλήνης
1391 969 1546 1044 Νικόδημος.

267 1073 302 1132 Ὁ
325 1073 456 1153 Δρίστρας
479 1073 621 1153 Ἱερόθεος.
655 1121 661 1134 .
692 1122 698 1134 .
728 1123 734 1133 .
765 1119 772 1132 .
802 1117 810 1133 .
846 1079 979 1146 Ecclesia,
1008 1079 1039 1133 άε
1062 1097 1116 1150 qua
1140 1080 1240 1150 αρίόυν,
1272 1099 1289 1132 α
1314 1079 1424 1133 floride
1450 1087 1549 1133 vocatur

264 1185 314 1252 τῆς
338 1178 522 1252 Ὑπαπαντῆς.

489 1506 640 1572 CXLIII.
666 1506 891 1592 7229-1721,
914 1527 1025 1572 mense
1048 1507 1133 1590 iulio,
1157 1507 1221 1572 ind.
1247 1507 1338 1572 XIV.

268 1655 433 1710 Patriarcha
456 1655 586 1708 Ieremias
606 1655 665 1709 III.
690 1657 817 1724 concedit,
845 1662 875 1709 ut
901 1655 1066 1726 σσίίίμαιιόιιι·
1092 1655 1269 1724 αίαειιτοεμααε
1297 1655 1325 1708 in
1347 1656 1464 1710 εοσίεειϊε
1483 1657 1549 1708 Urbis

308 1766 332 1814 ει
354 1761 480 1830 locorum,
505 1776 574 1830 ρυσε
597 1760 795 1828 circumiacent,
818 1761 847 1814 ιἰι
871 1761 1005 1814 amilium
1028 1761 1186 1816 monasterii
1206 1761 1244 1813 σά
1265 1759 1385 1828 impiam
1408 1761 1516 1815 redacti.

370 1943 596 2025 γἹερεμίας,
633 1944 720 2024 ἐλέῳ
754 1945 830 2004 θεοῦ
863 1943 1128 2026 άρχιεπίσκοπος
1158 1943 1548 2020 Κωνσταντινουπόλεως,

266 2068 356 2138 Νέας
379 2065 521 2148 Ῥώμης,
544 2065 600 2126 καὶ
624 2063 862 2142 οἰκουμενικός
883 2069 1101 2148 πατριάρχης.

370 2258 391 2336 †
417 2256 525 2318 Πολλοί
548 2257 598 2332 μὲν
621 2255 668 2318 καί
690 2257 775 2318 ἄλλοι
802 2259 895 2339 τρόποι
923 2260 1095 2339 τυγχάνουσι,
1124 2257 1158 2318 δι’
1181 2252 1219 2317 ὢν
1243 2259 1301 2338 ἐχσι
1325 2258 1358 2317 άν
1378 2279 1419 2330 τις
1443 2256 1552 2336 ἐγγίζειν

265 2378 320 2458 θεῷ
340 2377 387 2440 καί
408 2379 596 2454 ἐξομοιοῦσθαι
616 2376 688 2458 αύτῷ
710 2379 781 2440 κατὰ
802 2380 832 2439 τό
856 2379 968 2439 δυνατόν
991 2380 1054 2451 θεός
1077 2379 1148 2439 κατὰ
1169 2376 1250 2459 χάριν
1272 2381 1418 2458 γινόμενος
1440 2379 1508 2438 κατὰ
1528 2379 1552 2435 τό

264 2503 427 2582 πρσρητικθν
454 2502 525 2562 θεῖον
551 2501 660 2578 λόγιον·
689 2500 769 2579 «ἐγὼ
797 2495 870 2580 είοτα,
898 2499 956 2561 θεοὶ
980 2499 1040 2560 ἐστὲ
1067 2499 1114 2560 καί
1137 2499 1187 2561 υἱοὶ
1209 2501 1351 2578 ὑψίστου»,
1381 2500 1396 2558 ό
1419 2499 1553 2579 ύπερέχων

266 2623 297 2682 δὲ
319 2622 366 2684 καὶ
389 2622 445 2702 θεῷ
468 2623 578 2699 μᾶλλον
606 2621 801 2703 εὐπρόσδεκτος
822 2623 940 2702 πέρυκεν
967 2622 981 2682 ό
1005 2622 1050 2682 διὰ
1073 2628 1123 2698 τῆς
1146 2622 1334 2699 ἐλεημοσύνης
1355 2619 1403 2681 καὶ
1427 2613 1552 2690 εἰνποιίοις·

265 2745 308 2806 ἐπ’
332 2743 422 2806 ούόενί
449 2744 503 2826 γὰρ
528 2749 582 2804 τῶν
606 2745 742 2826 ἁπάντων,
769 2745 840 2805 κατὰ
861 2747 911 2822 τὴν
934 2745 1068 2824 θεολόγον
1095 2747 1194 2826 φωνήν,
1221 2747 1259 2818 ὡς
1290 2745 1363 2825 ἐλέῳ
1391 2746 1456 2818 θεός
1478 2747 1553 2824 θερα-

265 2868 388 2947 πεύεται,
425 2867 486 2940 τούς
515 2887 544 2927 τε
577 2867 733 2942 ἐλεήμονας
763 2871 936 2948 μακαρισμοῦ
965 2867 1048 2947 κρίνει
1079 2864 1170 2940 ἀξίους
1202 2870 1369 2950 «μακάριοι,
1399 2868 1506 2948 λέγων,
1533 2865 1573 2940 οἱ,

267 2990 434 3070 ἐλεήμονες,
463 2991 502 3050 ότι
523 2989 596 3050 αῦτοί
619 2989 847 3068 ἐλεηθήσονται»,
876 2989 966 3069 ῥύεται
989 2987 1020 3048 δέ
1046 2986 1093 3048 καί
1115 2988 1205 3066 ψυχὴν
1229 2986 1274 3050 ἐπὶ
1294 2991 1412 3049 θανάτου
1434 2991 1452 3065 ἡ
1476 2990 1552 3062 ἐλεη-

266 3111 383 3190 μοσύνη,
412 3112 473 3171 ὅθεν
500 3111 547 3171 καί
571 3113 586 3169 ό
609 3115 743 3194 μακάριος
766 3113 918 3184 ἀπόστολος
944 3115 1069 3192 παραινεῖ
1089 3112 1197 3192 λέγων·
1225 3117 1296 3188 «τῆς
1319 3111 1351 3172 δὲ
1375 3111 1495 3183 εύττοιίας
1514 3109 1553 3168 καὶ

265 3233 407 3306 κοινωνίας
430 3234 468 3310 μὴ
493 3233 719 3294 ἐπιλανθάνεσθε·
747 3235 881 3307 τοιαύταις
903 3233 957 3314 γάρ
980 3235 1081 3306 θυσίαις
1105 3234 1288 3315 εύαρεστεῖται
1311 3235 1325 3294 ό
1348 3235 1448 3306 θεόςν.
1480 3221 1573 3302 οῦτως1

266 3354 311 3415 οῦν
334 3357 502 3435 ύυχωρελὴς
525 3353 573 3416 καί
595 3355 725 3434 θεοφιλὴς
747 3357 903 3437 ὑπάρχουσα
925 3358 942 3431 ἡ
967 3357 1139 3433 ἐλεημοσύνη
1166 3353 1212 3415 καὶ
1234 3355 1367 3432 τοσαύτην
1392 3356 1494 3434 ἔχουσα
1514 3353 1573 3426 τὴνῑ

266 3479 402 3557 ύπεροχὴν
429 3477 476 3538 καὶ
503 3478 639 3557 ὠφέλειαι
660 3483 740 3538 πᾶσιν
763 3479 861 3551 ἁπλῶς
883 3481 939 3550 τοῖς
962 3479 1065 3539 ἐνδεέσι
1087 3479 1294 3560 χορηγουμένη,
1322 3475 1424 3555 πολλῷ
1452 3476 1553 3552 μᾶλλον
1572 3481 1573 3510 ³

266 3599 407 3679 Ιὐττερτερεῖ
435 3597 480 3658 καί
509 3599 619 3673 μείζονα
645 3600 694 3676 τἠν
722 3598 797 3679 ἰσχύν
823 3599 870 3659 καί
898 3601 946 3674 τὴν
973 3599 1124 3680 παρρησίαν
1151 3571 1219 3680 πρός
1245 3599 1337 3680 κύριον
1364 3599 1495 3674 κέκτηται
1515 3594 1553 3655 καὶ

265 3720 467 3798 πλουσιωτέραν
492 3720 541 3795 τἠν
566 3727 646 3801 χάριν
674 3720 720 3781 καί
748 3721 865 3797 ἀμοιβὴν
892 3723 949 3794 τοῖς
977 3723 1124 3798 ἐλεήμσσιν
1153 3721 1341 3802 άντιβραβεύει
1367 3722 1473 3802 θεόθεν,
1499 3722 1573 3778 ὅταν

266 3845 332 3923 πρὸς
354 3841 442 3922 ἱερούς
465 3843 545 3914 ναούς
571 3841 618 3904 καί
640 3845 802 3922 καταγώγια
829 3845 891 3904 θεῖα
917 3843 1086 3923 διανέμηται,
1116 3843 1145 3903 ἐν
1173 3833 1214 3916 οἷς
1238 3843 1439 3903 συνθιαιτιῦνται
1466 3841 1573 3930 άνέρεςῇ

268 3962 389 4037 εύσεβεῑς
411 3962 458 4023 καὶ
482 3963 610 4038 εὐλαβεῖς
633 3965 714 4036 ὁσίως
736 3963 782 4024 καὶ
805 3965 940 4044 θεοφιλῶς
961 3965 1169 4041 πολιτευόμενοι
1191 3962 1238 4025 καί
1260 3966 1291 4025 τό
1313 3969 1359 4024 τοῦ
1386 3965 1449 4024 θεοῦ
1478 3965 1573 4036 ὄνομα

267 4085 410 4160 ὑμνοῦντες
432 4083 478 4146 καὶ
503 4082 717 4163 δοξολογσῦντες
740 4085 953 4160 ἀκαταπαύστως
975 4089 1035 4158 ταῖς
1055 4087 1084 4146 ἐν
1105 4085 1178 4148 νυκτὶ
1200 4085 1247 4147 καὶ
1269 4087 1362 4166 ἡμέρᾳ
1385 4085 1472 4167 ἱεραῖς
1494 4087 1552 4145 άντ-

267 4205 390 4278 λουθίαις
416 4206 462 4266 καί
490 4205 664 4286 ψαλμιρθίαις
691 4205 738 4268 κοιὶ
764 4210 823 4280 ταῖς
850 4207 1034 4280 ἀδιαλείπτως
1064 4209 1277 4284 ἑκτελσυμέναις
1303 4207 1389 4280 θείαις
1415 4229 1573 4284 μυσταγω,

267 4326 340 4403 γύαις
357 4325 400 4386 ἐπί
415 4331 516 4410 ψαχικῇ
533 4327 651 4411 σωτηρίᾳ
665 4335 719 4388 τῶν
737 4330 855 4403 εῦσεβῶν
871 4327 918 4388 καί
934 4327 1087 4407 θρθσθόξων
1109 4335 1279 4408 χριστιανῶν.
1305 4328 1400 4404 ἐπειδὴ
1423 4336 1554 4410 τοιγαροῦν

268 4447 314 4507 καὶ
340 4448 411 4508 κατὰ
435 4451 484 4524 την
512 4454 592 4524 νῆσον
616 4449 728 4522 Πάτμον
756 4449 905 4528 εὑρίσκεται
932 4450 1003 4530 ἱερόν
1031 4449 1077 4511 καί
1101 4451 1249 4526 σεβάσμιον
1273 4453 1453 4532 μοναστηριον
1476 4451 1554 4527 τιμού-

269 4590 350 4645 μενον
374 4570 415 4628 ἐπ’
438 4569 549 4645 ὀνόματι
571 4573 617 4628 τοῦ
640 4569 727 4649 ἁγίου,
756 4567 866 4643 ἐνδόξου
889 4572 1040 4633 ἀποστόλου
1067 4571 1114 4632 οιαὶ
1142 4571 1340 4652 εὐαγγελιστοῦ
1365 4570 1494 4634 Ἰωάννου
1518 4579 1554 4632 τε]

269 4689 413 4767 Θεσλόγου
441 4689 572 4764 ἐπίσημον
599 4687 645 4747 καὶ
672 4691 853 4770 περίβλεπτον
877 4693 1039 4753 διατελέσαν
1067 4695 1179 4775 άνωθεν,
1210 4696 1277 4772 ὅπερ
1304 4695 1434 4774 πρότερον
1462 4697 1512 4770 μὲν
1534 4679 1573 4750 ἐν’
