3184 5288
1279 336 1341 402 165

63 529 171 598 σπάατως
197 525 244 588 καί
268 525 488 606 ἀνεπικωλύτως,
513 529 551 604 μὴ
574 531 648 610 παρά
670 550 742 604 τινος
764 527 942 604 κωλυόμενος
964 533 982 606 ή
1004 531 1276 610 παρεμποδιζόμενος
1297 535 1343 592 τού

61 649 121 726 ἔχειν
149 651 226 710 τούτο
259 647 303 710 ἐπί
331 649 427 730 τελείᾳ
458 647 506 710 καί
539 649 707 732 ἀναφοιρέτῳ
742 651 886 733 δισποτείᾳ
919 649 959 724 είς
988 653 1019 712 τδ
1048 651 1163 732 πωλεῖν,
1185 651 1341 734 προικίζειν,

59 769 175 852 χαριίειν,
197 770 367 850 λεγατεύειν,
392 771 575 832 ἀνταλλοίτειν
597 771 644 832 καὶ
668 773 772 854 ἀλλος,
803 775 832 844 δς
864 770 931 848 δόξη
959 794 1012 854 σοι,
1035 777 1080 834 τού
1104 773 1179 852 ἔχειν
1201 775 1274 835 αύτό.
1302 775 1342 836 ἔτι

58 897 111 971 γούν
136 897 328 972 συμφωνοῦμεν
355 891 402 954 καὶ
428 897 516 976 τούτο,
547 897 585 968 ὡς
613 897 653 956 ότι
680 897 731 974 όύέ
757 915 823 956 ποτε
849 895 888 974 τῷ
910 895 997 976 καιρῷ
1021 895 1213 973 ἐπανακάμψει
1235 917 1274 968 τις
1297 897 1341 976 ἀφ’

57 1015 123 1090 ήμῶν
149 1013 196 1076 καί
222 1015 301 1096 λέγει
323 1015 390 1096 ύπέρ
412 1020 459 1078 τού
480 1017 600 1078 τοιούτου
626 1017 766 1097 χωραφίον
787 1023 837 1096 τής
854 1017 1001 1096 λαχούσης
1023 1019 1088 1093 ήμῖν
1111 1017 1237 1098 μερίδος,
1259 1019 1341 1092 ἡμεῖς

57 1137 188 1212 μέλλομεν
211 1138 358 1214 ἀποσοβεῖν
384 1139 430 1199 τόν
453 1143 580 1212 τοιοῦτον,
604 1139 672 1200 ἀλλ’
695 1137 756 1201 ούττ
776 1141 842 1220 παρ’
865 1141 944 1215 ήμιῖιν
966 1145 1021 1200 τῶν
1043 1140 1224 1220 πεπρακύτων
1247 1161 1289 1201 τοι
1310 1141 1341 1202 τό

55 1263 160 1320 τοιοῦτον
192 1262 340 1341 χωράφιον,
376 1257 454 1322 ἀλλά
487 1261 599 1337 μᾶλλον
633 1261 751 1324 ἐκδικεῖν
785 1283 826 1322 σοι
860 1262 1007 1342 ὀφείλομεν
1040 1262 1094 1324 ἀπδ
1124 1263 1226 1334 παντός
1257 1261 1341 1324 δικα-

55 1381 160 1460 ατηρίου,
188 1386 234 1442 τοῦ
262 1382 300 1458 μὴ
327 1385 411 1443 κινεῖν
434 1381 524 1462 όχλήν
540 1405 580 1446 σοι
602 1387 621 1460 ή
644 1385 753 1462 ζήτησιν
777 1384 851 1462 έχειν
866 1383 909 1446 σοί
922 1403 988 1444 ποτε
1010 1383 1049 1463 τῷ
1071 1383 1175 1466 καιρῷ·
1198 1381 1247 1446 καί
1268 1384 1340 1445 κατὰ

53 1507 118 1564 τοῦτο
151 1503 369 1584 ἀσφαλιζόμεθα,
404 1507 477 1578 όστις
507 1505 560 1588 άρα
589 1506 623 1566 τά
653 1509 720 1587 πρός
752 1505 905 1588 ἀνατροπὴν
933 1507 1039 1588 χωριθή
1067 1507 1234 1588 πυρούμενος
1266 1508 1339 1585 τάχα

54 1624 197 1686 ἀποσπάσαι
223 1625 277 1686 ἀπό
300 1630 347 1686 σού
373 1631 534 1708 μερικῶςή
560 1629 691 1708 καθόλου,
719 1630 780 1690 τότε
811 1629 849 1704 μὴ
873 1629 956 1704 μόνον
986 1629 1031 1690 τδν
1058 1629 1173 1708 Χριστόν
1203 1625 1250 1688 καί
1277 1629 1339 1688 θεδν

51 1747 118 1824 ήμῶν
146 1745 246 1824 έξομεν
276 1747 407 1830 διάδικον,
435 1749 513 1810 ἀλλά
538 1749 585 1811 καὶ
611 1749 660 1822 τάς
689 1750 757 1832 ἀράς
782 1757 836 1812 τιῖιν
857 1747 911 1826 τιη’
938 1751 1025 1828 ἀγίων
1052 1751 1188 1830 θεοφόρων
1214 1752 1338 1830 πατέρων

51 1869 269 1952 κληρονομῶμεν,
298 1867 345 1932 καί
366 1873 397 1931 τδ
420 1869 546 1948 ἀνάθεμα
572 1870 618 1934 καί
640 1874 658 1948 ή
683 1871 761 1960 μερίς
782 1874 862 1950 ήμῶν
888 1869 1002 1952 ταχθείη
1026 1871 1096 1948 μετὰ
1122 1874 1168 1930 τού
1191 1870 1338 1950 ἀχαρίστου

51 1991 89 2051 καί
114 1992 249 2072 προδότου
277 1994 376 2056 Ἰούδα.
412 1993 490 2055 ἀλλὰ
520 1992 568 2056 καί
593 1999 677 2058 ταύτα
703 1995 737 2055 τά
764 1992 795 2069 ἓξ
825 1993 988 2077 νομίσματα,
1020 1995 1088 2072 άπερ
1117 1991 1258 2068 ἐλάβομεν
1285 1993 1338 2054 ἀπδ

50 2119 98 2194 σού,
119 2113 164 2176 ἐπὶ
190 2117 222 2176 τό
250 2115 392 2178 διπλάσιον
415 2118 622 2198 ἀντιστρέφομεν
648 2119 717 2198 πρός
739 2118 772 2179 σί
798 2115 845 2178 καί
867 2117 898 2180 τίν
920 2115 987 2178 ὅλον
1010 2117 1095 2198 μέρος
1117 2135 1175 2196 σου,
1202 2111 1249 2174 καὶ
1270 2116 1339 2194 πρός

50 2237 87 2296 τόν
108 2233 261 2324 [δημόσιον]
283 2240 314 2299 τό
336 2239 422 2319 τρίτον
445 2240 554 2302 τούτων.
584 2237 726 2300 ἐπὶτοῦτο
748 2237 802 2320 γὰρ
828 2237 875 2300 καί
897 2239 928 2298 τδ
948 2239 1035 2318 παρδν
1061 2239 1207 2319 τραιήριαν
1230 2237 1337 2318 ἔγγρα-

52 2379 89 2436 φον
115 2363 185 2442 πρός
214 2361 245 2421 σί
273 2363 462 2438 πεποιήκαμεν
491 2370 526 2444 τῇ
552 2363 631 2439 ήμῶν
661 2368 799 2445 προτροπῇ
831 2360 904 2443 χειρὶ
929 2357 1132 2422 Κωνσταντίνου
1166 2360 1262 2442 ἱερέως
1291 2363 1337 2420 τού

50 2483 226 2564 Μυρσινιιύτη,
253 2489 369 2560 νομικού
405 2484 452 2546 καί
480 2485 682 2566 δευτερεύοντος
711 2491 760 2562 τῆς
787 2484 943 2565 ἁγιωτάτης
974 2483 1172 2566 μητροπόλεως
1199 2483 1335 2563 Μιλήτου,

50 2609 86 2664 τού
112 2609 229 2688 κέστραν
259 2607 418 2690 Παλατίων,
452 2607 566 2670 ἐνώπιον
596 2615 650 2670 τῶν
681 2609 893 2689 ύπογραψιίντων
924 2607 1074 2689 μαρτύρων.
1106 2604 1184 2682 μηνί
1210 2603 1336 2695 μαρτίιρ

51 2723 250 2801 ίνδικτιῶνος
273 2729 301 2790 α’
324 2731 418 2804 ἔτους
440 2731 561 2814 ,ςύκα’.
585 2734 606 2812 †

140 2853 162 2930 †
185 2853 376 2930 Κησοιανός
399 2853 508 2934 ἱερεύς
531 2857 545 2914 ό
568 2854 717 2934 Εύγένης
739 2852 796 2914 καί
817 2855 1041 2932 πρωτοπαπάς
1063 2856 1121 2927 τῆς
1145 2851 1336 2928 ἁγιωτάτης

48 2975 280 3054 μητροπόλεως
303 2975 455 3051 Μιλήτου
476 2974 616 3056 πάρειμι
639 2975 692 3036 ἐπὶ
713 2975 749 3036 τό
769 2977 872 3055 παρόν
902 2975 1078 3056 ἔγγραφον,
1105 2973 1290 3052 ύπέγραψα.
1314 2972 1335 3050 †

140 3099 436 3178 ήΚωνσταντῖνος
463 3098 572 3180 ίιρείις
595 3100 609 3158 ό
632 3099 840 3180 Καραντινθς
868 3100 1038 3178 μαρτυρῶν
1068 3091 1124 3156 καὶ
1154 3093 1252 3166 αίιτδς
1278 3091 1334 3152 ὑπ-

47 3218 225 3300 ἔγραψα-ί

140 3344 162 3424 †
184 3343 314 3424 Πέτρος
336 3344 351 3402 ό
373 3341 574 3419 Δεμονίτζης
593 3341 649 3402 καί
671 3343 769 3415 αύτδς
791 3345 964 3422 μαρτυρῶν
987 3341 1171 3419 ὑπέγραψα
1195 3338 1216 3417 †

139 3466 161 3544 †
184 3465 334 3539 Νικήτας
357 3467 371 3524 ό
394 3465 599 3544 Τζαμαύχης
625 3467 767 3546 πάρειμι
793 3461 849 3525 καὶ
872 3464 968 3536 αύτός
991 3459 1044 3523 ἐπί
1069 3462 1104 3522 τό
1126 3461 1229 3542 παρδν
1252 3481 1333 3542 πρα-

46 3587 147 3666 τήριον
172 3589 339 3668 ἔγγραφον
363 3593 534 3668 μαρτυρῶν
557 3588 745 3668 ὑπέγραψα.
769 3587 790 3666 †

139 3711 160 3788 †
183 3709 436 3782 Κωνοταντῖνος
459 3709 568 3790 ἱερεύς
591 3711 866 3790 όΜυρσινιιίιτης,
889 3709 1027 3784 νομικός
1049 3705 1106 3768 καὶ
1129 3707 1332 3787 δευτερεύων

45 3837 94 3906 τῆς
109 3833 298 3912 ἀγιωτάτης
320 3831 562 3914 μητροπόλεως
578 3831 739 3912 Μιλήτου,
756 3833 896 3912 κάστρου
913 3827 1099 3910 Παλατίων,
1116 3827 1225 3912 οἰκείᾳ
1239 3825 1332 3910 χειρὶ

48 3953 170 4035 ἔγραψα
191 3953 247 4014 καί
269 3954 453 4035 ὑπέγραψα.
478 3956 499 4034 †
533 3991 536 4000 .

138 4085 281 4154 Αττίιείμρν.
307 4085 413 4138 πιεττιύσ.
440 4083 514 4140 Hor.
538 4101 588 4137 ιντο
612 4083 662 4138 98.

294 4284 366 4348 LII.
392 4283 468 4349 Sine
490 4305 585 4368 ann0,
608 4304 719 4348 mense
743 4279 915 4364 februario,
939 4278 1004 4343 ind.
1029 4279 1070 4343 Π.

46 4415 189 4486 Imperator
200 4437 218 4472 a
232 4417 410 4489 υευέίραίίδυυ
425 4417 516 4471 eximit
531 4417 675 4472 naviculas
690 4414 848 4470 monasterii
861 4411 1025 4484 appellentes
1040 4410 1078 4464 ad
1088 4415 1187 4480 portua
1203 4407 1328 4464 Orientis.

139 4564 171 4654 [†
198 4569 232 4628 ’ίί
264 4567 391 4643 βασιλεία
422 4564 483 4652 μου]
514 4567 563 4640 τὴν
594 4564 686 4639 δεξιὰν
715 4564 870 4626 ἐκτείνουσα
895 4563 995 4637 ταύτης
1025 4560 1071 4622 καὶ
1099 4557 1138 4631 είς
1163 4559 1212 4634 τὴν
1241 4559 1269 4618 ἐν
1296 4565 1329 4641 τῇ

44 4690 110 4769 νήσῳ
130 4697 164 4774 τῇ
182 4687 292 4765 Ιίάτμου
314 4688 459 4770 ἱδρυμένην
482 4683 633 4764 οεβατμίαν
656 4687 742 4766 μονὴν
766 4687 809 4748 ἐπ’
832 4687 943 4764 όνόματι
965 4689 1011 4746 τοῦ
1033 4680 1111 4766 ἁγίου
1133 4681 1261 4744 Ἰωάννου
1284 4685 1329 4743 τού
