3162 5278
1259 361 1320 427 301

30 552 174 634 ἀκροτάτην
209 556 349 636 περιωπην
384 557 505 614 τάττουσι
539 559 585 614 τοῦ
620 553 807 630 οἰκουμενικοῦ
835 556 928 615 τοῦτου
958 556 1062 636 θρόνου,
1097 553 1323 634 οτοιυροπηγιακῷ

30 677 150 752 δηλονέτι
177 675 225 736 καὶ
246 675 435 758 πατριαρχικῷ
457 679 693 752 κατακοσμοῦντες
716 676 838 755 όνόμοιτι,
867 677 901 736 δι’
925 670 956 736 οῦ
978 679 1166 757 κρατυνόμενοι
1193 678 1324 747 σῶζονται

27 798 150 870 παντοίας
175 798 332 870 δυναστείας
355 797 603 874 ἀπαλλαττόμενα·
631 800 661 858 τδ
684 798 738 878 γὰρ
763 799 877 858 ἐλαττον
900 796 943 856 ἀεὶ
966 797 1013 858 καὶ
1036 797 1149 870 ἀσθενὲς
1175 796 1324 880 προστασίᾳ

27 925 67 978 τοῦ
87 918 262 1000 ἰσχυροτέρου
284 919 331 980 καί
353 919 506 1001 κρείττονος
529 921 603 1000 φύσει
625 919 672 980 καί
695 921 769 980 θέσει
790 921 1032 999 περιρυλάττεοθαι
1053 921 1181 1000 πέρυκεν,
1205 922 1255 979 όσα
1278 917 1324 979 καὶ

26 1051 100 1116 σῶμα
130 1045 207 1119 ψαχῇ
236 1042 383 1102 συνενωθέν
411 1042 454 1102 ἀπ’
483 1044 565 1118 αῦτῆς
593 1045 702 1114 πάντως
729 1043 882 1122 κρείττονος
910 1039 990 1118 οῦοης
1018 1041 1110 1112 οὐσίας
1139 1039 1186 1100 καὶ
1212 1043 1325 1100 κινεῖται

25 1163 65 1220 καὶ
81 1159 209 1234 σώζεται,
232 1165 281 1238 τὴν
305 1163 337 1223 δὲ
360 1163 596 1244 οταυροπηγιακὴν
619 1164 716 1238 ταῦτην
741 1163 898 1243 ἐλευθερίαν
926 1162 972 1224 καὶ
997 1163 1108 1238 δύναμιν
1132 1162 1324 1242 συγιλλιῶδεσι

25 1289 179 1362 γράμμασιν
203 1287 233 1345 οῦ
256 1285 337 1360 μόνον
361 1284 390 1344 ἐν
412 1289 446 1365 τῇ
468 1291 522 1344 τῶν
545 1285 670 1346 τοιούτων
693 1281 824 1364 κατάρξει
846 1283 986 1362 καθάπαξ,
1010 1285 1088 1345 ἀλλά
1110 1285 1249 1356 πολλάκις
1271 1291 1324 1344 τῶν

24 1409 87 1465 κατὰ
109 1409 231 1486 χρόνους
252 1415 428 1487 πατριαρχῶν
453 1407 592 1486 ἐπικυροῦν
614 1405 661 1466 καί
684 1405 803 1486 ἰσχυρῶς
826 1407 982 1484 ἀσραλίζειν
1002 1405 1128 1466 εἰώθασιν
1150 1401 1324 1478 ἀνανεοῦντες

26 1529 98 1587 εἰοιεί
128 1529 167 1588 δι’
191 1528 339 1604 ἀμοιβαίας
365 1529 463 1604 ταύτην
486 1529 638 1608 δυνάμεως,
666 1531 740 1601 όπως
763 1529 802 1604 μὴ
825 1529 915 1605 λήθης
939 1529 1046 1610 ἐμπέσῃ
1070 1528 1161 1602 βυθοῖς
1183 1532 1324 1608 χρονικαῖς

23 1653 215 1729 περιστάσεων.
247 1651 323 1711 ἔνθεν
351 1671 391 1710 τοι
420 1650 467 1710 καὶ
499 1651 523 1710 οῖ
553 1653 763 1724 σονοιοκοῦμενοι
791 1652 909 1728 πατέρες
940 1650 969 1707 ἐν
999 1656 1032 1730 τῇ
1063 1657 1246 1732 πατριαρχικῇ
1276 1649 1323 1709 καί

23 1779 243 1854 σταυροπηγιακῇ
267 1779 337 1854 μονῇ
356 1776 403 1833 τοῦ
418 1772 506 1852 ἀγίου,
532 1771 642 1845 ἐνδόξου
664 1772 711 1832 καί
733 1775 908 1850 ποινευρήμου
928 1772 1081 1832 ἀποστόλου
1103 1771 1150 1831 καί
1171 1771 1323 1850 εὺαγγελι-

23 1899 77 1953 :ts-3
94 1896 228 1954 Ἰωάννου
249 1897 296 1954 τοῦ
311 1893 455 1972 Θεολέγσυ
478 1899 523 1954 τοῦ
546 1894 575 1952 ἐν
597 1901 630 1975 τῇ
653 1897 727 1972 νήσῳ
745 1891 848 1972 Πάτμῳ
867 1893 1098 1972 προσκομίοαντες
1120 1895 1185 1968 ἡμῖν
1208 1896 1324 1972 γράμμα

23 2015 200 2093 τιγιλλιιῖιδες
221 2019 268 2076 τοῦ
289 2014 377 2076 πάλαι
397 2017 565 2095 πατριάρχου
580 2017 718 2094 γέροντος,
743 2019 792 2093 κῦρ
808 2015 958 2094 Κυρίλλου,
983 2015 1181 2094 βεβαιωτάριον
1204 2015 1324 2094 ὑπάρχον

22 2145 70 2194 τῶν
100 2139 171 2216 παρ’
199 2139 289 2210 αὐτοῖς
323 2138 500 2216 παλαιγενῶν
530 2140 700 2217 γραμμάτων
730 2142 932 2215 πατριαρχικῶν
966 2135 1013 2196 καί
1044 2137 1192 2210 βασιλικῶν
1222 2157 1324 2218 χρυσο-

23 2259 162 2336 ρτῦλλων,
195 2259 229 2318 δι’
253 2254 291 2320 ὧν
319 2262 500 2338 μαρτυρεῖται,
530 2261 571 2318 ότι
597 2261 614 2333 ἡ
644 2259 705 2340 ίερά
735 2259 801 2334 αῦτη
832 2259 901 2333 μονὴ
933 2259 1109 2338 ἀνεγερθεῖοα
1143 2257 1206 2318 κατ’
1237 2257 1325 2338 ἀρχάς

24 2381 98 2464 ἀδείᾳ
126 2380 177 2441 καί
205 2381 292 2462 βουλῇ
319 2387 373 2442 τῶν
399 2383 487 2442 πάλαι
510 2383 648 2456 θεοσεβῶν
672 2382 874 2459 αὐτοκρατόρων
898 2377 944 2440 καὶ
968 2379 1097 2455 ἀοιδίμων
1121 2379 1258 2454 βασιλέων
1281 2380 1323 2440 ὑπ’

24 2503 126 2563 ἐκείνου
159 2505 207 2562 τοῦ
238 2504 438 2578 εῦλαβεοτάτου
466 2507 587 2580 μονοιχοῦ
610 2503 811 2582 Χριστοδοῦλου
839 2503 884 2561 διά
905 2522 936 2561 τε
963 2502 1176 2582 χρυσοβοῦλλων
1202 2505 1249 2562 τοῦ
1276 2505 1324 2582 κῦρ

23 2621 149 2696 Ἀλεξίου
172 2625 319 2700 Κομνηνοῦ
341 2623 388 2684 καί
410 2626 580 2703 γραμμάτων
602 2630 655 2683 τῶν
679 2625 740 2684 κατ’
766 2623 869 2684 ἐκείνου
892 2627 987 2704 καιροῦ
1010 2625 1092 2704 μέχρι
1114 2622 1161 2682 καί
1182 2623 1248 2706 τῇδε
1271 2629 1325 2682 τῶν

24 2748 181 2822 ρθασάντων
205 2745 345 2824 μακαρίων
367 2751 542 2824 πατριαρχῶν
566 2745 663 2824 εἰληρε
685 2745 734 2820 τἠν
758 2741 881 2816 ἐξουσίαν
905 2740 975 2804 εἶναι
998 2744 1142 2818 βασιλικὴν
1162 2743 1208 2805 καί
1227 2766 1321 2826 πατρι-

23 2870 139 2944 αρχικὴν
162 2866 210 2926 καί
233 2869 480 2948 σταυροπηγιακήν,
512 2867 599 2942 ἀτελῆ
622 2887 651 2926 τε
681 2865 727 2926 καί
758 2865 887 2926 ἀσῦδοτον
915 2865 962 2925 καὶ
990 2866 1148 2926 ἀδούλωτον
1177 2865 1224 2924 καί
1254 2867 1325 2926 κατά

22 2993 106 3048 πάντα
131 2989 331 3068 ἀνενόχλητον,
355 2990 413 3064 ἀμα
435 2995 468 3070 τῇ
492 2991 565 3068 νήσῳ
587 2989 661 3070 πάσῃ
685 2989 863 3061 διαμένουσαν
887 2985 931 3046 ἀεὶ
954 2987 1149 3047 αῦτοδέσποτον
1171 2986 1218 3046 καί
1241 2989 1323 3046 αὺτε-

23 3107 124 3180 ξτῦτιον
146 3112 211 3170 καθ’
228 3112 324 3185 ἑαυτὴν
348 3109 557 3188 διεξαγομένην,
580 3111 653 3170 καθὰ
675 3111 855 3188 λεπτομερῶς
879 3105 988 3180 διέξεισι
1010 3108 1044 3167 τὰ
1065 3105 1127 3186 περὶ
1150 3108 1234 3183 αὑτῆς
1256 3108 1324 3168 ὑπο-

23 3236 163 3314 μνήματα,
199 3234 244 3292 τάν
275 3233 306 3292 δὲ
335 3234 542 3310 καθηγούμενον
573 3234 656 3308 αἰνσῖγς
690 3230 787 3308 μηδενί
816 3253 866 3291 τινι
894 3233 1030 3310 προσώπῳ
1060 3229 1279 3310 ἐκκλησιαστικῷ
1306 3234 1324 3305 ἠ

21 3359 146 3435 κοσμικῴ
176 3357 333 3416 Ι’σττοκεῑσθοιι
359 3359 481 3434 πῶποτε,
507 3357 556 3430 τὴν
582 3355 782 3435 πατριαρχικὴν
810 3353 841 3414 δὲ
865 3357 950 3429 μόνην
973 3352 1176 3432 μεγαλειότητα
1200 3351 1324 3431 κεραλὴν

24 3475 222 3556 ἐπιγινώσκειν,
250 3474 387 3556 διεξάγειν
409 3497 439 3536 τε
467 3477 511 3535 τὀν
539 3477 618 3536 αὐτόν
641 3477 793 3554 ἡγούμενον
821 3481 1008 3550 πνευματικῶς
1036 3475 1097 3546 τοῦς
1119 3495 1148 3533 τε
1176 3495 1324 3534 συνασκου-

23 3603 118 3673 μένους
148 3601 180 3660 ἐν
207 3606 240 3681 τῇ
264 3606 334 3680 μονῇ
356 3597 403 3658 καί
425 3602 528 3670 πάντας
555 3599 616 3670 τοῦς
644 3598 725 3672 αὐτὴν
747 3599 797 3672 τὴν
819 3604 901 3672 νῆσον
925 3594 1064 3668 οἰκοῦντας
1086 3595 1216 3668 καὶτοὺς
1238 3619 1324 3678 προσ-

22 3725 196 3798 κοθημένους
227 3723 255 3780 ἐν
285 3724 341 3793 τοῖς
373 3726 423 3796 τῆς
457 3727 543 3795 μονῆς
572 3721 691 3796 κτήμασι
720 3717 767 3778 καὶ
796 3721 935 3798 πράγμασι
965 3717 1013 3777 καὶ
1042 3719 1142 3778 τούτων
1173 3720 1247 3796 ἔχειν
1277 3721 1325 3794 τὴν

23 3843 207 3918 πνευματικὴν
231 3843 367 3922 ἀνάκρισιν
395 3841 442 3904 καὶ
466 3841 593 3917 διοίκησιν
621 3841 667 3902 καὶ
689 3841 841 3917 ποιμαίνειν
869 3840 964 3912 αῦτοίις
992 3841 1228 3916 έκκλησιαστικῶς
1255 3842 1326 3901 κατὰ

24 3967 68 4040 τὴν
92 3967 209 4026 ἐνοῦσαν
233 3963 305 4042 αὐτῷ
328 3963 449 4044 δύναμιν,
478 3961 578 4036 ἐξεῖναι
602 3962 632 4022 δὲ
654 3965 711 4035 τοῖς
734 3967 868 4040 μοναχοῖς
890 3962 1039 4034 ἀκωλύτως
1061 3963 1125 4041 παρ’
1149 3955 1179 4022 οὗ
1202 3965 1234 4022 ἀν
1258 3963 1324 4038 βοθ-

24 4087 124 4147 λωνται
150 4087 304 4166 ἀρχιερέως
330 4085 379 4158 τάς
406 4087 509 4146 ἑαυτῶν
535 4083 704 4165 χειροτονίας
726 4087 812 4144 ποιεῖν
839 4083 885 4144 καί
908 4085 970 4143 καθ’
995 4084 1105 4154 ἑαυτοὺς
1129 4082 1249 4164 ἐνεργεῖν
1276 4085 1325 4161 τὴν

24 4216 66 4269 τοῦ
88 4211 249 4288 ἡγουμένου
272 4211 359 4268 αὐτῶν
383 4207 505 4288 ἐκλογήν
527 4229 557 4267 τε
579 4207 626 4266 καὶ
648 4207 833 4287 προχείρησιν,
857 4205 1015 4266 ἀποκλείειν
1043 4206 1075 4264 δὲ
1097 4205 1159 4277 τοίις
1182 4205 1324 4286 ἐπιχειρη-

25 4335 157 4408 τομένους
185 4333 261 4403 ὅπως
286 4329 352 4392 ποτὲ
379 4329 606 4406 κατεπεμβοιίνειν
634 4335 683 4404 τῆς
707 4334 793 4404 μονῆς
820 4325 866 4386 καί
890 4327 1047 4401 δοκιμάζειν
1069 4327 1256 4387 καταδουλοῦν
1278 4325 1325 4386 καί

26 4457 66 4513 :bv
88 4455 165 4514 κατά
186 4455 248 4514 θεόν
271 4454 422 4529 ἀμέμπτως
443 4452 631 4512 πολιτεύεσθαι
654 4449 712 4525 βίον
737 4448 783 4510 καὶ
806 4449 1015 4527 ἀνεπηρεάστως
1038 4449 1087 4524 ζῆν
1110 4449 1139 4508 έν
1163 4451 1229 4531 αὐτῇ
1251 4449 1326 4530 παρὰ

25 4582 74 4634 τῶν
104 4576 181 4636 κατά
210 4575 320 4654 καιροῖς
346 4576 406 4646 ταῖς
432 4571 599 4653 φιλοδοξίαις
629 4572 855 4650 ἐπιμαινομένων,
880 4572 909 4630 οῦ
933 4571 987 4646 μὴν
1011 4570 1052 4650 δέ,
1083 4570 1162 4630 ἀλλὰ
1192 4568 1239 4630 καὶ
1269 4573 1326 4642 τοῖς

25 4699 94 4758 κατά
121 4695 235 4776 καιροὶις
264 4697 444 4777 πατριάρχαις
474 4695 560 4772 μηδέν
582 4715 608 4753 τι
638 4693 741 4754 δίκαιον
772 4693 845 4752 ἀλλο
875 4696 1013 4774 προσεῖναι
1044 4697 1203 4774 συγχωροῦν
1234 4693 1262 4753 ἐν
1291 4700 1325 4778 τῇ
