3160 5292
246 361 308 426 190

189 617 190 621 ,
243 558 306 618 τίων
337 557 383 618 καὶ
414 557 467 617 ἀπδ
497 563 550 618 τῶν
575 553 664 638 πέριξ,
691 556 719 615 οδ
746 553 794 616 καὶ
822 599 1218 618 .............
1238 561 1300 636 τικῇ
1323 555 1537 615 ἀποκαταστάσει

241 677 397 759 προέταξαν
418 678 466 739 καὶ
491 679 734 760 σιγνοεγροίρησαν,
758 679 796 748 ὡς
818 675 866 736 καὶ
887 671 960 738 οὑτοι
981 676 1180 752 βεβαιωθέντες
1203 723 1536 738 ...........

243 796 458 886 [διίκαιωμάτων
488 799 534 860 καί
565 799 611 860 διὰ
644 805 691 862 τοῦ
720 799 862 876 βασιλικοῦ
891 803 1074 880 προσκυνητοῦ
1102 799 1309 882 χρυσσβσὺλλου
1331 803 1387 886 ,τοῦ
1416 798 1537 874 ἀοιδίμου

242 921 290 982 καὶ
316 921 539 1003 τρισμακαρίστου
566 921 704 995 βασιλέως
726 921 772 982 καὶ
797 943 894 984 ...ου
916 923 1006 1002 ημῶν,
1033 926 1114 1003 κυροῦ
1142 921 1289 1002 Θεοδώρου
1317 923 1467 997 Κομνηνοῦ
1494 925 1537 980 τοῦ

243 1045 387 1125 Λοίοκαρη,
419 1041 466 1106 καὶ
497 1043 543 1104 διὰ
571 1041 644 1104 θείου
666 1041 713 1102 καὶ
747 1043 889 1118 βασιλικοῦ
917 1049 1100 1122 προσκυνητοῦ
1129 1044 1240 1123 ὁρισμοῦ
1271 1043 1466 1123 έπικυρωτικοῦ
1494 1045 1537 1101 τοῦ

241 1171 370 1248 κραταιοῦ
392 1165 439 1227 καί
461 1167 539 1246 ἀγίου
560 1167 640 1241 ἡμῶν
663 1167 789 1226 αὑθέντου
810 1164 858 1226 καί
880 1165 1018 1242 βασιλέως
1040 1164 1088 1226 καί
1114 1165 1361 1226 ἀποκαταστάντων
1388 1169 1443 1224 τῶν
1469 1165 1537 1224 κατὰ

241 1289 350 1371 καιροὺς
366 1289 567 1365 δκποιουμένων
582 1287 632 1361 τὰς
647 1287 806 1367 θπογραρδς
820 1293 873 1348 τῶν
890 1287 1047 1368 Παλατίων,
1063 1267 1147 1367 ἤγουν
1159 1290 1205 1348 τοὺ
1219 1285 1409 1360 πανσεβοίστου
1425 1286 1536 1364 ἐκείνω,

241 1415 322 1494 κυρσῦ
344 1407 471 1484 Ἀλεξίου
498 1413 543 1471 τοῦ
565 1410 715 1491 Κρατεροῦ,
741 1413 788 1470 τοῦ
814 1412 1050 1490 πρωτοστρσίτσρος
1076 1415 1156 1489 κυρσὺ
1180 1411 1309 1470 Ἰωάννου
1331 1413 1379 1470 τοῦ
1402 1409 1471 1488 Ἰοῦς,
1494 1413 1537 1468 τοῦ

242 1535 427 1616 Φερνιτζιὺτη
454 1536 536 1614 κυροῦ
562 1529 719 1612 Γρηγσρίσυ,
747 1536 793 1592 τοῦ
823 1531 1061 1613 στρατοπεδάρχου
1087 1531 1134 1592 καὶ
1160 1527 1342 1617 παραίδβτσυ
1368 1529 1537 1610 Μαιάνδρου,

240 1660 322 1736 κυροῦ
344 1653 514 1734 Θεοφάνους,
539 1653 566 1712 σί
585 1651 632 1713 καὶ
660 1651 857 1728 διεβεβαίωσαν
883 1654 914 1712 τ“ο
940 1656 1059 1714 τοιοῦτον
1086 1655 1215 1732 μετθχισν
1241 1651 1290 1713 καί
1313 1653 1471 1732 έδράζουσιν
1494 1651 1537 1710 καί

241 1777 340 1857 ἀκριβῆ
370 1780 505 1836 ποιοῦνται
535 1775 584 1850 τὴν
614 1775 726 1852 ἔρευναν
754 1771 800 1834 καί
830 1775 868 1849 μὴ
900 1775 974 1845 δλως
1005 1773 1079 1852 ἔχειν
1109 1775 1172 1856 ὅρον
1204 1775 1233 1834 ἐν
1260 1779 1294 1856 τῇ
1321 1773 1467 1854 τοποθεσία
1495 1777 1538 1833 τοῦ

243 1901 348 1980 ίίὺρηου
371 1897 397 1957 σί
420 1895 600 1976 Παλτατιανοί,
624 1895 691 1956 ἀλλ’
708 1891 776 1955 είναι
798 1897 844 1954 τδν
865 1899 983 1956 τοιοῦτον
1006 1896 1068 1976 δρσν
1090 1903 1140 1972 τῆς
1163 1897 1361 1976 Παναγράντου
1384 1896 1538 1975 ἀρχόμενον

240 2022 294 2082 ἀπο
316 2027 369 2080 τῶν
393 2019 439 2080 δῦο
462 2024 602 2094 ποταμῶν,
626 2021 672 2078 τοῦ
693 2038 724 2077 τε
739 2016 897 2097 Μαιάνδρου
918 2016 966 2078 καί
987 2022 1033 2078 τοῦ
1056 2018 1089 2078 έκ
1107 2023 1160 2078 τῶν
1179 2018 1327 2078 Παλατίων
1348 2017 1537 2097 διερχομένου,

240 2145 271 2215 ὃς
297 2141 344 2203 καὶ
371 2141 488 2202 διελθὼν
510 2142 540 2200 τ“ο
568 2141 652 2220 μέρος
673 2140 773 2200 τσὺτων
795 2137 842 2200 καί
864 2138 985 2220 ἀκριβῶς
1006 2142 1191 2220 περιπατήσας
1215 2139 1244 2198 έν
1267 2143 1301 2222 τῇ
1323 2139 1472 2220 τοποθεσίᾳ
1494 2143 1539 2198 τοῦ

241 2265 349 2346 Πὺργου
369 2257 447 2344 εὗρον
468 2263 497 2322 έν
513 2261 585 2340 αὑτῷ
607 2267 660 2340 γῆν
684 2261 821 2342 ἀρωσιμον
844 2262 873 2321 έν
895 2261 933 2342 τῷ
956 2261 1052 2344 ὀρεινῷ
1075 2263 1149 2340 τόπῳ
1172 2261 1349 2338 διακειμένην
1372 2259 1420 2321 καὶ
1443 2263 1538 2336 μόνην.

239 2387 288 2462 τὴν
315 2385 347 2445 δέ
375 2386 469 2464 έτέραν
497 2389 549 2464 γῆν
571 2384 619 2458 τὴν
642 2382 671 2442 έν
692 2382 732 2462 τῷ
754 2385 855 2462 κάμπῳ
879 2382 1053 2458 διακειμένην
1075 2381 1124 2457 τὴν
1146 2385 1213 2464 πρδς
1236 2385 1266 2442 τδ
1289 2384 1378 2443 νὺτιον
1403 2384 1498 2463 μέρος,
1521 2385 1537 2455 ἢ

241 2503 310 2592 [καί]
333 2509 447 2588 ἄρχεται
470 2502 523 2566 ἀπο
542 2510 592 2582 τῆς
614 2504 755 2580 θαλάσσης
776 2502 823 2564 καὶ
846 2503 1005 2579 ἀκουμβίζει
1028 2505 1111 2583 μέχρι
1132 2501 1179 2564 καὶ
1201 2507 1248 2564 τοῦ
1269 2509 1395 2580 ποταμοῦ
1417 2509 1464 2564 τοῦ
1487 2505 1537 2564 ἀπο

240 2636 293 2690 τῶν
317 2627 473 2708 Παλατίων,
502 2629 531 2688 έν
554 2622 577 2708 ᾧ
599 2627 793 2705 συμμίγνυνται
821 2627 900 2706 ἀμρω
926 2625 972 2687 καὶ
999 2627 1029 2684 τδ
1053 2626 1218 2702 Χαλινίτζην
1240 2625 1287 2686 καὶ
1311 2625 1446 2686 διενσῦται
1470 2626 1538 2701 μετὰ

238 2756 285 2812 τοῦ
311 2752 431 2812 παλαιοῦ
454 2749 629 2830 Μαιάνδρου·
652 2749 750 2809 κυκλοῖ
771 2748 825 2828 γὰρ
850 2795 1148 2810 ..........
1172 2748 1220 2824 τἠν
1243 2754 1296 2827 γῆν
1318 2744 1432 2833 ταίὺτην
1455 2743 1536 2831 ἰδιαί-

238 2872 422 2954 περισρίστως.
452 2873 540 2947 πάντη
572 2875 636 2950 γοῦν
667 2871 706 2929 ένι
734 2866 850 2945 ἄνικμος
879 2867 926 2928 καὶ
956 2867 1120 2948 ἀλμυροὺται
1152 2869 1191 2943 μὴ
1223 2869 1298 2947 έχων
1326 2869 1355 2928 έν
1383 2869 1456 2949 αὑτῷ
1485 2875 1536 2947 γῆν

241 3043 248 3056 .
273 3039 280 3056 .
306 3044 313 3057 .
340 3041 347 3057 .
371 2990 436 3056 ιὺσεί
459 2991 555 3070 μοδίου
577 2987 650 3076 έ[ν“ος
673 3035 810 3052 .....
833 2995 864 3052 οῦ
886 3010 916 3050 τε
938 2988 1094 3065 νομαδιαία.
1118 2993 1136 3065 ἡ
1160 2987 1192 3049 δέ
1207 3011 1242 3068 γε
1265 2991 1347 3069 έτέρα
1369 2996 1408 3068 γῆ
1429 2993 1447 3066 ἡ
1470 2992 1537 3070 προς

239 3119 269 3178 τδ
298 3117 404 3198 βόρειον
432 3116 517 3195 μέρος
538 3109 653 3194 ἀρχέτω
684 3112 734 3188 μὲν
763 3111 809 3172 καί
840 3113 906 3187 αὑτὴ
934 3111 988 3171 ἀπδ
1012 3157 1182 3176 ......
1210 3111 1258 3172 καί
1280 3107 1471 3197 ἀίκολου[θεῑς
1493 3114 1536 3171 τ’σν

239 3235 374 3325 πο]ταμδν
395 3238 441 3298 τδν
468 3235 587 3296 παλαιὸν
615 3233 784 3314 Μαίανδρον,
811 3231 969 3315 περιορίζων
998 3231 1045 3292 καί
1074 3226 1152 3305 οὑτος
1181 3233 1212 3292 το
1242 3233 1351 3314 βόρειον
1379 3237 1466 3314 μέρος
1492 3231 1537 3292 καὶ

240 3359 412 3436 ἀκουμβίζων
432 3359 515 3437 μέχρι
529 3359 576 3416 τοῦ
592 3354 762 3431 δηλουμένου
784 3349 929 3439 πστα[μοῦ]
945 3353 1094 3436 Χαλινίτζι,
1117 3351 1164 3414 καὶ
1187 3355 1272 3427 οὑτως
1293 3356 1441 3416 κυκλοῦσιν
1464 3356 1535 3415 ἔσω-

239 3483 285 3542 θεν
312 3481 361 3555 τὴν
386 3477 493 3557 δρεινὴν
514 3481 577 3555 γῆν,
605 3476 649 3536 οἵα
675 3473 723 3535 καὶ
745 3477 794 3551 ὅση
818 3475 883 3554 ἐστί,
907 3473 954 3534 καί
975 3476 1024 3550 τὴν
1046 3471 1220 3561 νομαδιίαίαν
1243 3471 1338 3562 οὑίσαν
1360 3483 1408 3538 τοῦ
1431 3477 1535 3558 βορείου

239 3605 339 3684 μέρους
363 3595 484 3685 [μρικέτι
509 3601 623 3680 πόριμον
646 3592 715 3658 είναι
737 3595 784 3658 καὶ
805 3597 912 3676 ταὺιην,
936 3596 1013 3656 ἀλλά
1036 3598 1120 3677 μέρος
1143 3601 1194 3674 μέν
1209 3619 1233 3658 τι
1258 3600 1361 3677 ἔχουσα
1383 3606 1439 3678 γῆν
1461 3596 1535 3679 ἀρώ-

239 3743 318 3800 σιμον
342 3769 349 3783 .
374 3769 382 3784 .
408 3767 415 3782 .
441 3739 508 3782 ,πα
545 3719 658 3798 χειλω.
683 3766 691 3782 .
714 3721 753 3790 ὡς
783 3719 846 3798 ὅρον
869 3719 934 3797 ἔχον
963 3717 1041 3779 τόνδε
1067 3720 1114 3780 τδν
1139 3723 1271 3803 ποταμόν,
1299 3721 1348 3782 καί
1370 3726 1465 3783 τοῦτον
1492 3719 1535 3780 διὰ

238 3844 348 3907 πολλοῦ
376 3843 462 3902 κόπου
490 3839 537 3902 καί
567 3841 602 3902 δι’
625 3841 785 3921 δραγμάτων
813 3884 1110 3904 ..........
1134 3847 1188 3901 τῶν
1216 3849 1383 3923 χειμερινῶν
1413 3843 1534 3904 ὑδάτων·

241 3969 312 4026 ἀπαν
334 3966 388 4045 γὰρ
414 3967 445 4025 τδ
471 3967 556 4026 νότιον
585 3963 632 4024 καὶ
658 3965 690 4023 τδ
713 3962 819 4042 βόρειον
843 3963 925 4042 μέρος
947 3961 979 4036 ἐξ
1002 3965 1091 4044 ἀρχῆς
1114 3969 1160 4024 τοῦ
1182 3961 1345 4051 χειμῦίνος]
1368 3967 1535 4028 καλὺιιτεται

239 4091 289 4149 ὑπδ
319 4093 372 4148 τῶν
402 4087 507 4148 ὑδάτων
535 4085 584 4146 καὶ
613 4085 715 4162 ἄβατος
744 4083 791 4144 καὶ
821 4085 952 4164 ἀνήροτος
980 4083 1093 4166 γίνεται.
1130 4087 1159 4148 ἐν
1190 4085 1221 4148 δέ
1250 4088 1290 4169 τῷ
1322 4090 1423 4170 βορείῳ
1453 4091 1534 4167 τσίιτῳ

240 4211 319 4290 μέρει
343 4213 390 4270 τοῦ
418 4209 588 4286 δηλουμένου
614 4211 738 4282 ποταμοῦ
759 4207 917 4288 Μαιάνδρου
942 4211 1082 4288 πρόκειται
1108 4215 1141 4292 τῇ
1168 4211 1278 4294 τοιαὺτη
1305 4218 1377 4294 μονῇ
1404 4213 1423 4286 ἡ
1447 4213 1533 4290 λεγο-

240 4334 310 4408 μένη
333 4331 455 4410 Γαβλέα,
482 4330 671 4410 παρακλάδιον
694 4325 760 4390 οὑσα
782 4333 828 4389 τοῦ
849 4330 968 4390 παλαιοῦ
991 4329 1150 4412 Μαιάνδρου
1171 4327 1396 4418 προσηηωμένη]
1417 4333 1459 4412 τῷ
1480 4333 1535 4412 δρει

239 4455 333 4534 τοὺτῳ,
364 4455 455 4533 στεῖρα
486 4449 552 4513 οὑσα
581 4450 628 4511 καὶ
657 4452 739 4531 αῦιη,
765 4451 957 4526 καλυπτομένη
984 4450 1031 4511 καὶ
1058 4453 1125 4526 αὑτὴ
1151 4453 1201 4513 ὑτδ
1224 4459 1278 4513 τῶν
1306 4454 1424 4536 ὑδάτων,
1453 4458 1534 4535 μέρος

240 4575 270 4634 δέ
290 4595 314 4634 τι
337 4575 440 4652 ἔχουσα
461 4571 623 4650 νομαδιαίας
644 4578 698 4650 γῆς
719 4569 766 4631 καὶ
789 4573 884 4650 μάνης,
906 4575 924 4647 ἦ
947 4571 993 4632 καὶ
1016 4572 1060 4632 διὰ
1082 4573 1154 4633 θείου
1176 4573 1224 4634 καὶ
1246 4575 1394 4649 βασιλικοῦ
1415 4598 1533 4659 προσκυ-

239 4701 320 4770 νητοῦ
356 4697 467 4776 ὁρισμοῦ
504 4693 550 4754 καὶ
583 4694 830 4765 ἀποκαταστάσεως
865 4698 911 4753 τοῦ
948 4696 1145 4772 Φερνιτζιιὺτου
1181 4696 1323 4778 παρεδόθη
1358 4707 1392 4781 ιῄ
1428 4701 1533 4781 τσιαὺτη
