3160 5292
1264 379 1326 447 267

49 582 257 656 ῆέλσιτοῦσθαι
282 581 332 658 τὴν
359 579 464 642 δεκάδα
493 585 546 642 τῶν
574 579 624 656 τὴν
651 581 835 656 πνευματικὴν
860 579 1000 640 πολιτείαν
1027 579 1248 654 σιινασκουμένων
1279 574 1327 639 καὶ

50 699 83 776 εἷς
104 703 227 784 άρχηγδς
252 709 301 780 τῆς
325 703 472 779 εύλαβείσς
493 705 539 764 τοῦ
562 701 621 776 βίου
641 702 851 784 προκαθεζέοθω
876 702 904 762 έν
926 700 1073 784 δοκιμασίᾳ
1095 700 1154 777 βίου
1179 699 1227 761 καί
1250 699 1327 774 ἔθους

48 823 87 884 καὶ
110 828 201 901 πάσης
221 825 337 902 κσσμίας
360 825 528 905 ἀναστροφῆς
548 830 602 886 τῶν
624 825 728 885 λοιπῶν
750 821 913 906 προκριθείς.
940 825 1091 904 τοιγαροῦν,
1114 821 1258 902 ἀγαπητοί,
1280 820 1327 882 καί
1356 899 1358 902 Ι

47 952 85 1006 νῦν
110 949 162 1008 όσα
188 951 357 1028 μονοοτῆρια
383 945 429 1008 καί
455 947 564 1028 λαῦραι,
593 947 661 1026 άπερ
688 945 824 1024 φαίνονται
850 946 903 1006 άπδ
929 947 960 1006 τό
982 945 1088 1006 Σίναιον
1116 943 1188 1026 δρος,
1222 944 1327 1024 Ἰερου-

47 1069 134 1145 σαλὴμ
154 1071 203 1129 καί
227 1069 255 1130 ἑν
276 1067 316 1149 τῷ
338 1073 384 1130 τοῦ
406 1069 531 1142 Ἀθωνος
557 1069 639 1150 μέχρι
662 1065 811 1150 Μετεωρου
837 1065 884 1128 καί
905 1067 940 1127 τά
960 1063 1038 1149 πέριξ
1059 1067 1159 1126 τούπυν
1180 1066 1227 1127 τόν
1249 1062 1328 1127 αύτδν

45 1192 218 1267 πνευματικὸν
246 1192 328 1268 νόμον
354 1188 402 1251 καὶ
428 1189 537 1274 ἀρίστην
562 1191 702 1252 πολιτείαν
728 1195 774 1251 τοῦ
801 1188 927 1270 μεγάλου
949 1185 1117 1250 διδασκάλου
1138 1185 1185 1250 καί
1207 1193 1328 1284 σωτῆρος

45 1315 116 1388 ἡμῶν
135 1313 227 1388 Ἰησοῦ
242 1313 358 1394 Χριστοῦ
380 1309 451 1388 μετὰ
472 1319 525 1373 τῶν
547 1315 627 1374 αύτοῦ
650 1313 778 1390 μαθητῶν
801 1315 943 1390 μιμοῦνται
965 1309 1012 1372 καὶ
1034 1311 1221 1372 πολιτεύονται
1243 1311 1328 1383 ούτως

44 1433 220 1508 κοινοβιακῶς
245 1433 293 1494 καί
315 1435 345 1495 τδ
368 1434 418 1510 μία
440 1434 469 1496 έν
490 1439 556 1496 πᾶσι
577 1433 678 1516 καρδία
701 1430 770 1495 είναι
796 1432 843 1495 καί
864 1433 977 1511 θέλημα
998 1435 1028 1494 ἓν
1050 1432 1097 1494 καὶ
1119 1433 1168 1509 μία
1192 1432 1327 1514 ἐπιθυμία,

43 1558 128 1630 καθὼς
156 1557 327 1618 διδάσκουσιν
353 1555 379 1618 οί
405 1557 478 1636 θγιοι
500 1557 656 1636 ἀπόστολοι,
684 1559 723 1628 ῶς
741 1577 822 1646 Ιφησιν
843 1557 859 1616 ό
881 1558 954 1629 θεῖος
977 1555 1102 1630 Παῦλος·
1130 1555 1178 1615 «ἓν
1200 1557 1327 1636 γενέσθαι

42 1686 117 1754 σῶμα
140 1679 175 1740 ἐκ
197 1679 330 1760 διαφόρων
353 1678 449 1753 μελῶν
472 1681 689 1758 συνηρμοσμένον
710 1684 764 1739 πᾶν
786 1679 817 1739 τό
838 1679 978 1758 πλήρωμα
998 1684 1048 1756 τῆς
1070 1677 1228 1750 συνοδίαςι·
1251 1681 1327 1738 τοῦτο

43 1803 70 1860 δὲ
91 1803 140 1862 οῦκ
164 1802 235 1862 ἔστιν
258 1799 356 1872 άλλως
378 1801 592 1882 κατορθωθῆναι,
616 1799 638 1861 εί
659 1801 697 1876 μὴ
721 1802 809 1862 έκεῖνο
831 1803 975 1882 κρατήσειε
997 1802 1028 1860 τδ
1050 1801 1089 1877 μὴ
1114 1800 1326 1876 έπονομάζεοθαί

41 1925 84 1984 τινί
108 1943 133 1983 π
159 1921 240 1984 ίδιον.
279 1919 373 1982 εἴπατέ
400 1941 456 2002 μοι,
487 1921 632 2004 άγαιιητοί,
661 1922 687 1982 τί
714 1921 812 1984 ἐσθλόν
837 1926 855 1998 ῆ
881 1922 922 1993 τίς
952 1921 1119 2002 καρποφορία
1147 1921 1259 1982 πλουτεῖ
1287 1919 1327 2001 τῷ

41 2044 152 2125 μοναχῷ
178 2051 214 2128 τῆ
237 2042 388 2127 ίδιορυθμίᾳ
408 2043 470 2124 περὶ
492 2045 610 2122 ψυχοιὴν
632 2045 781 2124 σωτηρίανς
810 2043 932 2125 οθδεμία,
962 2041 1049 2124 πάρεξ
1076 2043 1201 2125 φροντίδα
1231 2043 1326 2120 πολλὴ

40 2168 81 2230 καί
110 2167 259 2250 μερίμναις
285 2167 438 2244 βιωτικαῖς·
466 2164 513 2227 καί
542 2167 591 2228 ούιι
618 2163 736 2240 ἀξιοῦται
761 2170 808 2226 τοῦ
835 2169 1007 2246 μακαρισμοῦ
1033 2170 1078 2226 τοῦ
1105 2165 1205 2246 κυρίου,
1235 2166 1327 2238 καθύς

39 2313 111 2370 φησιν
140 2291 170 2351 έν
192 2289 232 2368 τῷ
254 2288 319 2370 ίεριῖρ
341 2291 421 2350 αῦτοῦ
443 2287 612 2368 εύαγγελίιρ·
644 2291 810 2370 «μακάριος,
834 2291 905 2363 δστις
934 2290 1033 2368 άφησεν
1054 2289 1160 2368 πατέρα
1180 2291 1198 2364 ἢ
1222 2289 1327 2368 μητέρα

38 2413 206 2494 ἢάγροὺς»,
227 2409 274 2471 καὶ
289 2411 324 2470 τά
338 2407 418 2486 ίξῆς·
446 2408 514 2470 «καί
533 2410 604 2481 όστις
624 2411 654 2472 ού
673 2408 811 2488 λαμβάνει
833 2412 879 2470 τόν
901 2412 1012 2490 οταυρδν
1035 2409 1114 2471 αθτοῦ
1135 2407 1183 2471 καί
1205 2410 1326 2472 ἀκολου-

38 2535 114 2594 θείτω
138 2553 196 2612 μοι,
224 2533 273 2592 οῦκ
295 2531 351 2592 ἔστι
374 2551 425 2607 μου
452 2527 529 2604 ἄξιος
555 2529 602 2592 καί
629 2533 701 2604 ὅστις
728 2532 777 2593 ούιι
804 2531 986 2592 ἀποτάσσεται
1011 2531 1050 2612 τῷ
1072 2534 1167 2613 κόσμῳ
1188 2530 1236 2593 καὶ
1263 2536 1327 2593 πάσι

38 2659 89 2728 τοῖς
112 2655 143 2716 ἐν
166 2651 205 2735 τῷ
228 2655 334 2732 κόσμῳ,
357 2653 485 2728 δηλονότι
507 2653 540 2712 τά
563 2651 618 2712 ίδια
641 2653 795 2734 θελῆματα,
820 2655 850 2714 ού
873 2653 983 2715 δύναταί
998 2673 1050 2730 μου
1073 2647 1143 2715 εἶναι
1165 2655 1324 2732 μαθητής».

39 2779 140 2858 ούκοῖιν,
163 2777 247 2836 τέκνα
268 2774 394 2855 φίλτατα,
417 2773 442 2834 τί
458 2795 512 2849 μας
535 2773 628 2858 πλανᾷ
649 2775 680 2834 τό
703 2779 833 2854 οχῆμαῆ
852 2777 883 2836 τδ
899 2775 1051 2858 βάπτισμαγ
1075 2777 1100 2836 τί
1115 2797 1169 2854 μας
1191 2777 1325 2857 ὠφελοῦν,

38 2900 80 2957 ἐάν
104 2899 145 2974 μὴ
170 2898 376 2976 διατηρησωμεν
400 2891 504 2956 σ’ίοπιλα
528 2897 595 2957 αῦτά
616 2895 663 2956 καί
685 2895 837 2979 άκίβδηλα;
865 2899 914 2959 «ού
935 2903 989 2970 πάς
1011 2899 1026 2958 ό
1047 2899 1141 2976 λέγων
1157 2917 1217 2974 μοι·
1240 2900 1325 2980 κύριε,

36 3023 116 3100 κύριε,
142 3018 327 3079 εἰσελεύσεται
350 3015 389 3091 είς
410 3019 459 3093 τἠν
482 3017 624 3094 βασιλείαν
645 3025 699 3079 τῶν
721 3021 864 3099 ούρανῶν»
890 3017 967 3097 φησὶν
996 3021 1012 3078 ό
1034 3020 1163 3099 Χριστός,
1197 3019 1287 3080 «ἀλλ’
1311 3021 1325 3081 ό

36 3149 115 3202 ποιῶν
139 3143 172 3202 τδ
194 3141 306 3218 θέλημα
327 3143 373 3200 τοῦ
395 3141 552 3218 πέμψαντός
575 3161 611 3216 με
632 3143 747 3220 πατρός·
777 3141 834 3201 τύδ’
857 3141 872 3202 ό
894 3146 948 3211 πᾶς
975 3141 989 3200 ό
1013 3139 1209 3216 βαπτιζόμενος
1236 3142 1325 3201 σέσω-

36 3285 99 3344 σται,
123 3263 193 3324 ἀλλ’
217 3263 232 3321 ό
254 3263 397 3340 φυλάσσων
418 3260 466 3322 καί
488 3261 622 3343 διατηρῶν
645 3263 709 3323 αὐτό
730 3265 882 3342 καθαρόν».
906 3262 974 3323 ἀλλ’
989 3262 1052 3324 οῦδὲ
1074 3264 1105 3324 τό
1127 3270 1222 3342 σχῆμα
1244 3267 1324 3336 σῶζει

35 3387 75 3444 τὀν
99 3384 234 3464 μοναχόν,
258 3383 306 3444 έδιν
329 3385 368 3460 μὴ
391 3381 498 3466 φυλάξῃ
521 3385 585 3444 αύσδ
609 3385 724 3461 άμωμον
748 3385 800 3446 ἀπδ
822 3386 922 3457 παντός
946 3386 1027 3466 ῥύπου
1049 3384 1095 3446 καὶ
1118 3386 1168 3446 όσα
1187 3387 1323 3465 ύπεσχέθη

36 3504 150 3584 φυλάξαι
180 3505 295 3567 ένιύπιον
325 3510 371 3567 τοῦ
400 3507 463 3566 θεοῦ
492 3505 539 3567 καί
569 3505 714 3589 ἀγγέλων,
751 3509 791 3568 ότι
820 3509 994 3587 οταυροῦοθαι
1024 3505 1071 3568 καί
1100 3509 1257 3588 νεκροῦσθαι
1286 3507 1324 3587 τῷ

35 3633 127 3709 κόσμῳ
157 3631 241 3690 ἕνεκα
268 3635 317 3706 τῆς
343 3629 519 3705 τελειοτάτης
547 3625 688 3709 θποταγῆς
714 3634 760 3690 τοῦ
783 3631 880 3706 μηκέτι
907 3629 1053 3711 φροντίζειν
1079 3627 1140 3691 οὔτε
1162 3633 1284 3709 γονεῦσιν
1305 3633 1323 3705 ἢ

36 3750 157 3831 ἀδελφῆς
177 3752 338 3831 ῆγυναιιιδς
360 3755 378 3826 ἢ
400 3755 496 3812 τέκνου
517 3755 536 3828 ῆ
557 3755 681 3831 πατράσι,
706 3751 885 3834 συγγενείαις,
910 3751 1063 3834 ἑταιρείαις,
1087 3753 1185 3832 φίλοις,
1201 3754 1324 3828 συνήθεσι

34 3877 86 3946 τοῖς
118 3875 149 3933 ἐν
175 3876 271 3954 κόσμῳ
293 3875 417 3954 θορύβοις
446 3872 493 3935 καί
518 3873 553 3934 τά
580 3873 659 3953 ἑξῆς·
687 3879 770 3936 ταῦτα
792 3874 894 3935 καὶτὰ
916 3877 1024 3935 τοιαῦτα
1046 3875 1323 3952 καθωμολογησαμεν

34 3994 150 4072 φυλάξαι
177 3994 224 4056 καὶ
254 3997 324 4069 μετὰ
350 3996 452 4069 τούτοις
473 3999 598 4057 πεινάσαι
625 3996 672 4057 καί
696 3997 806 4076 διψῆσαι
833 3995 879 4059 καί
905 4000 1085 4078 γυμνητεῦοαι
1115 3995 1271 4076 θβρισθῆναί
1293 4017 1323 4056 τε

33 4117 76 4176 καὶ
99 4119 251 4198 διωχθῆναι
277 4116 482 4194 ουνεταξάμεθσι
511 4117 557 4179 καί
584 4120 702 4192 πολλοῖς
731 4121 831 4193 ἄλλοις
860 4121 1042 4201 περιαχθῆναι
1068 4119 1214 4198 λυπηροῖς,
1242 4111 1322 4195 οίςῆ

32 4240 100 4299 κατὰ
122 4241 184 4300 θεόν
207 4241 265 4315 ζωὴ
288 4243 544 4322 κεχαρακτήρισται.
568 4241 614 4302 καὶ
630 4242 736 4322 λοιπόν,
760 4243 798 4313 ίις
820 4237 904 4320 οίμαι,
928 4239 1094 4321 ψευδόμεθα,
1118 4239 1214 4315 ἐπειδὴ
1237 4240 1322 4300 πάλιν

34 4359 73 4419 ἐπὶ
95 4361 131 4420 τὰ
157 4365 252 4440 πρόσω
286 4360 433 4438 βαδίζομεν
465 4361 492 4422 έν
523 4365 580 4436 τοῖς
610 4361 686 4436 ίδίοις
715 4361 862 4441 θελήμασι,
893 4360 940 4422 καί
971 4361 1101 4442 φροντίζει
1132 4362 1245 4435 ἕκαστος
1275 4367 1321 4423 τοῦ

33 4479 96 4540 ἰδίου
119 4481 261 4564 κελλείου,
289 4483 327 4555 ὡς
355 4481 466 4564 ἐφίεται,
493 4482 540 4544 καί
562 4486 580 4560 ἡ
603 4484 761 4560 κοινοβιακὴ
790 4481 914 4563 διαγωγὴ
940 4483 988 4544 καί
1015 4479 1089 4555 τάξις
1115 4485 1320 4547 καταπατεῖται.

31 4607 100 4683 τρεῖς
124 4601 214 4678 τάξεις
239 4601 288 4664 είσὶ
310 4610 363 4664 τῶν
387 4611 527 4686 μσναχῶν,
554 4605 630 4686 φησὶν
652 4607 670 4682 ῆ
693 4604 753 4666 θεία
775 4608 879 4686 γραφή·
904 4605 932 4665 έν
957 4605 1055 4686 ἐρημίᾳ
1077 4605 1250 4684 ἀναχώρησις
1272 4603 1320 4666 καί

33 4725 58 4783 ἐν
85 4724 166 4808 μονίρ
192 4728 210 4799 ῆ
238 4725 300 4801 μεθ’
324 4727 383 4800 ἑνός
409 4729 427 4801 ἢ
451 4726 498 4787 δύο
525 4730 544 4802 ῆ
574 4729 603 4786 ἐν
632 4725 759 4806 κοινοβίῳ
788 4727 993 4803 ὑπομενητικῶς
1023 4727 1196 4806 καθέζεσθαι,
1227 4727 1319 4800 καθὼς
