<?xml version="1.0" encoding="UTF-8"?>
<!DOCTYPE html PUBLIC "-//W3C//DTD XHTML 1.0 Transitional//EN"
    "http://www.w3.org/TR/xhtml1/DTD/xhtml1-transitional.dtd">
<html xmlns="http://www.w3.org/1999/xhtml" xml:lang="en" lang="en">
 <head>
  <title>
</title>
<meta http-equiv="Content-Type" content="text/html;charset=utf-8" />
  <meta name='ocr-system' content='tesseract 3.04.00' />
  <meta name='ocr-capabilities' content='ocr_page ocr_carea ocr_par ocr_line ocrx_word'/>
</head>
<body>
  <div class='ocr_page' id='page_1' title='image "./actaetdiplomata02miklgoog_0021.png"; bbox 0 0 3228 5294; ppageno 0'>
   <div class='ocr_carea' id='block_1_1' title="bbox 251 300 271 362">
    <p class='ocr_par' dir='ltr' id='par_1_1' title="bbox 251 300 271 362">
     <span class='ocr_line' id='line_1_1' title="bbox 251 300 271 362; baseline 0 0"><span class='ocrx_word' id='word_1_1' title='bbox 251 300 271 362; x_wconf 87' lang='lat'>6</span> 
     </span>
    </p>
   </div>
   <div class='ocr_carea' id='block_1_2' title="bbox 249 489 1548 1914">
    <p class='ocr_par' dir='ltr' id='par_1_2' title="bbox 249 489 1548 1914">
     <span class='ocr_line' id='line_1_2' title="bbox 252 489 1543 574; baseline -0.001 -21"><span class='ocrx_word' id='word_1_2' title='bbox 252 492 518 573; x_wconf 77' lang='grc' dir='ltr'>στρογγυλοθολωτὰ</span> <span class='ocrx_word' id='word_1_3' title='bbox 542 492 602 554; x_wconf 84' lang='grc' dir='ltr'>δίο·</span> <span class='ocrx_word' id='word_1_4' title='bbox 627 492 780 574; x_wconf 88' lang='grc' dir='ltr'>βηλόθυρον</span> <span class='ocrx_word' id='word_1_5' title='bbox 803 494 898 574; x_wconf 81' lang='grc' dir='ltr'>μικρόν</span> <span class='ocrx_word' id='word_1_6' title='bbox 922 494 1041 554; x_wconf 79' lang='grc' dir='ltr'>παλαιόν</span> <span class='ocrx_word' id='word_1_7' title='bbox 1065 494 1106 554; x_wconf 86' lang='grc' dir='ltr'>έν·</span> <span class='ocrx_word' id='word_1_8' title='bbox 1132 490 1236 554; x_wconf 85' lang='grc' dir='ltr'>ἑνδυταί</span> <span class='ocrx_word' id='word_1_9' title='bbox 1258 493 1332 554; x_wconf 82' lang='grc' dir='ltr'>λιναϊ</span> <span class='ocrx_word' id='word_1_10' title='bbox 1349 489 1466 553; x_wconf 86' lang='grc' dir='ltr'>παλαιαί</span> <span class='ocrx_word' id='word_1_11' title='bbox 1481 491 1543 552; x_wconf 85' lang='grc' dir='ltr'>δθο·</span> 
     </span>
     <span class='ocr_line' id='line_1_3' title="bbox 251 612 1543 696; baseline 0 -24"><span class='ocrx_word' id='word_1_12' title='bbox 251 613 311 674; x_wconf 82' lang='grc' dir='ltr'>Διὰ</span> <span class='ocrx_word' id='word_1_13' title='bbox 332 619 395 673; x_wconf 83' lang='grc' dir='ltr'>τῶν</span> <span class='ocrx_word' id='word_1_14' title='bbox 418 612 572 690; x_wconf 83' lang='grc' dir='ltr'>βιβλίων·</span> <span class='ocrx_word' id='word_1_15' title='bbox 600 615 764 695; x_wconf 77' lang='grc' dir='ltr'>εθαγγέλισν</span> <span class='ocrx_word' id='word_1_16' title='bbox 787 616 861 676; x_wconf 88' lang='grc' dir='ltr'>λιτδν</span> <span class='ocrx_word' id='word_1_17' title='bbox 884 616 979 696; x_wconf 81' lang='grc' dir='ltr'>μικρόν</span> <span class='ocrx_word' id='word_1_18' title='bbox 1001 615 1119 675; x_wconf 77' lang='grc' dir='ltr'>παλαιόν</span> <span class='ocrx_word' id='word_1_19' title='bbox 1143 616 1186 674; x_wconf 83' lang='grc' dir='ltr'>έν·</span> <span class='ocrx_word' id='word_1_20' title='bbox 1209 613 1445 694; x_wconf 84' lang='grc' dir='ltr'>τετραευάγγελον</span> <span class='ocrx_word' id='word_1_21' title='bbox 1467 614 1543 674; x_wconf 80' lang='grc' dir='ltr'>λιτόν</span> 
     </span>
     <span class='ocr_line' id='line_1_4' title="bbox 249 731 1545 818; baseline 0 -23"><span class='ocrx_word' id='word_1_22' title='bbox 249 737 367 796; x_wconf 78' lang='grc' dir='ltr'>παλαιόν</span> <span class='ocrx_word' id='word_1_23' title='bbox 399 737 440 794; x_wconf 88' lang='grc' dir='ltr'>έν·</span> <span class='ocrx_word' id='word_1_24' title='bbox 472 731 615 815; x_wconf 83' lang='grc' dir='ltr'>θκτώηχος</span> <span class='ocrx_word' id='word_1_25' title='bbox 646 757 748 818; x_wconf 91' lang='grc' dir='ltr'>μονοκρ</span> <span class='ocrx_word' id='word_1_26' title='bbox 773 786 779 798; x_wconf 95' lang='grc'>.</span> <span class='ocrx_word' id='word_1_27' title='bbox 812 757 833 800; x_wconf 90' lang='grc'>.·</span> <span class='ocrx_word' id='word_1_28' title='bbox 864 742 998 817; x_wconf 77' lang='grc' dir='ltr'>προφῆται</span> <span class='ocrx_word' id='word_1_29' title='bbox 1028 757 1130 818; x_wconf 89' lang='grc' dir='ltr'>μσνοκρ</span> <span class='ocrx_word' id='word_1_30' title='bbox 1154 783 1161 800; x_wconf 91' lang='grc'><em>.</em></span> <span class='ocrx_word' id='word_1_31' title='bbox 1193 784 1200 798; x_wconf 93' lang='grc'><strong><em>.</em></strong></span> <span class='ocrx_word' id='word_1_32' title='bbox 1226 737 1360 797; x_wconf 88' lang='grc' dir='ltr'>παλαιόν·</span> <span class='ocrx_word' id='word_1_33' title='bbox 1390 735 1545 807; x_wconf 80' lang='grc' dir='ltr'>ἀπόστολος</span> 
     </span>
     <span class='ocr_line' id='line_1_5' title="bbox 250 847 1545 940; baseline -0.002 -23"><span class='ocrx_word' id='word_1_34' title='bbox 250 858 327 930; x_wconf 81' lang='grc' dir='ltr'>λιτδς</span> <span class='ocrx_word' id='word_1_35' title='bbox 357 859 400 916; x_wconf 83' lang='grc' dir='ltr'>ἕν·</span> <span class='ocrx_word' id='word_1_36' title='bbox 425 847 554 939; x_wconf 82' lang='grc' dir='ltr'>ιτριῴδιον</span> <span class='ocrx_word' id='word_1_37' title='bbox 585 879 717 940; x_wconf 88' lang='grc' dir='ltr'>μονοκρ.</span> <span class='ocrx_word' id='word_1_38' title='bbox 751 904 757 919; x_wconf 95' lang='grc'>.</span> <span class='ocrx_word' id='word_1_39' title='bbox 787 861 825 920; x_wconf 83' lang='grc' dir='ltr'>έν.</span> <span class='ocrx_word' id='word_1_40' title='bbox 881 858 943 918; x_wconf 86' lang='grc' dir='ltr'>Διθι</span> <span class='ocrx_word' id='word_1_41' title='bbox 971 864 1033 918; x_wconf 83' lang='grc' dir='ltr'>τῶν</span> <span class='ocrx_word' id='word_1_42' title='bbox 1064 857 1264 934; x_wconf 88' lang='grc' dir='ltr'>οἰκημάτων,</span> <span class='ocrx_word' id='word_1_43' title='bbox 1313 856 1545 940; x_wconf 90' lang='grc' dir='ltr'>σταυροτρίκλινον</span> 
     </span>
     <span class='ocr_line' id='line_1_6' title="bbox 251 979 1545 1060; baseline -0.001 -22"><span class='ocrx_word' id='word_1_44' title='bbox 251 979 423 1060; x_wconf 77' lang='grc' dir='ltr'>ἐγχώρηηον,</span> <span class='ocrx_word' id='word_1_45' title='bbox 446 980 628 1060; x_wconf 90' lang='grc' dir='ltr'>τρουλλωτόν,</span> <span class='ocrx_word' id='word_1_46' title='bbox 652 980 721 1056; x_wconf 88' lang='grc' dir='ltr'>μετὰ</span> <span class='ocrx_word' id='word_1_47' title='bbox 743 979 946 1054; x_wconf 88' lang='grc' dir='ltr'>κουβουκλείων</span> <span class='ocrx_word' id='word_1_48' title='bbox 973 982 1123 1060; x_wconf 78' lang='grc' dir='ltr'>τεσσάρων,</span> <span class='ocrx_word' id='word_1_49' title='bbox 1155 981 1342 1056; x_wconf 77' lang='grc' dir='ltr'>βασταζομένη</span> <span class='ocrx_word' id='word_1_50' title='bbox 1369 981 1419 1039; x_wconf 87' lang='grc' dir='ltr'>ὑπδ</span> <span class='ocrx_word' id='word_1_51' title='bbox 1445 979 1545 1038; x_wconf 90' lang='grc' dir='ltr'>κιόνων</span> 
     </span>
     <span class='ocr_line' id='line_1_7' title="bbox 249 1100 1544 1182; baseline -0.001 -21"><span class='ocrx_word' id='word_1_52' title='bbox 249 1104 384 1182; x_wconf 77' lang='grc' dir='ltr'>τεσσάρων</span> <span class='ocrx_word' id='word_1_53' title='bbox 407 1103 424 1177; x_wconf 77' lang='grc' dir='ltr'>ἡ</span> <span class='ocrx_word' id='word_1_54' title='bbox 447 1102 579 1182; x_wconf 86' lang='grc' dir='ltr'>τρσθλλα,</span> <span class='ocrx_word' id='word_1_55' title='bbox 608 1102 673 1180; x_wconf 84' lang='grc' dir='ltr'>ἔχον</span> <span class='ocrx_word' id='word_1_56' title='bbox 699 1100 816 1178; x_wconf 71' lang='grc' dir='ltr'>ἡλιακὸν</span> <span class='ocrx_word' id='word_1_57' title='bbox 839 1103 960 1182; x_wconf 86' lang='grc' dir='ltr'>γόρωθεν</span> <span class='ocrx_word' id='word_1_58' title='bbox 983 1103 1101 1162; x_wconf 87' lang='grc' dir='ltr'>άσκεπσν</span> <span class='ocrx_word' id='word_1_59' title='bbox 1124 1101 1170 1162; x_wconf 84' lang='grc' dir='ltr'>καί</span> <span class='ocrx_word' id='word_1_60' title='bbox 1193 1104 1256 1162; x_wconf 82' lang='grc' dir='ltr'>ἄνευ</span> <span class='ocrx_word' id='word_1_61' title='bbox 1277 1104 1372 1180; x_wconf 89' lang='grc' dir='ltr'>πάτου,</span> <span class='ocrx_word' id='word_1_62' title='bbox 1396 1103 1544 1180; x_wconf 88' lang='grc' dir='ltr'>μαρμαρό-</span> 
     </span>
     <span class='ocr_line' id='line_1_8' title="bbox 249 1219 1547 1307; baseline -0.002 -25"><span class='ocrx_word' id='word_1_63' title='bbox 249 1245 322 1282; x_wconf 92' lang='grc' dir='ltr'>πατα</span> <span class='ocrx_word' id='word_1_64' title='bbox 337 1223 476 1304; x_wconf 82' lang='grc' dir='ltr'>ἀμφότερα</span> <span class='ocrx_word' id='word_1_65' title='bbox 491 1223 538 1284; x_wconf 90' lang='grc' dir='ltr'>καὶ</span> <span class='ocrx_word' id='word_1_66' title='bbox 554 1221 690 1304; x_wconf 87' lang='grc' dir='ltr'>οἰθθρωτα·</span> <span class='ocrx_word' id='word_1_67' title='bbox 715 1225 828 1304; x_wconf 78' lang='grc' dir='ltr'>λουτρόν</span> <span class='ocrx_word' id='word_1_68' title='bbox 845 1219 1018 1307; x_wconf 84' lang='grc' dir='ltr'>ἑγχώρηγσν,</span> <span class='ocrx_word' id='word_1_69' title='bbox 1042 1225 1230 1306; x_wconf 88' lang='grc' dir='ltr'>ἀκεράμωτον,</span> <span class='ocrx_word' id='word_1_70' title='bbox 1254 1223 1320 1302; x_wconf 87' lang='grc' dir='ltr'>έχον</span> <span class='ocrx_word' id='word_1_71' title='bbox 1341 1223 1454 1302; x_wconf 90' lang='grc' dir='ltr'>μερικάς</span> <span class='ocrx_word' id='word_1_72' title='bbox 1468 1241 1547 1294; x_wconf 91' lang='grc' dir='ltr'>τινας</span> 
     </span>
     <span class='ocr_line' id='line_1_9' title="bbox 251 1341 1547 1428; baseline -0.001 -25"><span class='ocrx_word' id='word_1_73' title='bbox 251 1343 520 1426; x_wconf 83' lang='grc' dir='ltr'>όρθομαρμαριόσεις,</span> <span class='ocrx_word' id='word_1_74' title='bbox 547 1347 577 1405; x_wconf 87' lang='grc' dir='ltr'>τδ</span> <span class='ocrx_word' id='word_1_75' title='bbox 601 1345 632 1404; x_wconf 82' lang='grc' dir='ltr'>δὲ</span> <span class='ocrx_word' id='word_1_76' title='bbox 654 1348 764 1423; x_wconf 81' lang='grc' dir='ltr'>τηγάνιν</span> <span class='ocrx_word' id='word_1_77' title='bbox 788 1346 868 1406; x_wconf 72' lang='grc' dir='ltr'>αθτοΰ</span> <span class='ocrx_word' id='word_1_78' title='bbox 891 1346 961 1406; x_wconf 83' lang='grc' dir='ltr'>ἐστιν</span> <span class='ocrx_word' id='word_1_79' title='bbox 984 1345 1023 1418; x_wconf 85' lang='grc' dir='ltr'>εἰς</span> <span class='ocrx_word' id='word_1_80' title='bbox 1044 1348 1090 1407; x_wconf 81' lang='grc' dir='ltr'>τόν</span> <span class='ocrx_word' id='word_1_81' title='bbox 1113 1341 1188 1406; x_wconf 84' lang='grc' dir='ltr'>οίκσν</span> <span class='ocrx_word' id='word_1_82' title='bbox 1218 1351 1271 1404; x_wconf 84' lang='grc' dir='ltr'>τῶν</span> <span class='ocrx_word' id='word_1_83' title='bbox 1294 1345 1470 1428; x_wconf 81' lang='grc' dir='ltr'>Ἀλωτεκῶν,</span> <span class='ocrx_word' id='word_1_84' title='bbox 1497 1341 1547 1402; x_wconf 89' lang='grc' dir='ltr'>καὶ</span> 
     </span>
     <span class='ocr_line' id='line_1_10' title="bbox 250 1465 1546 1548; baseline 0.002 -25"><span class='ocrx_word' id='word_1_85' title='bbox 250 1465 354 1543; x_wconf 81' lang='grc' dir='ltr'>όρειλει</span> <span class='ocrx_word' id='word_1_86' title='bbox 377 1467 502 1543; x_wconf 81' lang='grc' dir='ltr'>δοθῆναι·</span> <span class='ocrx_word' id='word_1_87' title='bbox 533 1466 567 1526; x_wconf 80' lang='grc' dir='ltr'>τά</span> <span class='ocrx_word' id='word_1_88' title='bbox 597 1466 629 1526; x_wconf 86' lang='grc' dir='ltr'>δὲ</span> <span class='ocrx_word' id='word_1_89' title='bbox 657 1467 773 1542; x_wconf 83' lang='grc' dir='ltr'>πλησίον</span> <span class='ocrx_word' id='word_1_90' title='bbox 803 1471 849 1527; x_wconf 85' lang='grc' dir='ltr'>τοῦ</span> <span class='ocrx_word' id='word_1_91' title='bbox 876 1467 952 1528; x_wconf 85' lang='grc' dir='ltr'>οίκσυ</span> <span class='ocrx_word' id='word_1_92' title='bbox 978 1465 1116 1544; x_wconf 82' lang='grc' dir='ltr'>οἰκήματα</span> <span class='ocrx_word' id='word_1_93' title='bbox 1146 1467 1294 1548; x_wconf 82' lang='grc' dir='ltr'>εὑρέθησαν</span> <span class='ocrx_word' id='word_1_94' title='bbox 1320 1465 1546 1540; x_wconf 90' lang='grc' dir='ltr'>καταλελυμένα.</span> 
     </span>
     <span class='ocr_line' id='line_1_11' title="bbox 251 1587 1546 1670; baseline 0.002 -24"><span class='ocrx_word' id='word_1_95' title='bbox 251 1587 376 1662; x_wconf 81' lang='grc' dir='ltr'>όσπητισν</span> <span class='ocrx_word' id='word_1_96' title='bbox 406 1589 437 1647; x_wconf 87' lang='grc' dir='ltr'>τδ</span> <span class='ocrx_word' id='word_1_97' title='bbox 467 1588 676 1669; x_wconf 80' lang='grc' dir='ltr'>ζευγηλατείον,</span> <span class='ocrx_word' id='word_1_98' title='bbox 708 1591 910 1670; x_wconf 81' lang='grc' dir='ltr'>μσινρωνάρισν,</span> <span class='ocrx_word' id='word_1_99' title='bbox 942 1589 1120 1670; x_wconf 72' lang='grc' dir='ltr'>έηχόνρηγον,</span> <span class='ocrx_word' id='word_1_100' title='bbox 1150 1591 1369 1669; x_wconf 87' lang='grc' dir='ltr'>κεραμόσκεπον,</span> <span class='ocrx_word' id='word_1_101' title='bbox 1400 1587 1546 1668; x_wconf 87' lang='grc' dir='ltr'>ἀθθρωτον.</span> 
     </span>
     <span class='ocr_line' id='line_1_12' title="bbox 251 1708 1548 1792; baseline -0.001 -24"><span class='ocrx_word' id='word_1_102' title='bbox 251 1709 459 1784; x_wconf 79' lang='grc' dir='ltr'>άμπελοκήττιον</span> <span class='ocrx_word' id='word_1_103' title='bbox 480 1708 698 1792; x_wconf 72' lang='grc' dir='ltr'>ἑξηλειμμένων,</span> <span class='ocrx_word' id='word_1_104' title='bbox 718 1713 748 1771; x_wconf 87' lang='grc' dir='ltr'>τδ</span> <span class='ocrx_word' id='word_1_105' title='bbox 767 1712 921 1791; x_wconf 84' lang='grc' dir='ltr'>λεγόμενον</span> <span class='ocrx_word' id='word_1_106' title='bbox 937 1711 1112 1772; x_wconf 89' lang='grc' dir='ltr'>Φιλοπότισν.</span> <span class='ocrx_word' id='word_1_107' title='bbox 1142 1713 1234 1791; x_wconf 83' lang='grc' dir='ltr'>ἕτερον</span> <span class='ocrx_word' id='word_1_108' title='bbox 1248 1710 1424 1792; x_wconf 76' lang='grc' dir='ltr'>περιβόλαιον</span> <span class='ocrx_word' id='word_1_109' title='bbox 1441 1709 1548 1768; x_wconf 88' lang='grc' dir='ltr'>Ὀλθν-</span> 
     </span>
     <span class='ocr_line' id='line_1_13' title="bbox 250 1831 1547 1914; baseline 0 -24"><span class='ocrx_word' id='word_1_110' title='bbox 250 1831 332 1908; x_wconf 91' lang='grc' dir='ltr'>θινον,</span> <span class='ocrx_word' id='word_1_111' title='bbox 357 1831 422 1909; x_wconf 85' lang='grc' dir='ltr'>ἔχον</span> <span class='ocrx_word' id='word_1_112' title='bbox 445 1831 544 1912; x_wconf 84' lang='grc' dir='ltr'>δένδρα</span> <span class='ocrx_word' id='word_1_113' title='bbox 566 1835 699 1912; x_wconf 90' lang='grc' dir='ltr'>κάρπιμα,</span> <span class='ocrx_word' id='word_1_114' title='bbox 726 1834 790 1894; x_wconf 83' lang='grc' dir='ltr'>ἄνευ</span> <span class='ocrx_word' id='word_1_115' title='bbox 816 1837 948 1914; x_wconf 79' lang='grc' dir='ltr'>φραγμοῦ.</span> <span class='ocrx_word' id='word_1_116' title='bbox 987 1833 1162 1914; x_wconf 79' lang='grc' dir='ltr'>περιβόλαιον</span> <span class='ocrx_word' id='word_1_117' title='bbox 1188 1835 1218 1893; x_wconf 88' lang='grc' dir='ltr'>τδ</span> <span class='ocrx_word' id='word_1_118' title='bbox 1245 1831 1360 1909; x_wconf 75' lang='grc' dir='ltr'>πλησίον</span> <span class='ocrx_word' id='word_1_119' title='bbox 1386 1836 1433 1892; x_wconf 86' lang='grc' dir='ltr'>τοῦ</span> <span class='ocrx_word' id='word_1_120' title='bbox 1460 1831 1547 1912; x_wconf 82' lang='grc' dir='ltr'>οἴκου,</span> 
     </span>
    </p>
   </div>
   <div class='ocr_carea' id='block_1_3' title="bbox 250 1950 1548 2036">
    <p class='ocr_par' dir='ltr' id='par_1_3' title="bbox 250 1950 1548 2036">
     <span class='ocr_line' id='line_1_14' title="bbox 250 1950 1548 2036; baseline 0.001 -24"><span class='ocrx_word' id='word_1_121' title='bbox 250 1953 280 2012; x_wconf 84' lang='grc' dir='ltr'>τδ</span> <span class='ocrx_word' id='word_1_122' title='bbox 304 1952 413 2032; x_wconf 80' lang='grc' dir='ltr'>εὑρεθὲν</span> <span class='ocrx_word' id='word_1_123' title='bbox 435 1956 480 2012; x_wconf 84' lang='grc' dir='ltr'>νῦν</span> <span class='ocrx_word' id='word_1_124' title='bbox 502 1955 638 2034; x_wconf 87' lang='grc' dir='ltr'>λιβάδισν,</span> <span class='ocrx_word' id='word_1_125' title='bbox 668 1955 697 2014; x_wconf 86' lang='grc' dir='ltr'>έν</span> <span class='ocrx_word' id='word_1_126' title='bbox 720 1950 743 2036; x_wconf 84' lang='grc' dir='ltr'>ᾧ</span> <span class='ocrx_word' id='word_1_127' title='bbox 765 1955 883 2015; x_wconf 85' lang='grc' dir='ltr'>ἵστανται</span> <span class='ocrx_word' id='word_1_128' title='bbox 906 1955 999 2015; x_wconf 85' lang='grc' dir='ltr'>συκέαι</span> <span class='ocrx_word' id='word_1_129' title='bbox 1023 1955 1069 2016; x_wconf 89' lang='grc' dir='ltr'>δίιο</span> <span class='ocrx_word' id='word_1_130' title='bbox 1092 1953 1139 2015; x_wconf 84' lang='grc' dir='ltr'>καὶ</span> <span class='ocrx_word' id='word_1_131' title='bbox 1155 1955 1253 2015; x_wconf 86' lang='grc' dir='ltr'>ἀπιδέα</span> <span class='ocrx_word' id='word_1_132' title='bbox 1270 1954 1328 2029; x_wconf 90' lang='grc' dir='ltr'>μία.</span> <span class='ocrx_word' id='word_1_133' title='bbox 1359 1957 1451 2035; x_wconf 87' lang='grc' dir='ltr'>ἕτερον</span> <span class='ocrx_word' id='word_1_134' title='bbox 1466 1974 1548 2035; x_wconf 86' lang='grc' dir='ltr'>περι-</span> 
     </span>
    </p>
   </div>
   <div class='ocr_carea' id='block_1_4' title="bbox 252 2073 1604 2176">
    <p class='ocr_par' dir='ltr' id='par_1_4' title="bbox 252 2073 1604 2176">
     <span class='ocr_line' id='line_1_15' title="bbox 252 2073 1604 2176; baseline 0.002 -43"><span class='ocrx_word' id='word_1_135' title='bbox 252 2073 365 2148; x_wconf 89' lang='grc' dir='ltr'>βόλαιον</span> <span class='ocrx_word' id='word_1_136' title='bbox 389 2075 453 2154; x_wconf 87' lang='grc' dir='ltr'>ἔχον</span> <span class='ocrx_word' id='word_1_137' title='bbox 477 2075 584 2156; x_wconf 87' lang='grc' dir='ltr'>ἐλαίας,</span> <span class='ocrx_word' id='word_1_138' title='bbox 611 2078 642 2136; x_wconf 80' lang='grc' dir='ltr'>τό</span> <span class='ocrx_word' id='word_1_139' title='bbox 665 2077 818 2157; x_wconf 82' lang='grc' dir='ltr'>λεγόμενον</span> <span class='ocrx_word' id='word_1_140' title='bbox 841 2079 1019 2139; x_wconf 87' lang='grc' dir='ltr'>Φιλοπότισν.</span> <span class='ocrx_word' id='word_1_141' title='bbox 1057 2083 1146 2156; x_wconf 80' lang='grc' dir='ltr'>κῆπος</span> <span class='ocrx_word' id='word_1_142' title='bbox 1169 2079 1184 2137; x_wconf 87' lang='grc' dir='ltr'><strong>ὁ</strong></span> <span class='ocrx_word' id='word_1_143' title='bbox 1206 2075 1360 2157; x_wconf 78' lang='grc' dir='ltr'>λεγόμενος</span> <span class='ocrx_word' id='word_1_144' title='bbox 1386 2081 1432 2137; x_wconf 82' lang='grc' dir='ltr'>τοῦ</span> <span class='ocrx_word' id='word_1_145' title='bbox 1455 2074 1548 2149; x_wconf 80' lang='grc' dir='ltr'>[Ιαξι-</span> <span class='ocrx_word' id='word_1_146' title='bbox 1603 2161 1604 2176; x_wconf 39' lang='grc'>,</span> 
     </span>
    </p>
   </div>
   <div class='ocr_carea' id='block_1_5' title="bbox 252 2195 1553 4108">
    <p class='ocr_par' dir='ltr' id='par_1_5' title="bbox 252 2195 1553 4108">
     <span class='ocr_line' id='line_1_16' title="bbox 252 2195 1548 2281; baseline 0.003 -27"><span class='ocrx_word' id='word_1_147' title='bbox 252 2195 337 2276; x_wconf 89' lang='grc' dir='ltr'>μάδη,</span> <span class='ocrx_word' id='word_1_148' title='bbox 361 2197 469 2277; x_wconf 85' lang='grc' dir='ltr'>εὑρεθὲν</span> <span class='ocrx_word' id='word_1_149' title='bbox 489 2198 523 2257; x_wconf 83' lang='grc' dir='ltr'>τὰ</span> <span class='ocrx_word' id='word_1_150' title='bbox 542 2201 587 2258; x_wconf 83' lang='grc' dir='ltr'>νῦν</span> <span class='ocrx_word' id='word_1_151' title='bbox 607 2202 755 2280; x_wconf 83' lang='grc' dir='ltr'>χωράριον.</span> <span class='ocrx_word' id='word_1_152' title='bbox 787 2201 878 2280; x_wconf 82' lang='grc' dir='ltr'>ἕτερον</span> <span class='ocrx_word' id='word_1_153' title='bbox 893 2199 1069 2278; x_wconf 87' lang='grc' dir='ltr'>περιβόλαιον</span> <span class='ocrx_word' id='word_1_154' title='bbox 1085 2201 1129 2260; x_wconf 76' lang='grc' dir='ltr'>σὺν</span> <span class='ocrx_word' id='word_1_155' title='bbox 1145 2198 1184 2278; x_wconf 81' lang='grc' dir='ltr'>τῷ</span> <span class='ocrx_word' id='word_1_156' title='bbox 1200 2200 1332 2281; x_wconf 85' lang='grc' dir='ltr'>χωραρίῳ</span> <span class='ocrx_word' id='word_1_157' title='bbox 1346 2197 1385 2278; x_wconf 80' lang='grc' dir='ltr'>τῷ</span> <span class='ocrx_word' id='word_1_158' title='bbox 1401 2198 1548 2280; x_wconf 82' lang='grc' dir='ltr'>Ἀριβάλῃ,</span> 
     </span>
     <span class='ocr_line' id='line_1_17' title="bbox 253 2319 1547 2401; baseline 0.002 -24"><span class='ocrx_word' id='word_1_159' title='bbox 253 2319 360 2400; x_wconf 87' lang='grc' dir='ltr'>δρυμὼν</span> <span class='ocrx_word' id='word_1_160' title='bbox 376 2323 421 2378; x_wconf 82' lang='grc' dir='ltr'>τοῦ</span> <span class='ocrx_word' id='word_1_161' title='bbox 440 2319 600 2398; x_wconf 86' lang='grc' dir='ltr'>προαστείου</span> <span class='ocrx_word' id='word_1_162' title='bbox 616 2319 759 2383; x_wconf 81' lang='grc' dir='ltr'>Ὀλύνθου.</span> <span class='ocrx_word' id='word_1_163' title='bbox 794 2319 918 2394; x_wconf 89' lang='grc' dir='ltr'>λιβάδιον</span> <span class='ocrx_word' id='word_1_164' title='bbox 941 2325 986 2382; x_wconf 80' lang='grc' dir='ltr'>τοῦ</span> <span class='ocrx_word' id='word_1_165' title='bbox 1009 2321 1093 2401; x_wconf 91' lang='grc' dir='ltr'>οίκου,</span> <span class='ocrx_word' id='word_1_166' title='bbox 1122 2321 1186 2381; x_wconf 86' lang='grc' dir='ltr'>ὡσεὶ</span> <span class='ocrx_word' id='word_1_167' title='bbox 1209 2321 1311 2396; x_wconf 89' lang='grc' dir='ltr'>μοδίων</span> <span class='ocrx_word' id='word_1_168' title='bbox 1333 2321 1547 2401; x_wconf 87' lang='grc' dir='ltr'>τεσσαράκοντα.</span> 
     </span>
     <span class='ocr_line' id='line_1_18' title="bbox 252 2439 1548 2524; baseline 0.001 -24"><span class='ocrx_word' id='word_1_169' title='bbox 252 2441 411 2521; x_wconf 86' lang='grc' dir='ltr'>κατασπσρόι</span> <span class='ocrx_word' id='word_1_170' title='bbox 437 2443 454 2516; x_wconf 79' lang='grc' dir='ltr'>η</span> <span class='ocrx_word' id='word_1_171' title='bbox 483 2441 622 2521; x_wconf 80' lang='grc' dir='ltr'>εὑρεθεῖσα</span> <span class='ocrx_word' id='word_1_172' title='bbox 650 2441 678 2501; x_wconf 87' lang='grc' dir='ltr'>ἐν</span> <span class='ocrx_word' id='word_1_173' title='bbox 705 2442 743 2519; x_wconf 83' lang='grc' dir='ltr'>τῷ</span> <span class='ocrx_word' id='word_1_174' title='bbox 774 2444 883 2521; x_wconf 81' lang='grc' dir='ltr'>τοιούτῳ</span> <span class='ocrx_word' id='word_1_175' title='bbox 913 2443 989 2524; x_wconf 85' lang='grc' dir='ltr'>οἴκῳ,</span> <span class='ocrx_word' id='word_1_176' title='bbox 1021 2443 1092 2504; x_wconf 84' lang='grc' dir='ltr'>σίτου</span> <span class='ocrx_word' id='word_1_177' title='bbox 1123 2441 1211 2519; x_wconf 84' lang='grc' dir='ltr'>μόδιοι</span> <span class='ocrx_word' id='word_1_178' title='bbox 1241 2442 1372 2504; x_wconf 89' lang='grc' dir='ltr'>διακόσιοι</span> <span class='ocrx_word' id='word_1_179' title='bbox 1403 2439 1548 2520; x_wconf 69' lang='grc' dir='ltr'>ἑξήκοντα,</span> 
     </span>
     <span class='ocr_line' id='line_1_19' title="bbox 252 2563 1549 2644; baseline 0 -22"><span class='ocrx_word' id='word_1_180' title='bbox 252 2563 346 2640; x_wconf 82' lang='grc' dir='ltr'>κριθῆς</span> <span class='ocrx_word' id='word_1_181' title='bbox 370 2563 458 2636; x_wconf 90' lang='grc' dir='ltr'>μόδιοι</span> <span class='ocrx_word' id='word_1_182' title='bbox 485 2563 583 2622; x_wconf 78' lang='grc' dir='ltr'>ἑκατόν</span> <span class='ocrx_word' id='word_1_183' title='bbox 610 2567 786 2644; x_wconf 67' lang='grc' dir='ltr'>πεντήκοντα,</span> <span class='ocrx_word' id='word_1_184' title='bbox 815 2564 889 2644; x_wconf 84' lang='grc' dir='ltr'>ράβα</span> <span class='ocrx_word' id='word_1_185' title='bbox 916 2565 1005 2640; x_wconf 87' lang='grc' dir='ltr'>μόδιοι</span> <span class='ocrx_word' id='word_1_186' title='bbox 1031 2567 1121 2644; x_wconf 85' lang='grc' dir='ltr'>πέντε,</span> <span class='ocrx_word' id='word_1_187' title='bbox 1149 2565 1310 2624; x_wconf 89' lang='grc' dir='ltr'>λινοκόκκου</span> <span class='ocrx_word' id='word_1_188' title='bbox 1338 2563 1427 2640; x_wconf 88' lang='grc' dir='ltr'>μόδιοι</span> <span class='ocrx_word' id='word_1_189' title='bbox 1453 2565 1549 2643; x_wconf 84' lang='grc' dir='ltr'>πέντε,</span> 
     </span>
     <span class='ocr_line' id='line_1_20' title="bbox 252 2683 1551 2767; baseline 0.001 -23"><span class='ocrx_word' id='word_1_190' title='bbox 252 2683 299 2744; x_wconf 90' lang='grc' dir='ltr'>καὶ</span> <span class='ocrx_word' id='word_1_191' title='bbox 321 2684 419 2745; x_wconf 84' lang='grc' dir='ltr'>ἀνόναν</span> <span class='ocrx_word' id='word_1_192' title='bbox 443 2685 495 2744; x_wconf 82' lang='grc' dir='ltr'>ἀπό</span> <span class='ocrx_word' id='word_1_193' title='bbox 515 2690 565 2760; x_wconf 73' lang='grc' dir='ltr'>τῆς</span> <span class='ocrx_word' id='word_1_194' title='bbox 584 2687 761 2766; x_wconf 82' lang='grc' dir='ltr'>παραθέσεως</span> <span class='ocrx_word' id='word_1_195' title='bbox 781 2687 852 2746; x_wconf 91' lang='grc' dir='ltr'>σίτου</span> <span class='ocrx_word' id='word_1_196' title='bbox 872 2686 960 2762; x_wconf 84' lang='grc' dir='ltr'>μόδιοι</span> <span class='ocrx_word' id='word_1_197' title='bbox 982 2687 1078 2746; x_wconf 85' lang='grc' dir='ltr'>έκατδν</span> <span class='ocrx_word' id='word_1_198' title='bbox 1099 2684 1323 2767; x_wconf 81' lang='grc' dir='ltr'>εἰκοσιτέσσαρες,</span> <span class='ocrx_word' id='word_1_199' title='bbox 1346 2687 1441 2766; x_wconf 82' lang='grc' dir='ltr'>κριθῆς</span> <span class='ocrx_word' id='word_1_200' title='bbox 1457 2684 1551 2761; x_wconf 83' lang='grc' dir='ltr'>μόδιοι</span> 
     </span>
     <span class='ocr_line' id='line_1_21' title="bbox 253 2802 1550 2889; baseline 0.001 -24"><span class='ocrx_word' id='word_1_201' title='bbox 253 2802 397 2887; x_wconf 78' lang='grc' dir='ltr'>ἑξήκοντα,</span> <span class='ocrx_word' id='word_1_202' title='bbox 420 2805 583 2866; x_wconf 88' lang='grc' dir='ltr'>λινσκόκκσυ</span> <span class='ocrx_word' id='word_1_203' title='bbox 606 2808 695 2883; x_wconf 86' lang='grc' dir='ltr'>μόδιοι</span> <span class='ocrx_word' id='word_1_204' title='bbox 718 2808 799 2868; x_wconf 84' lang='grc' dir='ltr'>όκτιθ.</span> <span class='ocrx_word' id='word_1_205' title='bbox 837 2810 966 2889; x_wconf 80' lang='grc' dir='ltr'>ζευγάρια</span> <span class='ocrx_word' id='word_1_206' title='bbox 992 2808 1026 2868; x_wconf 86' lang='grc' dir='ltr'>τὰ</span> <span class='ocrx_word' id='word_1_207' title='bbox 1054 2809 1197 2888; x_wconf 81' lang='grc' dir='ltr'>εὑρεθέντα</span> <span class='ocrx_word' id='word_1_208' title='bbox 1211 2806 1257 2867; x_wconf 84' lang='grc' dir='ltr'>καί</span> <span class='ocrx_word' id='word_1_209' title='bbox 1273 2807 1462 2888; x_wconf 87' lang='grc' dir='ltr'>παραδοθέντα</span> <span class='ocrx_word' id='word_1_210' title='bbox 1478 2807 1550 2882; x_wconf 89' lang='grc' dir='ltr'>βου-</span> 
     </span>
     <span class='ocr_line' id='line_1_22' title="bbox 254 2927 1550 3010; baseline -0.001 -23"><span class='ocrx_word' id='word_1_211' title='bbox 254 2927 357 3002; x_wconf 82' lang='grc' dir='ltr'>βαλικὰ</span> <span class='ocrx_word' id='word_1_212' title='bbox 380 2928 435 3010; x_wconf 83' lang='grc' dir='ltr'>δύο,</span> <span class='ocrx_word' id='word_1_213' title='bbox 458 2927 505 2988; x_wconf 90' lang='grc' dir='ltr'>καὶ</span> <span class='ocrx_word' id='word_1_214' title='bbox 528 2929 620 3004; x_wconf 81' lang='grc' dir='ltr'>βοϊκόν</span> <span class='ocrx_word' id='word_1_215' title='bbox 644 2932 783 3010; x_wconf 78' lang='grc' dir='ltr'>ζευγάριον</span> <span class='ocrx_word' id='word_1_216' title='bbox 807 2933 849 2989; x_wconf 89' lang='grc' dir='ltr'>έν·</span> <span class='ocrx_word' id='word_1_217' title='bbox 874 2933 1024 3010; x_wconf 76' lang='grc' dir='ltr'>ζυγάροτρα</span> <span class='ocrx_word' id='word_1_218' title='bbox 1045 2929 1115 3006; x_wconf 83' lang='grc' dir='ltr'>μετὰ</span> <span class='ocrx_word' id='word_1_219' title='bbox 1133 2935 1187 2990; x_wconf 86' lang='grc' dir='ltr'>τῶν</span> <span class='ocrx_word' id='word_1_220' title='bbox 1204 2927 1371 3002; x_wconf 79' lang='grc' dir='ltr'>έξοπλίσεων</span> <span class='ocrx_word' id='word_1_221' title='bbox 1387 2931 1473 2988; x_wconf 84' lang='grc' dir='ltr'>αίιτῶν</span> <span class='ocrx_word' id='word_1_222' title='bbox 1490 2927 1550 3008; x_wconf 84' lang='grc' dir='ltr'>δύο,</span> 
     </span>
     <span class='ocr_line' id='line_1_23' title="bbox 254 3043 1551 3133; baseline -0.002 -23"><span class='ocrx_word' id='word_1_223' title='bbox 254 3049 348 3124; x_wconf 89' lang='grc' dir='ltr'>μόδιος</span> <span class='ocrx_word' id='word_1_224' title='bbox 369 3051 494 3128; x_wconf 84' lang='grc' dir='ltr'>χαλκοῦς</span> <span class='ocrx_word' id='word_1_225' title='bbox 517 3049 691 3129; x_wconf 82' lang='grc' dir='ltr'>σιδηρόδετος</span> <span class='ocrx_word' id='word_1_226' title='bbox 714 3043 763 3123; x_wconf 80' lang='grc' dir='ltr'>εἷς.</span> <span class='ocrx_word' id='word_1_227' title='bbox 808 3051 870 3112; x_wconf 78' lang='grc' dir='ltr'>Διὰ</span> <span class='ocrx_word' id='word_1_228' title='bbox 895 3057 958 3111; x_wconf 85' lang='grc' dir='ltr'>τῶν</span> <span class='ocrx_word' id='word_1_229' title='bbox 986 3053 1123 3112; x_wconf 87' lang='grc' dir='ltr'>δούλων.</span> <span class='ocrx_word' id='word_1_230' title='bbox 1161 3050 1259 3133; x_wconf 85' lang='grc' dir='ltr'>οθδείς,</span> <span class='ocrx_word' id='word_1_231' title='bbox 1284 3051 1329 3111; x_wconf 82' lang='grc' dir='ltr'>διὰ</span> <span class='ocrx_word' id='word_1_232' title='bbox 1351 3052 1380 3110; x_wconf 84' lang='grc' dir='ltr'>τό</span> <span class='ocrx_word' id='word_1_233' title='bbox 1403 3051 1551 3110; x_wconf 83' lang='grc' dir='ltr'>ἀποθανεῖν</span> 
     </span>
     <span class='ocr_line' id='line_1_24' title="bbox 253 3171 1548 3253; baseline 0.001 -22"><span class='ocrx_word' id='word_1_234' title='bbox 253 3173 369 3244; x_wconf 86' lang='grc' dir='ltr'>τούτους.</span> <span class='ocrx_word' id='word_1_235' title='bbox 408 3171 616 3244; x_wconf 78' lang='grc' dir='ltr'>Είσοδοςτοιί</span> <span class='ocrx_word' id='word_1_236' title='bbox 635 3175 732 3234; x_wconf 84' lang='grc' dir='ltr'>αθτοθ</span> <span class='ocrx_word' id='word_1_237' title='bbox 754 3173 846 3234; x_wconf 81' lang='grc' dir='ltr'>οἴκου</span> <span class='ocrx_word' id='word_1_238' title='bbox 868 3175 1036 3253; x_wconf 83' lang='grc' dir='ltr'>λογαρικὴ</span> <span class='ocrx_word' id='word_1_239' title='bbox 1059 3173 1113 3234; x_wconf 81' lang='grc' dir='ltr'>καί</span> <span class='ocrx_word' id='word_1_240' title='bbox 1135 3179 1205 3233; x_wconf 82' lang='grc' dir='ltr'>τῶν</span> <span class='ocrx_word' id='word_1_241' title='bbox 1220 3175 1345 3233; x_wconf 85' lang='grc' dir='ltr'>λοιπῶν</span> <span class='ocrx_word' id='word_1_242' title='bbox 1367 3171 1548 3253; x_wconf 89' lang='grc' dir='ltr'>προσόδων.</span> 
     </span>
     <span class='ocr_line' id='line_1_25' title="bbox 253 3294 1545 3376; baseline 0.001 -24"><span class='ocrx_word' id='word_1_243' title='bbox 253 3294 307 3352; x_wconf 84' lang='grc' dir='ltr'>ᾰτιδ</span> <span class='ocrx_word' id='word_1_244' title='bbox 324 3294 447 3372; x_wconf 88' lang='grc' dir='ltr'>έννσμίσυ</span> <span class='ocrx_word' id='word_1_245' title='bbox 462 3299 507 3355; x_wconf 82' lang='grc' dir='ltr'>τοῦ</span> <span class='ocrx_word' id='word_1_246' title='bbox 523 3295 601 3375; x_wconf 83' lang='grc' dir='ltr'>όρσυς</span> <span class='ocrx_word' id='word_1_247' title='bbox 621 3299 666 3354; x_wconf 83' lang='grc' dir='ltr'>τοῦ</span> <span class='ocrx_word' id='word_1_248' title='bbox 686 3295 763 3373; x_wconf 87' lang='grc' dir='ltr'>ἁγίου</span> <span class='ocrx_word' id='word_1_249' title='bbox 779 3295 875 3356; x_wconf 89' lang='grc' dir='ltr'>Ἠλίου</span> <span class='ocrx_word' id='word_1_250' title='bbox 895 3295 941 3355; x_wconf 85' lang='grc' dir='ltr'>καὶ</span> <span class='ocrx_word' id='word_1_251' title='bbox 956 3295 1010 3355; x_wconf 81' lang='grc' dir='ltr'>τῶν</span> <span class='ocrx_word' id='word_1_252' title='bbox 1025 3295 1250 3376; x_wconf 86' lang='grc' dir='ltr'>χωροστσιυλίων,</span> <span class='ocrx_word' id='word_1_253' title='bbox 1269 3295 1329 3369; x_wconf 82' lang='grc' dir='ltr'>ἤτοι</span> <span class='ocrx_word' id='word_1_254' title='bbox 1348 3295 1545 3374; x_wconf 78' lang='grc' dir='ltr'>ρθινοτωρικοῦ</span> 
     </span>
     <span class='ocr_line' id='line_1_26' title="bbox 253 3413 1549 3498; baseline 0.003 -24"><span class='ocrx_word' id='word_1_255' title='bbox 253 3416 407 3491; x_wconf 84' lang='grc' dir='ltr'>νομίσματα</span> <span class='ocrx_word' id='word_1_256' title='bbox 438 3413 473 3492; x_wconf 87' lang='grc' dir='ltr'>β’.</span> <span class='ocrx_word' id='word_1_257' title='bbox 520 3417 572 3476; x_wconf 82' lang='grc' dir='ltr'>ἀπό</span> <span class='ocrx_word' id='word_1_258' title='bbox 598 3417 728 3498; x_wconf 87' lang='grc' dir='ltr'>Ιἐννομίσν</span> <span class='ocrx_word' id='word_1_259' title='bbox 757 3421 802 3478; x_wconf 85' lang='grc' dir='ltr'>τοῦ</span> <span class='ocrx_word' id='word_1_260' title='bbox 830 3418 928 3490; x_wconf 89' lang='grc' dir='ltr'>δάσους</span> <span class='ocrx_word' id='word_1_261' title='bbox 955 3422 1001 3478; x_wconf 85' lang='grc' dir='ltr'>τοῦ</span> <span class='ocrx_word' id='word_1_262' title='bbox 1025 3417 1158 3478; x_wconf 87' lang='grc' dir='ltr'>Ὀλίινθου</span> <span class='ocrx_word' id='word_1_263' title='bbox 1186 3417 1239 3476; x_wconf 80' lang='grc' dir='ltr'>ἀπό</span> <span class='ocrx_word' id='word_1_264' title='bbox 1265 3418 1438 3492; x_wconf 88' lang='grc' dir='ltr'>νομισμάτων</span> <span class='ocrx_word' id='word_1_265' title='bbox 1462 3462 1468 3476; x_wconf 95' lang='grc'><strong><em>.</em></strong></span> <span class='ocrx_word' id='word_1_266' title='bbox 1502 3464 1508 3476; x_wconf 95' lang='grc'><strong><em>.</em></strong></span> <span class='ocrx_word' id='word_1_267' title='bbox 1543 3465 1549 3478; x_wconf 94' lang='grc'><em>.</em></span> 
     </span>
     <span class='ocr_line' id='line_1_27' title="bbox 254 3536 1552 3620; baseline -0.003 -22"><span class='ocrx_word' id='word_1_268' title='bbox 254 3538 453 3618; x_wconf 86' lang='grc' dir='ltr'>δεκατέσσαρα,</span> <span class='ocrx_word' id='word_1_269' title='bbox 486 3537 531 3598; x_wconf 81' lang='grc' dir='ltr'>διὰ</span> <span class='ocrx_word' id='word_1_270' title='bbox 561 3539 591 3598; x_wconf 86' lang='grc' dir='ltr'>τδ</span> <span class='ocrx_word' id='word_1_271' title='bbox 620 3541 745 3618; x_wconf 81' lang='grc' dir='ltr'>γενέσθαι</span> <span class='ocrx_word' id='word_1_272' title='bbox 776 3541 806 3600; x_wconf 80' lang='grc' dir='ltr'>τό</span> <span class='ocrx_word' id='word_1_273' title='bbox 837 3539 919 3611; x_wconf 91' lang='grc' dir='ltr'>δάσσς</span> <span class='ocrx_word' id='word_1_274' title='bbox 949 3537 1102 3620; x_wconf 87' lang='grc' dir='ltr'>χωράριον,</span> <span class='ocrx_word' id='word_1_275' title='bbox 1134 3539 1186 3600; x_wconf 83' lang='grc' dir='ltr'>ἀπδ</span> <span class='ocrx_word' id='word_1_276' title='bbox 1216 3538 1407 3618; x_wconf 88' lang='grc' dir='ltr'>χλοαστηρίων</span> <span class='ocrx_word' id='word_1_277' title='bbox 1440 3536 1552 3610; x_wconf 81' lang='grc' dir='ltr'>βοιδίων</span> 
     </span>
     <span class='ocr_line' id='line_1_28' title="bbox 254 3657 1552 3741; baseline -0.001 -22"><span class='ocrx_word' id='word_1_278' title='bbox 254 3659 406 3736; x_wconf 87' lang='grc' dir='ltr'>νομίσματα</span> <span class='ocrx_word' id='word_1_279' title='bbox 428 3662 518 3721; x_wconf 85' lang='grc' dir='ltr'>πέντε.</span> <span class='ocrx_word' id='word_1_280' title='bbox 558 3660 597 3720; x_wconf 88' lang='grc' dir='ltr'>έτι</span> <span class='ocrx_word' id='word_1_281' title='bbox 620 3657 673 3720; x_wconf 77' lang='grc' dir='ltr'>ἀπό</span> <span class='ocrx_word' id='word_1_282' title='bbox 696 3661 875 3737; x_wconf 83' lang='grc' dir='ltr'>ἐπιτελεσμσϋ</span> <span class='ocrx_word' id='word_1_283' title='bbox 898 3665 943 3721; x_wconf 83' lang='grc' dir='ltr'>τοῦ</span> <span class='ocrx_word' id='word_1_284' title='bbox 961 3661 1063 3741; x_wconf 87' lang='grc' dir='ltr'>χωρίου</span> <span class='ocrx_word' id='word_1_285' title='bbox 1080 3659 1215 3721; x_wconf 83' lang='grc' dir='ltr'>Ὀλθνθσυ</span> <span class='ocrx_word' id='word_1_286' title='bbox 1235 3660 1389 3736; x_wconf 89' lang='grc' dir='ltr'>νομίσματα</span> <span class='ocrx_word' id='word_1_287' title='bbox 1404 3659 1459 3720; x_wconf 84' lang='grc' dir='ltr'>δίιο.</span> <span class='ocrx_word' id='word_1_288' title='bbox 1496 3659 1552 3718; x_wconf 79' lang='grc' dir='ltr'>ἀπό</span> 
     </span>
     <span class='ocr_line' id='line_1_29' title="bbox 255 3780 1553 3864; baseline -0.001 -22"><span class='ocrx_word' id='word_1_289' title='bbox 255 3783 465 3862; x_wconf 90' lang='grc' dir='ltr'>βαλανιστηρίου</span> <span class='ocrx_word' id='word_1_290' title='bbox 487 3786 533 3842; x_wconf 84' lang='grc' dir='ltr'>τοῦ</span> <span class='ocrx_word' id='word_1_291' title='bbox 556 3782 635 3864; x_wconf 90' lang='grc' dir='ltr'>όρους</span> <span class='ocrx_word' id='word_1_292' title='bbox 661 3782 814 3858; x_wconf 86' lang='grc' dir='ltr'>νομίσματα</span> <span class='ocrx_word' id='word_1_293' title='bbox 842 3783 897 3844; x_wconf 88' lang='grc' dir='ltr'>δθο.</span> <span class='ocrx_word' id='word_1_294' title='bbox 936 3783 990 3842; x_wconf 81' lang='grc' dir='ltr'>ἀπό</span> <span class='ocrx_word' id='word_1_295' title='bbox 1018 3783 1197 3858; x_wconf 83' lang='grc' dir='ltr'>ἐπιτελεσμοῦ</span> <span class='ocrx_word' id='word_1_296' title='bbox 1223 3782 1392 3863; x_wconf 82' lang='grc' dir='ltr'>τοῦχωρίου</span> <span class='ocrx_word' id='word_1_297' title='bbox 1414 3780 1553 3862; x_wconf 88' lang='grc' dir='ltr'>Βερβιλου</span> 
     </span>
     <span class='ocr_line' id='line_1_30' title="bbox 254 3903 1552 3982; baseline -0.004 -16"><span class='ocrx_word' id='word_1_298' title='bbox 254 3911 300 3966; x_wconf 79' lang='grc' dir='ltr'>τοῦ</span> <span class='ocrx_word' id='word_1_299' title='bbox 324 3905 442 3980; x_wconf 83' lang='grc' dir='ltr'>Παντίζη</span> <span class='ocrx_word' id='word_1_300' title='bbox 465 3907 585 3982; x_wconf 88' lang='grc' dir='ltr'>νόμισμα</span> <span class='ocrx_word' id='word_1_301' title='bbox 608 3907 645 3965; x_wconf 86' lang='grc' dir='ltr'>έν.</span> <span class='ocrx_word' id='word_1_302' title='bbox 685 3906 737 3965; x_wconf 77' lang='grc' dir='ltr'>ἀπό</span> <span class='ocrx_word' id='word_1_303' title='bbox 759 3911 813 3965; x_wconf 88' lang='grc' dir='ltr'>τῶν</span> <span class='ocrx_word' id='word_1_304' title='bbox 837 3905 938 3965; x_wconf 85' lang='grc' dir='ltr'>ἐλαιῶν</span> <span class='ocrx_word' id='word_1_305' title='bbox 961 3903 1116 3981; x_wconf 87' lang='grc' dir='ltr'>νομίσματα</span> <span class='ocrx_word' id='word_1_306' title='bbox 1139 3905 1259 3966; x_wconf 84' lang='grc' dir='ltr'>δώδεκα.</span> <span class='ocrx_word' id='word_1_307' title='bbox 1298 3903 1350 3963; x_wconf 81' lang='grc' dir='ltr'>ἀπό</span> <span class='ocrx_word' id='word_1_308' title='bbox 1372 3903 1552 3976; x_wconf 81' lang='grc' dir='ltr'>ἐπιτελεσμσῦ</span> 
     </span>
     <span class='ocr_line' id='line_1_31' title="bbox 254 4025 1552 4108; baseline -0.003 -20"><span class='ocrx_word' id='word_1_309' title='bbox 254 4031 300 4088; x_wconf 79' lang='grc' dir='ltr'>τοῦ</span> <span class='ocrx_word' id='word_1_310' title='bbox 322 4027 484 4108; x_wconf 86' lang='grc' dir='ltr'>προαστείου</span> <span class='ocrx_word' id='word_1_311' title='bbox 506 4033 556 4104; x_wconf 80' lang='grc' dir='ltr'>τῆς</span> <span class='ocrx_word' id='word_1_312' title='bbox 571 4028 733 4102; x_wconf 87' lang='grc' dir='ltr'>Ἐλευνίκης</span> <span class='ocrx_word' id='word_1_313' title='bbox 752 4029 872 4102; x_wconf 85' lang='grc' dir='ltr'>νόμισμα</span> <span class='ocrx_word' id='word_1_314' title='bbox 892 4028 922 4086; x_wconf 80' lang='grc' dir='ltr'>ἓν</span> <span class='ocrx_word' id='word_1_315' title='bbox 941 4029 1032 4102; x_wconf 80' lang='grc' dir='ltr'>ἥμισυ.</span> <span class='ocrx_word' id='word_1_316' title='bbox 1064 4027 1118 4086; x_wconf 80' lang='grc' dir='ltr'>ἀπό</span> <span class='ocrx_word' id='word_1_317' title='bbox 1135 4026 1313 4102; x_wconf 80' lang='grc' dir='ltr'>ἐπιτελεσμοῦ</span> <span class='ocrx_word' id='word_1_318' title='bbox 1328 4029 1374 4086; x_wconf 83' lang='grc' dir='ltr'>τοῦ</span> <span class='ocrx_word' id='word_1_319' title='bbox 1388 4025 1552 4105; x_wconf 85' lang='grc' dir='ltr'>προαστείου</span> 
     </span>
    </p>
   </div>
   <div class='ocr_carea' id='block_1_6' title="bbox 254 4146 1604 4230">
    <p class='ocr_par' dir='ltr' id='par_1_6' title="bbox 254 4146 1604 4230">
     <span class='ocr_line' id='line_1_32' title="bbox 254 4146 1604 4230; baseline -0.004 -20"><span class='ocrx_word' id='word_1_320' title='bbox 254 4153 301 4210; x_wconf 82' lang='grc' dir='ltr'>τοῦ</span> <span class='ocrx_word' id='word_1_321' title='bbox 320 4148 475 4230; x_wconf 83' lang='grc' dir='ltr'>Ἀρσυβάλη</span> <span class='ocrx_word' id='word_1_322' title='bbox 498 4152 618 4226; x_wconf 89' lang='grc' dir='ltr'>νόμισμα</span> <span class='ocrx_word' id='word_1_323' title='bbox 640 4151 669 4208; x_wconf 82' lang='grc' dir='ltr'>ἓν</span> <span class='ocrx_word' id='word_1_324' title='bbox 691 4151 783 4224; x_wconf 78' lang='grc' dir='ltr'>ἥμισυ.</span> <span class='ocrx_word' id='word_1_325' title='bbox 823 4153 876 4208; x_wconf 84' lang='grc' dir='ltr'>τῶν</span> <span class='ocrx_word' id='word_1_326' title='bbox 898 4149 1037 4224; x_wconf 90' lang='grc' dir='ltr'>Ναμάτων</span> <span class='ocrx_word' id='word_1_327' title='bbox 1059 4153 1109 4224; x_wconf 72' lang='grc' dir='ltr'>της</span> <span class='ocrx_word' id='word_1_328' title='bbox 1132 4154 1217 4224; x_wconf 84' lang='grc' dir='ltr'>μονῆς</span> <span class='ocrx_word' id='word_1_329' title='bbox 1239 4147 1306 4229; x_wconf 75' lang='grc' dir='ltr'>ὑπὲρ</span> <span class='ocrx_word' id='word_1_330' title='bbox 1327 4153 1381 4208; x_wconf 89' lang='grc' dir='ltr'>τῶν</span> <span class='ocrx_word' id='word_1_331' title='bbox 1403 4146 1552 4228; x_wconf 81' lang='grc' dir='ltr'>χωραρίων</span> <span class='ocrx_word' id='word_1_332' title='bbox 1603 4187 1604 4194; x_wconf 40' lang='lat'>1</span> 
     </span>
    </p>
   </div>
   <div class='ocr_carea' id='block_1_7' title="bbox 156 4266 1553 4352">
    <p class='ocr_par' dir='ltr' id='par_1_7' title="bbox 156 4266 1553 4352">
     <span class='ocr_line' id='line_1_33' title="bbox 156 4266 1553 4352; baseline -0.002 -20"><span class='ocrx_word' id='word_1_333' title='bbox 156 4307 158 4312; x_wconf 85' lang='lat'><em>.</em></span> <span class='ocrx_word' id='word_1_334' title='bbox 255 4277 308 4332; x_wconf 87' lang='grc' dir='ltr'>τῶν</span> <span class='ocrx_word' id='word_1_335' title='bbox 332 4271 511 4348; x_wconf 86' lang='grc' dir='ltr'>ἐννενήκοντα</span> <span class='ocrx_word' id='word_1_336' title='bbox 531 4273 612 4331; x_wconf 91' lang='grc' dir='ltr'>πέντε</span> <span class='ocrx_word' id='word_1_337' title='bbox 635 4273 716 4348; x_wconf 81' lang='grc' dir='ltr'>ἥμισυ</span> <span class='ocrx_word' id='word_1_338' title='bbox 740 4266 851 4352; x_wconf 90' lang='grc' dir='ltr'>μοδίων,</span> <span class='ocrx_word' id='word_1_339' title='bbox 879 4271 1033 4348; x_wconf 89' lang='grc' dir='ltr'>νομίσματα</span> <span class='ocrx_word' id='word_1_340' title='bbox 1058 4273 1187 4352; x_wconf 87' lang='grc' dir='ltr'>τέσσαρα,</span> <span class='ocrx_word' id='word_1_341' title='bbox 1215 4273 1254 4344; x_wconf 86' lang='grc' dir='ltr'>ὡς</span> <span class='ocrx_word' id='word_1_342' title='bbox 1280 4275 1329 4347; x_wconf 76' lang='grc' dir='ltr'>τῆς</span> <span class='ocrx_word' id='word_1_343' title='bbox 1351 4270 1476 4346; x_wconf 80' lang='grc' dir='ltr'>τοιαύτης</span> <span class='ocrx_word' id='word_1_344' title='bbox 1497 4275 1553 4348; x_wconf 82' lang='grc' dir='ltr'>γῆς</span> 
     </span>
    </p>
   </div>
   <div class='ocr_carea' id='block_1_8' title="bbox 256 4512 1551 4595">
    <p class='ocr_par' dir='ltr' id='par_1_8' title="bbox 256 4512 1551 4595">
     <span class='ocr_line' id='line_1_34' title="bbox 256 4512 1551 4595; baseline -0.002 -19"><span class='ocrx_word' id='word_1_345' title='bbox 256 4521 309 4576; x_wconf 83' lang='grc' dir='ltr'>τῶν</span> <span class='ocrx_word' id='word_1_346' title='bbox 333 4514 400 4575; x_wconf 89' lang='grc' dir='ltr'>δέκα</span> <span class='ocrx_word' id='word_1_347' title='bbox 424 4515 525 4590; x_wconf 89' lang='grc' dir='ltr'>μοδίων</span> <span class='ocrx_word' id='word_1_348' title='bbox 548 4515 578 4574; x_wconf 79' lang='grc' dir='ltr'>τό</span> <span class='ocrx_word' id='word_1_349' title='bbox 600 4516 728 4594; x_wconf 92' lang='grc' dir='ltr'>νόμισμα,</span> <span class='ocrx_word' id='word_1_350' title='bbox 756 4515 910 4591; x_wconf 90' lang='grc' dir='ltr'>νομίσματα</span> <span class='ocrx_word' id='word_1_351' title='bbox 938 4515 1016 4574; x_wconf 86' lang='grc' dir='ltr'>ἐννέα</span> <span class='ocrx_word' id='word_1_352' title='bbox 1043 4517 1134 4595; x_wconf 79' lang='grc' dir='ltr'>ἥμισυ,</span> <span class='ocrx_word' id='word_1_353' title='bbox 1163 4517 1201 4586; x_wconf 85' lang='grc' dir='ltr'>ὡς</span> <span class='ocrx_word' id='word_1_354' title='bbox 1227 4516 1257 4574; x_wconf 79' lang='grc' dir='ltr'>τό</span> <span class='ocrx_word' id='word_1_355' title='bbox 1284 4514 1431 4595; x_wconf 80' lang='grc' dir='ltr'>πρακτικόν</span> <span class='ocrx_word' id='word_1_356' title='bbox 1460 4512 1551 4588; x_wconf 80' lang='grc' dir='ltr'>δηλοῖ.</span> 
     </span>
    </p>
   </div>
   <div class='ocr_carea' id='block_1_9' title="bbox 258 4633 1552 4716">
    <p class='ocr_par' dir='ltr' id='par_1_9' title="bbox 258 4633 1552 4716">
     <span class='ocr_line' id='line_1_35' title="bbox 258 4633 1552 4716; baseline -0.002 -20"><span class='ocrx_word' id='word_1_357' title='bbox 258 4638 311 4697; x_wconf 80' lang='grc' dir='ltr'>ἀπό</span> <span class='ocrx_word' id='word_1_358' title='bbox 333 4643 379 4697; x_wconf 85' lang='grc' dir='ltr'>τοῦ</span> <span class='ocrx_word' id='word_1_359' title='bbox 402 4635 585 4716; x_wconf 82' lang='grc' dir='ltr'>ξενοδσχείου,</span> <span class='ocrx_word' id='word_1_360' title='bbox 610 4637 662 4696; x_wconf 80' lang='grc' dir='ltr'>ἀπό</span> <span class='ocrx_word' id='word_1_361' title='bbox 685 4638 855 4712; x_wconf 74' lang='grc' dir='ltr'>νομισμάτων</span> <span class='ocrx_word' id='word_1_362' title='bbox 879 4634 919 4716; x_wconf 75' lang='grc' dir='ltr'>ἔξ,</span> <span class='ocrx_word' id='word_1_363' title='bbox 944 4636 1031 4697; x_wconf 84' lang='grc' dir='ltr'>οθδέν.</span> <span class='ocrx_word' id='word_1_364' title='bbox 1071 4636 1123 4695; x_wconf 78' lang='grc' dir='ltr'>ἀπό</span> <span class='ocrx_word' id='word_1_365' title='bbox 1146 4636 1326 4710; x_wconf 85' lang='grc' dir='ltr'>ἐπιτελεσμοίι</span> <span class='ocrx_word' id='word_1_366' title='bbox 1348 4639 1394 4695; x_wconf 81' lang='grc' dir='ltr'>τοῦ</span> <span class='ocrx_word' id='word_1_367' title='bbox 1413 4633 1552 4696; x_wconf 85' lang='grc' dir='ltr'>Θεοδότου</span> 
     </span>
    </p>
   </div>
   <div class='ocr_carea' id='block_1_10' title="bbox 0 0 1625 5294">
    <p class='ocr_par' dir='ltr' id='par_1_10' title="bbox 0 0 1625 5294">
     <span class='ocr_line' id='line_1_36' title="bbox 0 0 1625 5294; baseline 0 0"><span class='ocrx_word' id='word_1_368' title='bbox 0 0 1625 5294; x_wconf 95' lang='lat' dir='ltr'> </span> 
     </span>
    </p>
   </div>
  </div>
 </body>
</html>
