3184 5288
1276 375 1338 441 125

140 574 162 648 †
186 573 234 632 Ἐν
257 574 374 648 ὀνόματι
394 577 441 632 τοῦ
463 575 564 651 πατρός
592 569 640 630 καί
665 577 711 630 τοῦ
734 569 789 630 υἱοῦ
816 569 862 630 καί
893 575 939 630 τοῦ
967 569 1045 648 ἁγίου
1071 571 1232 644 πνεύματος.
1258 571 1337 629 Λέων

48 690 287 772 όΣτσυρακιώτης
313 692 360 754 καί
382 694 515 765 Κώνστας
542 692 686 772 όΨήλος,
714 691 739 752 οί
767 690 819 751 όιπδ
845 694 891 750 τοῦ
913 691 1014 771 χωρίου
1038 690 1193 772 Σιλλάμου,
1219 691 1339 772 τοῦρμας

48 818 87 873 τοῦ
113 813 220 894 βορείου
248 821 297 892 τῆς
320 816 486 896 Μεσσαρέας
513 813 560 875 καί
581 815 644 887 τοῦς
669 811 772 888 τιμίους
799 811 846 874 καί
869 812 1016 882 ζωοποιοῦς
1044 811 1171 894 σταυροῦς
1197 813 1268 872 κατὰ
1289 812 1338 888 τὴν

49 937 128 1016 ἀρχὴν
155 941 201 998 τοῦ
228 939 364 1018 παρόντος
393 939 473 1018 ῦρους
503 937 658 1018 ίδιοχείρως
686 939 858 1012 ποιήσαντες,
889 935 937 1010 τήν
964 938 1100 1014 παροῦσαν
1128 935 1265 1014 ἔγγραφον
1292 933 1339 994 καί

51 1057 236 1140 ἐνκτόγρσιρον,
264 1061 397 1141 καθαράν,
425 1059 528 1141 ἀληθῆ,
561 1057 686 1140 βεβαίαν,
714 1058 860 1140 αῦτοθελῆ,
889 1057 1090 1136 ἀμετάτρεπτον
1120 1055 1167 1116 καί
1195 1057 1338 1132 ἀμεταμέ-

48 1179 123 1254 λητον
154 1180 202 1240 καὶ
233 1181 305 1242 κατὰ
333 1179 422 1242 πάντα
450 1185 548 1262 τρόπον
578 1182 608 1241 τό
637 1181 759 1240 καθόλου
790 1181 932 1260 διάπρασιν
962 1177 1009 1238 καὶ
1038 1179 1148 1238 τελείαν
1178 1179 1339 1239 άπεντεῦθεν

49 1302 198 1378 σωματικὴν
233 1302 382 1384 παράδοσιν
413 1310 466 1365 τῶν
496 1305 643 1386 κατωτέρω
674 1301 914 1378 δηλωθησομένων
945 1299 992 1360 όῦο
1021 1299 1162 1379 τεμαχίων
1196 1302 1339 1376 ἀμπελίων

49 1430 94 1482 τῶν
115 1425 187 1484 κατὰ
213 1428 245 1485 τό
268 1424 394 1502 δηλωθὲν
417 1427 518 1507 χωρίον
540 1427 620 1503 ἡμῶν
648 1426 731 1486 όντων
762 1425 892 1500 τιθέμεθα
921 1421 969 1484 καὶ
990 1427 1119 1499 ποιοῦμεν
1142 1423 1272 1496 ἑκουσίως
1293 1421 1340 1483 καί

51 1547 266 1622 ἁμεταμελήτως
288 1548 358 1623 μετὰ
380 1550 481 1621 παντός
503 1553 548 1610 τοῦ
571 1550 669 1629 μέρους
691 1549 771 1624 ήμῶν
793 1548 860 1628 πρὸς
879 1547 910 1606 σὲ
931 1547 978 1607 τόν
1000 1548 1122 1628 νοτάριον
1144 1551 1218 1626 κῦριν
1233 1547 1340 1606 Λέοντα

49 1669 87 1726 τὀν
109 1669 254 1748 Ὀρέστην,
278 1669 322 1729 διὰ
352 1673 400 1729 σοῦ
427 1669 459 1730 δὲ
486 1669 532 1731 καί
559 1673 626 1752 πρός
652 1671 683 1730 τό
711 1671 782 1730 θπαν
812 1667 859 1729 καὶ
888 1671 1015 1730 παντοῖον
1046 1671 1130 1749 μέρος
1161 1689 1218 1750 σου,
1247 1669 1340 1754 καθὼς

50 1789 243 1864 δηλωθήσεται.
278 1790 325 1852 καί
354 1787 408 1872 γὰρ
437 1791 472 1852 τὰ
502 1792 630 1872 ἀνωτέρω
661 1791 821 1868 δηλούμενα
851 1791 897 1851 δῦο
926 1792 1048 1868 τεμάχια
1081 1790 1216 1872 ἀμπέλια,
1246 1790 1281 1850 τὰ
1308 1789 1341 1850 ἐκ

49 1917 154 1989 γενικῆς
181 1913 370 1994 κληρονομίας
396 1914 476 1990 ήμῶν
501 1913 681 1994 περιελθόντα
707 1915 783 1994 ήμϊν,
815 1911 859 1972 καὶ
886 1912 1001 1988 πλησίον
1029 1911 1168 1971 ὄντατῶν
1196 1909 1339 1986 ἀμπελίων

49 2039 89 2093 τοῦ
111 2055 139 2094 τε
163 2035 286 2113 Μιχαὴλ
314 2040 360 2096 τοῦ
382 2036 527 2117 Στρουμπή
558 2034 673 2097 καὶτοῦ
696 2035 814 2095 Πολίτου
842 2039 922 2116 κυροῦ
946 2033 1082 2109 Μανουήλ
1113 2031 1228 2093 καὶτοῦ
1251 2034 1340 2093 Βάτου

51 2155 243 2238 ἐπιλεγόμενα,
278 2153 313 2216 τά
341 2157 389 2218 καί
419 2155 485 2218 ὡσεί
513 2157 644 2218 πινακίων
674 2154 707 2230 ἓξ
736 2159 919 2236 τυγχάνοντα,
951 2156 989 2232 μὴ
1021 2157 1132 2234 ἔχοντες
1160 2155 1210 2229 τὴν
1239 2155 1339 2215 τοῦτων

50 2285 151 2360 γρήσιν,
173 2279 354 2355 ἠθελήσαμεν
376 2279 521 2360 διαπράσαι
543 2284 627 2340 ταῦτα
652 2281 720 2360 πρός
742 2299 800 2338 τινα
822 2279 867 2338 τόν
891 2276 1050 2358 αἱρούμενον
1076 2275 1124 2352 τήν
1146 2277 1245 2338 τοῦτων
1267 2273 1339 2350 ἐξιθ-

51 2419 129 2480 νησω,
158 2402 197 2473 ὡς
227 2401 259 2460 δὲ
282 2401 389 2477 μηδένα
411 2402 534 2484 εὑρόντες
560 2407 613 2462 τῶν
635 2421 665 2460 τε
688 2402 863 2477 πλησιαστῶν
893 2398 940 2460 καί
961 2399 1015 2460 τῶν
1039 2399 1072 2460 ἐκ
1094 2399 1240 2480 μακρόθεν,
1264 2399 1341 2460 ἀλλὰ

51 2523 150 2581 πάντων
173 2522 407 2604 ἀπαναινομὲνων,
431 2523 545 2604 εῦρομεν
566 2525 606 2602 σέ,
629 2523 675 2582 τόν
699 2522 860 2598 δηλωθέντα
882 2525 956 2601 κόριν
976 2521 1104 2582 Λεόντιον
1127 2522 1172 2581 τόν
1196 2521 1339 2600 Ὀρέστην,

52 2643 95 2714 τἠν
120 2644 218 2704 τοῦτων
246 2641 377 2720 ἐξώνησιν
405 2645 699 2725 ῦπεραποδεχόμενον·
724 2643 765 2704 δίο
787 2642 834 2704 καί
858 2642 959 2718 εἴδησιν
981 2640 1042 2722 περὶ
1065 2643 1156 2702 τοῦτου
1179 2639 1341 2717 δεδώκαμεν

52 2763 212 2848 τῴαῦθέντη
231 2766 321 2846 ήμῶν,
345 2761 394 2851 [τῷ
416 2761 648 2851 παν]εντιμοτάτῳ
668 2765 837 2846 λογαριαστή
860 2763 934 2845 κυρῷ
953 2764 1074 2842 Μιχαὴλ
1095 2762 1134 2843 τῷ
1149 2764 1339 2846 Χρυσοβέργη,

52 2884 94 2944 καί
126 2884 173 2972 [τῷ
200 2883 419 2973 παν]οικιωτάτῳ
447 2889 522 2950 ἀ..
546 2934 575 2966 .,
598 2886 637 2966 τῷ
667 2887 780 2969 αῦθέντρ
811 2890 856 2946 τοῦ
891 2881 1101 2971 [ταν]σεβάστου
1130 2885 1264 2958 σεβαστοῦ
1295 2883 1341 2944 καί

52 3010 223 3088 περιποθήτου
250 3009 361 3086 ἀνεψιοῦ
387 3015 433 3070 τοῦ
463 3013 592 3092 κραταιοῦ
616 3003 673 3094 [καὶ
701 3008 778 3086 όγίου
805 3003 897 3092 ή]μιῦν
925 3007 1065 3080 βασιλέως
1093 3005 1140 3066 καί
1168 3005 1264 3078 δουκδς
1291 3011 1341 3082 τῆς

54 3129 110 3188 καθ’
135 3132 210 3206 ήμοῑς
239 3135 321 3207 νήσου
350 3133 472 3214 Κρήτης,
502 3135 548 3192 τοῦ
579 3131 725 3206 Κομνηνοῦ
754 3133 834 3209 κυροῦ
864 3127 1000 3208 Στεράνου
1029 3133 1074 3188 τοῦ
1104 3129 1339 3207 Κοντοετεράνου·

54 3245 96 3310 καί
123 3253 210 3328 τιμίαν
239 3254 319 3313 αῦτοῦ
346 3253 422 3313 λόσιν
451 3253 645 3334 ἐπορισάμεθα,
672 3248 846 3332 προστάξεως
875 3253 955 3311 τόπον
988 3251 1138 3328 ἐπέχουσαν
1168 3249 1215 3311 καί
1245 3247 1342 3310 οὑτωσί

55 3373 135 3450 όητῶς
157 3375 408 3452 διακελευομένην·

152 3496 283 3578 «Ἔκθου,
301 3499 495 3574 θεοσεβέστατε
516 3497 588 3577 ίερεῦ
610 3495 657 3558 καὶ
672 3496 857 3576 ταβουλλάριε
874 3494 993 3574 Μιχαὴλ
1009 3492 1152 3574 Λιμενίτη,
1175 3497 1341 3575 πρακτήριον

58 3617 181 3700 έγγραρον
206 3620 250 3681 ἐπὶ
277 3619 316 3700 τῷ
338 3622 550 3702 πιπρασκομένῳ
573 3619 702 3700 ἀμπελίῳ
731 3621 805 3701 παρά
827 3621 926 3678 τετοῦ
948 3618 1053 3692 Ψήλου
1076 3618 1192 3676 Κώνστα
1222 3615 1269 3676 καί
1295 3621 1341 3678 τοῦ

58 3737 253 3822 Σταυρακιώτου
273 3745 392 3814 Λέοντος
410 3745 478 3824 πρὸς
500 3745 545 3804 τόν
567 3745 689 3822 νοτάριον
707 3742 813 3802 Λέοντα
833 3742 878 3800 τὀν
898 3740 1031 3820 Ὀρέστην
1054 3737 1099 3798 ἐπὶ
1117 3741 1247 3814 τιμήματι
1267 3759 1342 3814 νομι-

60 3867 156 3936 σμάτων
171 3867 342 3946 τρικεράλων
352 3866 480 3926 παλαιῶν
492 3866 573 3928 όκτιίν.
590 3863 652 3944 περὶ
668 3865 699 3925 δὲ
714 3868 761 3925 τοῦ
772 3865 810 3940 μὴ
824 3859 894 3922 είναί
906 3883 932 3922 τι
946 3864 977 3922 τό
992 3860 1212 3942 προσιστάμενον,
1226 3861 1343 3936 μελήσει

60 3983 94 4061 τῷ
113 3987 356 4068 ἐκλαμβανομένῳ.
381 3986 458 4064 μηνὶ
480 3987 688 4068 ρεβρουαρίῳ
711 3985 921 4057 ίνδικτιῶνος
945 3983 994 4046 ια’.
1024 3987 1045 4064 †
1077 3983 1134 4058 τὴν
1157 3983 1342 4062 ὑπογραφὴν

62 4109 207 4186 ρὲρουσαν
238 4110 276 4171 δι’
301 4109 435 4171 οἰκείων
463 4111 558 4170 αὺτοῦ
582 4112 803 4190 γραμμάτων·
830 4109 845 4166 ό
869 4104 1099 4187 λογαριαοτὴρ
1121 4103 1271 4182 Μιχαήλ.
1296 4104 1338 4181 γ»

152 4233 259 4308 Ταίιπην
286 4232 372 4292 τοίνυν
398 4231 437 4310 τῷ
459 4230 654 4311 ταβουλλαρίῳ
680 4227 905 4311 προκομίσαντες,
932 4225 979 4286 καί
1007 4226 1120 4285 ἐνώπιον
1143 4224 1223 4284 αῦτοῦ
1245 4245 1275 4284 τε
1297 4223 1343 4285 καὶ

63 4356 108 4408 τῶν
132 4356 271 4436 μαρτῦρων
299 4353 439 4429 ἐλάβομεν
468 4354 531 4414 αῦτό
560 4355 591 4412 τό
617 4352 724 4429 τίμημα
751 4351 805 4410 ἀπό
828 4354 885 4430 σοῦ,
915 4349 948 4406 τό
978 4347 1050 4406 όκτὼ
1081 4346 1207 4420 δηλονότι
1236 4343 1344 4406 παλαιά

65 4475 199 4552 τρινέραλα
226 4476 389 4556 νομίσματα,
427 4477 504 4535 άτινα
530 4473 577 4534 καί
604 4473 738 4548 λαβόντες
766 4473 818 4532 ἀπό
847 4475 893 4531 σοῦ
918 4467 964 4529 καὶ
991 4472 1037 4528 τοῦ
1064 4468 1163 4547 μέρους
1190 4485 1246 4545 σου,
1275 4468 1345 4544 μετὰ

66 4593 106 4652 καί
131 4602 173 4658 τοῦ
202 4601 301 4681 μέρους
330 4601 409 4675 ἡμῶν
438 4603 498 4658 σῶα
527 4597 574 4658 καί
606 4596 808 4675 άπαράλειπτα,
839 4589 1133 4672 άντιπαραδεδιόκαμέν
1162 4609 1203 4649 σοι
1233 4586 1280 4648 καί
1305 4586 1344 4668 τῷ

68 4719 136 4794 μέρει
159 4743 203 4781 σου
229 4727 392 4798 σωματικῶς
416 4721 448 4780 έκ
477 4727 532 4796 τῆς
554 4721 673 4798 σήμερον
701 4714 746 4776 ἐπὶ
772 4715 882 4796 καθαρᾷ
908 4712 955 4774 καί
981 4713 1078 4795 τελείᾳ
1105 4711 1246 4792 διαπράοει
1269 4708 1344 4793 καλῇ
