3162 5278
265 349 328 412 318

264 541 416 603 τοὺναντίον
440 541 471 602 δὲ
501 543 612 618 μᾶλλον
643 543 752 619 βλάβην
784 543 896 623 ἐπάγειν
926 542 973 604 καὶ
1004 545 1130 622 σύγχυσιν
1159 547 1215 616 τοῖς
1247 544 1456 620 ἐνοσκουμὲνοις
1491 545 1553 622 αὑτῷ

264 667 390 743 πατράσι,
417 667 541 742 ταραχήν
568 685 598 722 τε
624 659 766 745 προξενεῖν
792 663 840 724 καί
863 663 985 738 ἀταξίαν,
1014 667 1053 737 ῶς
1073 672 1128 725 τῶν
1152 665 1366 745 ἐπιμιγνυμένων
1389 670 1451 738 ταῖς
1473 689 1555 742 μονα-

265 789 423 864 σιηριακαῖς
446 788 532 846 αὑτῶν
555 787 697 845 ὑποθέσεσι
720 785 764 846 διὰ
785 787 833 862 τὴν
858 787 1030 868 ἐπιτροπικὴν
1053 785 1175 860 ἐξουσίαν
1199 789 1353 860 πολυειδῶς
1376 788 1472 860 αὑτοὺς
1495 811 1554 867 σογ-

265 909 386 986 χεόντων
400 907 448 968 καὶ
462 911 657 989 ταραττόντων,
679 909 824 969 κάντεῦθεν
848 909 987 982 συνέβαινε
1010 909 1121 981 πολλάς
1143 908 1191 970 καὶ
1209 911 1348 990 διαφόρους
1364 906 1498 996 [βλάβας]
1513 913 1555 984 τὴν

265 1029 340 1110 ἱερὰν
368 1031 453 1105 μονὴν
480 1030 577 1103 ταὺτην
604 1030 748 1105 ὑπομένειν
776 1029 823 1090 καὶ
849 1032 910 1102 τοὺς
938 1031 1153 1105 ἐνασκουμένοος
1180 1032 1246 1114 αὑτῇ
1271 1032 1447 1109 ἐνοχλεῖσθαι
1471 1035 1554 1110 μεγαί-

264 1153 333 1222 λως.
358 1150 402 1212 διά
418 1171 457 1210 τοι
479 1155 556 1211 τοὺτο
579 1147 708 1224 καθάπαξ
735 1152 943 1227 ἀποποιοὺμενοι
969 1154 1000 1211 τό
1028 1153 1102 1230 ἔχειν
1130 1154 1288 1234 ἐπιτρόπους
1311 1157 1357 1213 τοὺ
1380 1154 1555 1233 μοναστηρῖον

265 1273 362 1346 αὑτῶν,
392 1275 429 1346 ὡς
456 1274 579 1344 στάσεως
605 1270 651 1332 καί
679 1272 818 1350 διχονοίας
844 1273 993 1353 παραίτιον,
1023 1274 1174 1348 ἐδεήθησαν
1197 1271 1275 1349 ἡμῶν
1298 1275 1352 1351 ἡδη
1375 1274 1476 1347 κοινῶς
1501 1276 1555 1336 ἐπι-

265 1393 447 1474 βροβευθὴναι
471 1395 561 1465 αὑτοῖς
586 1395 616 1453 τδ
640 1394 785 1474 ἐλεὺθερον
813 1393 859 1454 καί
886 1395 1073 1473 ἀνενόχλητον
1100 1400 1146 1456 τοὺ
1173 1403 1222 1472 τῆς
1250 1397 1424 1477 ἐπιτροπικῆς
1453 1397 1555 1476 βάρους,

265 1517 303 1587 ὡς
333 1516 490 1590 δυναμένων
519 1513 605 1574 αὑτῶν
631 1521 684 1574 τῶν
712 1517 837 1596 ποτέρων
864 1517 934 1591 μετά
961 1521 1007 1576 τοὺ
1029 1518 1182 1594 ἡγουμένου
1205 1518 1318 1596 θεωρεῖν
1344 1516 1392 1577 καὶ
1420 1518 1557 1578 διευθετεῖν

264 1641 354 1710 πάσας
381 1637 430 1710 τάς
459 1637 680 1718 μοναστηριοκάς
707 1634 794 1697 αὑτῶν
821 1638 918 1718 χρείας
947 1631 994 1698 καί
1024 1639 1174 1720 ὑποθέσεις,
1206 1637 1356 1709 ἀνεπιδεῶς
1382 1660 1414 1698 τε
1448 1639 1576 1716 ἐχόντων’

264 1766 312 1836 τῆς
339 1765 393 1820 τῶν
420 1759 570 1840 ἐπιτρόπων
599 1759 755 1832 ἐπιστασίας
783 1757 828 1818 καὶ
856 1762 919 1819 καθ’
943 1760 1053 1832 έουτοὺς
1079 1760 1260 1840 κυβερνᾶσθαι
1283 1758 1443 1836 δυναμένων
1468 1761 1556 1820 ἀνενό-

263 1883 392 1962 χλὴτως,
431 1883 524 1953 καθώς
561 1881 609 1941 καί
647 1881 674 1940 αἱ
708 1883 865 1959 ἁπανταχοῦ
899 1884 1052 1957 σωζόμενοι
1085 1882 1212 1958 ἐπίσημοι
1248 1881 1297 1942 καὶ
1331 1879 1558 1963 στουροπηγιακαὶ

265 2003 345 2079 μοναὶ
376 2003 604 2084 διοκυβερνῶνται
634 2003 720 2084 χωρίς
750 2005 899 2085 ἐπιτρόπων
929 2011 978 2080 τὴς
1008 2012 1061 2064 τῶν
1091 2005 1216 2086 ποτέρων
1246 2001 1386 2076 σννάξεως
1417 2005 1491 2078 μετὰ
1519 2008 1558 2063 τοὺ

263 2127 416 2204 ἡγουμένου
438 2125 605 2205 ἀποχρώσης
627 2127 720 2198 αὑτοῖς
743 2129 812 2207 πρός
833 2133 921 2186 παῖσον
945 2123 1119 2206 διεξαγωγὴν
1146 2125 1194 2186 καί
1215 2127 1375 2206 κυβέρνησιν
1399 2123 1500 2187 αὑτῶν.
1527 2120 1560 2184 ών

263 2247 311 2324 τὴν
340 2246 431 2322 δέησιν
461 2250 500 2318 ὡς
527 2245 643 2324 εὔλογον
670 2247 716 2307 καὶ
745 2247 851 2309 δικαίαν
874 2247 1074 2324 ἀποδεξάμενοι
1097 2251 1247 2328 γράφοντες
1270 2247 1480 2328 ἀποφαινόμεθα
1503 2271 1559 2307 απι-

263 2367 365 2440 οδικῶς
392 2363 463 2442 μετὰ
488 2373 542 2426 τῶν
569 2367 631 2447 περὶ
657 2370 732 2444 ἡμᾶς
762 2368 915 2450 ῖερωτάτων
943 2371 1151 2450 μητροπολιτῶν
1181 2368 1228 2430 καί
1255 2369 1418 2450 ὑπερτῖμων,
1450 2375 1506 2428 τῶν
1536 2369 1561 2426 ἐν

264 2489 334 2568 ἀγίῳ
361 2490 492 2564 πνεὺματι
518 2489 665 2566 ἀγαπητῶν
688 2492 767 2566 ἡμῶν
792 2491 918 2570 ἀδελφῶν
941 2489 988 2550 καί
1011 2492 1240 2574 συλλειτουργῶν,
1263 2491 1308 2551 ἵνα
1329 2491 1360 2549 τδ
1384 2489 1437 2566 μὲν
1461 2512 1562 2572 προεκ-

264 2611 342 2671 δοθέν
369 2613 433 2692 παρ’
452 2613 532 2686 ἡμῶν
558 2617 607 2687 τὴς
630 2611 804 2692 ἐπιτροπικὴς
829 2615 945 2690 γράμμα
971 2611 1019 2672 καὶ
1042 2612 1224 2673 ἀποκαθιστᾶν
1246 2612 1405 2692 ἐπιτρόπους
1428 2617 1481 2687 τῆς
1504 2612 1562 2671 δια-

262 2731 414 2811 ληφθείοης
441 2731 515 2812 ἱεροῖς
539 2737 625 2807 μονὴς
646 2736 693 2791 τοὺ
716 2731 863 2810 Θεολόγον
885 2734 930 2792 τόν
950 2753 980 2792 τε
1002 2733 1211 2812 θεοφιλέστατον
1234 2732 1451 2813 ἀρχιεπίσκσπον
1473 2729 1576 2798 Κῶον,

262 2857 312 2933 κὺρ
335 2853 483 2934 Κόριλλον,
515 2852 563 2912 καί
590 2855 635 2912 τδν
663 2853 878 2934 προηγοίιμενον,
908 2859 986 2913 παπά
1013 2853 1159 2934 Ἰάκωβον,
1190 2857 1228 2926 ῶς
1258 2852 1398 2934 παραίτιον
1431 2856 1559 2924 στάσεως

262 2976 376 3057 θορύβου
390 2997 420 3036 τε
439 2974 487 3036 καί
506 2973 671 3036 σκανδάλων
694 2973 741 3034 καὶ
764 2975 923 3054 συγχὺοεως
944 2977 1012 3056 πρδς
1034 2977 1138 3048 τούτοις
1159 2975 1258 3054 ἄκυρον
1281 2976 1352 3057 μένῃ
1376 2971 1426 3034 καί
1451 2976 1560 3054 ἀνενέρ-

261 3119 356 3180 γητον,
387 3099 527 3178 ἐχέτωσαν
555 3098 587 3158 δὲ
614 3098 709 3158 ἀδειαν
736 3098 752 3156 ό
774 3099 929 3176 ἡγούμενος
956 3100 1026 3174 μετὰ
1055 3104 1107 3159 τῶν
1134 3097 1240 3158 λοιπῶν
1266 3099 1393 3176 ποτέρων
1421 3101 1473 3157 τοῦ
1495 3097 1576 3184 ίερσὺγ

262 3223 353 3283 τοὺτσυ
391 3221 570 3302 μοναστηρίου
606 3221 719 3300 θεωρεῖν
756 3219 804 3280 καὶ
840 3221 973 3301 κυβερνᾶν
1010 3223 1100 3293 πάσας
1137 3219 1186 3292 τάς
1218 3219 1442 3298 μοναστηριοκάς
1478 3221 1558 3279 αὑτῶν

261 3344 358 3426 χρείας
384 3344 430 3404 καὶ
457 3345 599 3415 ὑποθέσεις
627 3343 745 3419 μηδενός
769 3343 858 3403 ἀλλον
882 3341 1044 3422 ἐξωτερικοὺ
1068 3343 1216 3423 ἱερωμένου
1238 3343 1256 3416 ἡ
1280 3341 1380 3402 λαῖκοὺ
1401 3341 1576 3418 τολμῶντος]

262 3465 448 3544 ἐπιμίγνυσθαι
482 3466 571 3536 αὑτοῖς
604 3463 651 3524 καὶ
684 3463 897 3544 παρεμβάλλειν
934 3465 1028 3524 ἑουτδν
1061 3467 1203 3543 προπετῶς
1235 3464 1296 3534 τοῖς
1330 3467 1576 3542 μονοστηριοιιαῖςὲ

263 3588 350 3648 αὑτῶν
377 3587 542 3668 ὑποθέσεσιν,
570 3586 601 3646 οὑ
628 3588 682 3663 μὴν
705 3587 772 3646 ἀλλ’
796 3585 859 3646 οὑδὲ
885 3591 939 3645 τῶν
965 3581 1185 3665 προσφοιτώντων
1209 3585 1301 3644 οάυτόθι
1330 3584 1488 3664 ἀρχιερέων
1511 3606 1558 3658 μη-

263 3710 320 3784 δεὶς
344 3711 433 3789 ἐχέτω
456 3709 550 3795 ἀδειον
573 3707 681 3780 σὺναξιν
702 3711 789 3769 ποιεῖν
817 3709 892 3778 ἐντός
914 3712 959 3766 τοὺ
982 3700 1160 3786 μονοσιηρίου
1184 3706 1213 3765 ἐν
1235 3708 1293 3776 τοῖς
1315 3703 1463 3776 κελλείοις
1486 3707 1576 3763 ιτὺτοὺ

261 3834 307 3894 καὶ
335 3835 446 3915 θεωρεῖν
473 3833 549 3905 ὅλως
571 3829 695 3892 ὑπόθεσίν
718 3851 777 3890 τινα
799 3831 951 3906 ἀνήκουσαν
973 3827 1012 3908 τῷ
1034 3830 1180 3907 ἡγουμένῳ
1202 3825 1249 3887 καὶ
1270 3833 1304 3910 τῇ
1327 3829 1476 3908 καινότητι,
1506 3825 1558 3884 τότε

260 3957 430 4040 χειροτονίας
457 3959 543 4016 ποιεῖν
565 3955 640 4036 παρὰ
662 3959 776 4034 γνώμην
804 3955 890 4014 αὑτῶν
913 3957 931 4030 ἡ
954 3953 1048 4034 ἀργεῖν
1074 3951 1121 4012 καὶ
1148 3951 1282 4033 ἀφορίζειν
1303 3951 1363 4010 τινόι
1390 3952 1576 4042 αὑτοδεσπόῇ

260 4103 315 4154 τως
344 4077 431 4160 χωρὶς
461 4076 595 4153 είδὴσεως
625 4081 671 4136 τοὺ
700 4078 854 4156 ἡγουμένου
884 4075 932 4134 κοί
960 4081 1010 4150 τῆς
1039 4077 1210 4151 κοινότητος·
1237 4074 1428 4154 περιφρόνησις
1455 4069 1511 4152 γὰρ
1532 4075 1576 4140 τόἸ

261 4205 389 4280 τοιοῦτον,
418 4198 554 4281 ἀναίρεσίς
580 4220 610 4259 τε
640 4198 687 4260 καὶ
714 4199 850 4279 ἀνατροπὴ
877 4204 927 4275 τῆς
954 4201 1190 4278 σταυροπηγιοκὴς
1218 4192 1297 4268 ἀξίας
1323 4193 1372 4254 καὶ
1401 4193 1576 4274 ἐλευθερίοιςΞ

261 4328 307 4383 τοὺ
336 4322 409 4403 ἱεροῦ
439 4323 531 4407 τφὺτου
560 4321 739 4401 μοναστηρίου
765 4326 816 4397 τῆς
844 4319 1087 4399 ἐπιβραβευθείσης
1115 4316 1186 4396 αὑτῷ
1210 4318 1325 4397 ἀνωθεν,
1357 4317 1397 4390 ὡς
1425 4315 1556 4390 βασιλικῷ

261 4442 308 4504 καὶ
330 4441 560 4525 σταυροπηφιαηῷ
583 4440 765 4521 μοναστηρίῳ,
794 4440 861 4501 ἀλλ’
885 4439 948 4500 οὑδὲ
971 4445 1024 4500 τῶν
1047 4439 1076 4498 ἐν
1099 4437 1171 4518 αὑτῷ
1194 4439 1385 4519 ἱερομονάχων
1410 4437 1503 4514 ἐχέτω
1523 4455 1557 4502 ας

262 4565 356 4625 άδειον
383 4567 472 4641 ζητεῖν
498 4563 545 4623 καί
570 4561 724 4637 λαμβάνειν
747 4561 865 4641 όφφίκιον
892 4566 937 4622 τοὺ
961 4560 1139 4641 μσνασιηρίου
1162 4554 1206 4619 διά
1230 4561 1313 4635 μέσου
1335 4565 1390 4618 τῶν
1413 4559 1523 4618 λαῖκῶι
1542 4560 1556 4628 ἢ

263 4687 354 4766 ἐτέρου
376 4687 446 4758 τινδς
469 4689 487 4759 ἢ
510 4685 592 4762 ἀλλῳ
614 4682 664 4742 τινὶ
687 4686 776 4765 τρόπῳ
799 4683 992 4744 mmmmm
1016 4684 1095 4742 αὺτοῦ
1118 4681 1226 4762 βθῖίωςι
1250 4680 1329 4740 ἀλλὰ
1353 4679 1425 4755 μετὰ
1446 4661 1576 4758 γνώμίῖί
