3162 5278
1267 330 1330 394 329

45 525 209 604 εὑρισκομένη
233 524 304 604 ίερά,
335 519 481 602 σεβασμία,
514 523 645 599 βασιλική
668 545 698 583 τε
732 522 779 582 καὶ
814 525 1033 604 σταυροπηγιακὴ
1064 526 1135 599 μονὴ
1165 528 1212 584 τοῦ
1242 523 1330 604 ἁγίου,

45 643 140 717 ἐνδόξου
168 644 216 704 καί
238 648 413 725 πανευφήμου
441 646 593 706 ἀποστόλου
619 645 666 705 καί
694 647 890 724 εὐαγγελιστοῦ
913 646 1040 704 Ἰωάννου
1063 651 1109 706 τοῦ
1132 645 1277 724 Θεολόγου
1301 650 1330 708 σὺ

44 771 112 842 μόνον
135 766 296 848 ἀρχαιότητι
319 768 451 843 ἐπίσημος
473 770 603 846 τυγχάνει
629 765 675 828 καί
699 766 848 842 οἰκοδομῆς
875 767 978 828 κάλλει
1001 767 1140 848 ὑπερφυῶς
1162 769 1217 828 ἐστι
1245 789 1329 830 κεκο-

44 891 173 970 σμημένη,
198 893 246 952 ἅτε
269 889 358 970 βουλῇ
381 889 428 949 καί
452 889 530 972 ἀδείᾳ
552 895 606 949 τῶν
628 889 716 948 πάλαι
739 887 876 963 θεοσεβῶν
900 890 1104 968 α’ντοκροιτόρων
1130 888 1178 949 καί
1200 890 1330 966 ἀοιδίμων

42 1012 167 1084 βασιλέων
195 1011 419 1091 μεγαλοπρεπῶς
445 1009 492 1070 καὶ
520 1008 669 1089 φιλοτίμως
697 1009 905 1090 όινεγηγερμένη
934 1010 983 1070 ῦπό
1005 1014 1052 1069 τοῦ
1075 1011 1277 1086 εθλαβεστάτου
1301 1013 1330 1072 ἐν

42 1136 164 1211 μονοχοῖς
196 1133 399 1214 Χριστοδοθλου
431 1131 479 1192 καί
510 1133 580 1208 μετὰ
609 1137 694 1192 ταῦτα
725 1132 770 1192 διόι
801 1131 951 1206 βασιλικῶν
980 1131 1195 1210 χρυσοβοῦλλων
1225 1139 1272 1194 τοῦ
1301 1135 1330 1194 έν

41 1255 186 1328 βασιλεῦσιν
218 1255 344 1332 ἀοιδίμου
373 1259 422 1336 κῦρ
446 1250 576 1326 Ἀλεξίου
602 1259 648 1314 τοῦ
675 1255 821 1330 Κομνηνοῦ
853 1251 901 1312 καί
930 1259 984 1314 τῶν
1013 1255 1075 1313 κατ’
1104 1255 1208 1314 ἐκεῖνον
1237 1256 1331 1335 καιρόν

41 1379 211 1452 ἀκμασάντων
250 1377 409 1455 ἁγιωτάτων
446 1380 622 1456 πατριαρχῶν
662 1381 901 1456 σταυροτηγιακῶν
935 1377 1107 1456 γραμμάτων
1139 1377 1188 1451 τὴν
1221 1376 1331 1437 τελείαν

40 1499 189 1580 ἐλευθερίαν
216 1497 262 1560 καὶ
287 1494 530 1579 αἰπεξιουσιότητα,
559 1500 589 1558 τό
604 1517 635 1558 τε
660 1500 748 1573 πάντη
776 1497 906 1558 όισθδοτον
934 1495 982 1556 καὶ
1009 1497 1195 1576 ἀνενόχλητον
1219 1519 1331 1580 προσει-

39 1623 139 1700 ληφυῖα,
163 1621 257 1693 καθὼς
280 1625 373 1700 σαφῶς
395 1619 515 1698 φαίνεται
539 1619 658 1679 ἐπὶτῶν
681 1620 844 1694 σωζομένων
864 1621 934 1691 τέως
956 1625 1161 1698 πατριαφχικῶν
1184 1620 1329 1698 σιγιλλιω-

40 1743 85 1802 ἒῶν
102 1745 275 1824 γραμμάτων
297 1744 487 1823 παριστάντων
512 1741 635 1822 ἐναργῶς
656 1739 705 1816 τὴν
729 1740 845 1820 ἀρχαίαν
869 1741 951 1816 αῦτῆς
974 1740 1119 1816 βασιλικὴν
1142 1739 1190 1800 καί
1212 1761 1326 1822 σταυρο-

37 1866 166 1942 πηγιακὴν
183 1863 349 1944 φιλοτιμίαν,
372 1865 510 1942 φθάσασαν
527 1863 580 1922 ἔστ’
598 1859 710 1922 ἐπὶτῶν
725 1863 832 1942 χρόνων
854 1865 900 1922 τοῦ
914 1859 1186 1942 προχρηματίσαντος
1207 1862 1330 1939 ἀοιδίμου

37 1984 206 2068 πατριάρχου,
236 1989 286 2066 κῦρ
309 1984 457 2064 Διονυσίου,
485 1983 532 2044 καί
556 1983 799 2060 ἐπιβεβαιωθεῑσαν
827 1982 872 2043 καὶ
895 1983 938 2043 ὑπ’
963 1985 1041 2045 αὺτοῦ
1069 1983 1113 2044 διὰ
1134 1990 1331 2066 πατριαρχικοῦ

37 2109 164 2187 αγιλλίου
188 2108 371 2184 ἐμπεδοῦντος
397 2105 444 2166 καί
468 2106 655 2187 ἑπικυροῦντος
677 2108 766 2166 πάντα
787 2105 821 2166 τόι
843 2105 1046 2182 προεκδοθέντοι
1073 2107 1144 2166 κατὰ
1166 2108 1275 2189 καιροὺς
1297 2113 1330 2190 τη

36 2230 142 2313 ῥηθείσῃ
171 2237 241 2312 μονῇ
268 2236 318 2305 τῆς
341 2234 579 2309 σταυρσπηγιακῆς
601 2225 680 2300 ἀξίας
702 2225 863 2309 γράμματα.
897 2224 973 2288 οἰλλόι
1000 2229 1110 2309 προσέτι
1135 2228 1181 2290 καὶ
1211 2231 1331 2307 ἁγιότητι

36 2354 90 2411 κατ’
110 2353 249 2434 ὑπεροχὴν
273 2351 452 2432 ῦπερίδρυται,
477 2349 569 2422 αἰδοῦς
590 2372 621 2412 τε
643 2349 691 2411 καὶ
713 2349 862 2426 εῦλαβείας
885 2351 915 2410 οῦ
937 2357 986 2426 τῆς
1008 2353 1140 2429 τυχοθσης
1164 2350 1234 2411 ἐστὶν
1258 2348 1330 2430 ἀξία,

35 2477 146 2536 καθόσον
173 2477 189 2534 ό
216 2473 414 2554 οίιρανοβάμων
445 2472 548 2543 ἐκεῖνος
578 2472 624 2532 καί
651 2473 781 2551 ὑψιπέτης
809 2471 837 2530 ἐν
864 2471 997 2556 θεολογίφι
1024 2473 1113 2552 ἀετός,
1136 2475 1151 2532 ό
1173 2474 1234 2534 κατ’
1252 2471 1330 2546 ἐξαί-

34 2619 105 2676 ρετον
134 2599 222 2676 λόγον
246 2597 274 2656 έν
297 2599 353 2667 τοῖς
376 2597 510 2671 μαθηταῖς
532 2595 581 2670 την
604 2599 649 2656 τοῦ
673 2595 751 2674 φίλου
773 2595 820 2656 καί
842 2596 976 2674 παρθένου
998 2593 1096 2671 κλῆσιν
1120 2593 1168 2654 καί
1189 2617 1330 2676 προσηγο-

34 2721 86 2796 ρίαν
108 2719 336 2801 κεκληρωμένος,
362 2721 376 2778 ό
399 2716 446 2778 καὶ
470 2718 621 2793 έπιστήθιος
644 2721 690 2777 τοῦ
713 2717 845 2778 δεσπότου
868 2719 996 2796 γενέσθαι
1018 2714 1171 2793 ἠξιωμένος
1195 2719 1224 2778 έν
1246 2720 1329 2800 ταῦτη

33 2847 60 2921 τῇ
82 2843 143 2901 κατ’
161 2843 241 2902 αῦπδν
256 2843 332 2920 νήσῳ
355 2841 404 2916 τὴν
428 2841 512 2916 μονὴν
536 2839 623 2919 ἑαυτῷ
645 2840 782 2921 ᾑρημένος
804 2840 835 2900 τό
858 2837 1002 2917 μέγακαὶ
1025 2839 1154 2918 ὑπερφυὲς
1177 2847 1227 2915 τῆς
1252 2841 1330 2900 α’στοῦ

32 2963 175 3042 θεολογίας
202 2964 328 3023 συνέθετο
354 2961 401 3022 καί
429 2964 614 3042 συνεγράψατο
642 2963 814 3040 εθαγγέλιον,
844 2961 909 3040 παρ’
934 2962 1012 3020 αὺτοῦ
1038 2964 1084 3019 τοῦ
1111 2963 1217 3040 πρώτου
1245 2961 1327 3022 διδα-

34 3087 130 3144 σκάλου
154 3087 271 3163 Χριστοῦ
297 3089 344 3144 τοῦ
371 3085 434 3144 θεοῦ
459 3081 506 3142 καί
532 3088 578 3144 τοῦ
604 3083 738 3161 παναγίου
764 3083 915 3158 πνεόματος
941 3083 976 3142 τὰ
1003 3081 1142 3162 ἀπόρρητα
1169 3080 1215 3141 καὶ
1244 3081 1346 3162 ὑπερ--

33 3215 76 3282 φυῇ
104 3213 155 3283 τῆς
184 3205 312 3280 εῦσεβοῖς
333 3208 413 3281 ἡμῶν
439 3204 557 3278 πίστεως
583 3203 754 3284 ἑλλαμφθείς
776 3203 877 3264 τεκαὶ
901 3201 1047 3282 ἑνηχηθεὶς
1075 3204 1211 3284 δόγματα,
1241 3205 1275 3264 δι’
1300 3199 1329 3262 οὗ

34 3331 84 3400 τοῖς
111 3327 253 3402 εθσεβέσιν
278 3329 309 3387 οθ
331 3329 413 3402 μόνον
436 3329 455 3404 ἡ
478 3326 586 3402 ἀληθὴς
612 3327 659 3387 καὶ
681 3329 768 3403 πάντη
792 3323 936 3399 ἄπταιστος
962 3331 1009 3387 τοῦ
1035 3327 1064 3386 ἐν
1087 3327 1173 3406 τριάδι
1195 3327 1331 3406 λατρευο-

32 3453 108 3522 μένου
138 3451 206 3509 θεοῦ
234 3449 378 3527 ἐπίγνωσις
404 3446 452 3508 καί
478 3450 627 3528 φανέρωσις
654 3450 692 3520 ῶς
716 3449 749 3509 έκ
769 3471 840 3520 τινος
861 3451 1035 3532 πρωτογόνου
1057 3451 1145 3528 φωτός
1171 3449 1218 3509 καὶ
1240 3456 1332 3529 πηγῆς

32 3571 220 3647 ἒιειδεοτάτης
249 3569 433 3646 ἑπιλάμπεται
460 3569 507 3630 καί
528 3572 687 3652 προχέεται,
715 3570 793 3630 ἀλλὰ
819 3570 865 3630 καὶ
887 3573 905 3646 ἡ
927 3573 995 3651 πρός
1019 3571 1097 3631 αὐτόν
1124 3571 1211 3644 νεῦσίς
1232 3591 1264 3632 τε
1285 3569 1332 3632 καὶ

32 3691 160 3766 οἰκείωσις
188 3689 347 3767 θαυμασίως
373 3693 550 3772 κατορθοῦται
578 3691 625 3751 καί
652 3691 881 3772 διεκπεραίνεται,
910 3693 951 3752 διό
973 3694 1161 3773 περιλάλητός
1184 3693 1239 3753 ἐστι
1260 3714 1331 3754 παν-

31 3820 108 3892 ταχοῦ
133 3813 184 3876 καί
209 3817 368 3893 εῦφημεῐται
390 3817 447 3886 τοῖς
470 3815 595 3872 ἁπάντων
618 3815 747 3888 στόμασιν
771 3816 801 3874 οῦ
824 3816 909 3889 μόνον
931 3817 949 3888 ἡ
972 3815 1108 3890 σεβασμία
1131 3815 1196 3890 αῦτη
1221 3815 1290 3889 μονὴ
1314 3819 1332 3892 ἠ

30 3934 71 3995 καί
98 3937 137 4016 τῷ
171 3941 218 3996 τοῦ
245 3935 390 4013 Θεολόγου
420 3935 465 3995 διὰ
495 3939 571 3996 τοῦτο
600 3937 742 4014 τιμωμένη
777 3935 903 4016 όνόματι,
935 3935 1013 3996 ἀλλὰ
1042 3935 1088 3996 καὶ
1117 3937 1135 4010 ό,
1166 3942 1248 4012 νῆσος
1278 3937 1331 4012 όλη

31 4063 141 4120 τοιοῦτον
171 4059 353 4132 πλουτητασα
383 4059 488 4119 ἄνωθεν
517 4061 677 4137 πολιοῦχον,
708 4057 827 4136 οίκισοίγν
853 4079 883 4118 τε
917 4057 964 4118 καί
995 4059 1162 4139 κοσμήτορα,
1191 4060 1251 4134 ἥτις
1280 4061 1332 4118 κάν

30 4183 79 4252 τοῖς
102 4181 188 4264 ἱεροῖς
210 4179 333 4252 πυκτίοις
354 4186 407 4240 τῶν
431 4181 589 4256 ἀσματικῶν
611 4181 702 4256 θμνων
725 4187 773 4256 τῆς
797 4181 879 4259 ἁγίας
903 4183 982 4256 ἡμῶν
1006 4179 1156 4256 ἐκκλησίας
1179 4182 1331 4260 μακαριζο-

30 4303 92 4377 μένη
126 4303 175 4362 διὰ
206 4304 284 4361 τοῦτο
314 4301 468 4382 ἐμφέρεται.
505 4303 629 4375 τοιαύτην
659 4304 800 4382 τοιγαροῦν
834 4299 913 4360 οὖσαν
943 4302 992 4374 τὴν
1023 4301 1150 4381 ῥηθεῖσαν
1182 4301 1332 4376 σεβασμίαν

31 4425 109 4498 μονὴν
138 4421 188 4484 καί
216 4425 418 4499 σεμνυνομένην
446 4423 582 4504 λαμπρῶς
609 4423 663 4484 ἀπό
686 4443 716 4482 τε
744 4429 797 4482 τῶν
823 4421 972 4503 τεραστίων
1002 4421 1049 4482 καί
1075 4423 1213 4503 ὑπερφυῶν
1242 4424 1331 4500 αἰνχη-

30 4549 117 4617 μάτων
146 4550 195 4606 τοῦ
222 4542 390 4618 πονενδόξου
419 4543 572 4605 ἀποστόλου
599 4544 645 4604 καί
668 4543 824 4624 Θεολόγου,
852 4544 906 4604 ἀπό
928 4565 958 4606 τε
985 4543 1039 4604 τῶν
1069 4543 1220 4619 βασιλικῶν
1250 4545 1331 4623 φιλο-

29 4670 188 4744 τιμημάτων
211 4665 258 4726 καί
281 4666 446 4746 προνομίων,
469 4665 514 4726 ναί
530 4667 585 4743 μὴν
599 4664 646 4726 καὶ
662 4666 715 4726 ἀπό
730 4672 783 4726 τῶν
798 4673 1000 4748 πατριαρχικῶν
1023 4666 1070 4728 καὶ
1094 4667 1329 4740 ἐκκλησιαστικῶν
