3228 5294
529 693 588 759 HI.
613 692 861 784 [6587-1079],
885 719 994 762 mense
1016 701 1139 784 martio,
1162 697 1226 764 ind.
1244 699 1286 765 Π.

262 878 379 936 Samotoo
404 877 601 948 ίθνίείοάκόιισ,
630 879 786 950 infimitate
812 887 837 936 et
862 882 1059 936 ι’πσυτεόοπτθυτ
1086 883 1237 938 Τιιτσαιτιιιι
1264 889 1373 940 συσσίτια
1395 884 1520 938 medere
1544 902 1558 938 e

260 983 420 1038 monasterio
450 981 525 1054 Stylo
557 983 587 1036 ia
615 991 700 1039 mame
730 985 830 1055 Latro,
865 987 1004 1040 committit
1035 988 1241 1042 moderationem
1271 989 1390 1043 ooemobii
1417 989 1557 1044 monachia

776 1087 866 1145 Sabae
887 1097 912 1146 et
934 1090 1036 1147 Imooe.

363 1287 580 1371 γἝνταλμα
609 1293 792 1370 γενόμενον
818 1291 906 1371 παρὰ
932 1289 1178 1372 Χριστοδοθλου
1208 1297 1356 1372 μοναχοῖ
1385 1293 1444 1355 καί
1473 1295 1558 1356 καθ-

260 1415 446 1494 ηγουμένου
473 1419 531 1488 τῆς
559 1412 592 1472 ἐν
619 1411 662 1491 τῷ
692 1412 761 1490 όρει
791 1417 846 1474 τοῦ
869 1415 998 1493 Λάτρου
1025 1419 1129 1490 μονῆς
1157 1418 1212 1474 τοίι
1241 1415 1366 1475 Στὺλου
1395 1415 1452 1476 καὶ
1483 1417 1558 1476 ἐπι-

261 1529 380 1620 [totto]
404 1535 509 1616 Σάβφι,
540 1531 581 1611 τῷ
603 1527 789 1614 τιμιωτάτῳ
813 1533 949 1614 μοναχῷ
970 1533 1025 1595 καί
1053 1536 1087 1594 ἐν
1113 1535 1212 1614 κυρίῳ
1237 1533 1336 1618 πατρί
1361 1537 1468 1618 ἡμῶν,
1498 1537 1557 1598 καί

260 1657 386 1740 Λουκᾷ,
421 1655 557 1734 μοναχῷ
586 1654 642 1715 καί
671 1653 836 1736 οίκονόμιρ
865 1661 924 1732 τῆς
958 1658 1057 1733 αδτῆς
1087 1661 1190 1732 μονῆς
1218 1660 1274 1717 τσῖι
1302 1658 1442 1736 Στθλου,
1477 1658 1559 1736 μηνὶ

260 1778 399 1858 μαρτίῳ,
423 1775 631 1850 ίνδικτιῶνος
655 1775 672 1851 β
694 1779 724 1857 †.

362 1901 383 1981 †
406 1897 485 1960 Ἐπεὶ
514 1899 563 1974 τὴν
594 1897 748 1958 ἐπιστασίαν
777 1903 826 1975 τῆς
855 1897 884 1957 ἐν
909 1896 949 1976 τῷ
975 1897 1032 1978 όρει
1058 1901 1103 1958 τοῦ
1125 1898 1233 1980 Αάτρου
1260 1906 1347 1977 μονῆς
1376 1905 1422 1962 τοῦ
1448 1901 1559 1963 Στόλου

259 2017 431 2096 ἀνεδεξάμην
458 2018 505 2080 καὶ
529 2019 574 2079 διά
595 2020 644 2095 τὴν
666 2025 719 2079 τῶν
741 2021 909 2099 πραγμάτων
934 2017 1094 2093 ἀνωμαλίαν
1116 2017 1164 2079 καί
1185 2020 1233 2096 τὴν
1257 2021 1367 2082 ἐνοῦσάν
1394 2043 1441 2097 μοι
1468 2023 1557 2082 ἀσθέ-

259 2163 333 2203 νειαν
356 2142 387 2202 οίι
410 2141 530 2214 δυνατῶς
554 2141 635 2219 ἔσχον
657 2147 690 2224 τῇ
710 2141 836 2222 λαχοθσφ
856 2161 902 2216 μοι
921 2139 1059 2222 σεβασμίφι
1078 2146 1148 2224 μονῇ
1165 2140 1330 2222 ἐνδιατρῖψαι
1344 2139 1393 2202 καὶ
1409 2141 1445 2202 δι’
1458 2143 1559 2204 ἑαυτοῦ

258 2264 308 2339 τὴν
329 2263 509 2340 ποιμαντικὴν
533 2259 726 2343 ἐπιδείξασθαι,
757 2257 835 2322 ἀλλὰ
858 2261 902 2322 διὰ
924 2261 972 2336 τὴν
997 2261 1066 2337 ἐμὴν
1093 2258 1254 2342 ἀδυναμίαν,
1283 2261 1328 2323 ναὶ
1355 2264 1409 2340 μὴν
1439 2263 1488 2326 καὶ
1520 2266 1558 2326 δι’

260 2387 356 2467 ἑτέρας
371 2382 589 2466 ἀναγκαιοτάτας
612 2383 738 2455 δουλείας
761 2385 791 2444 οθ
813 2381 895 2458 τήνδε
917 2384 966 2458 τὴν
988 2384 1051 2443 καθ’
1066 2383 1137 2459 ὑμᾶς
1160 2384 1244 2459 μονὴν
1268 2385 1353 2459 μόνην
1376 2384 1554 2469 ὠφελούσας,

259 2505 326 2567 ἀλλ’
342 2506 396 2582 ἤδη
419 2505 466 2568 καί
488 2505 553 2566 όλον
580 2508 611 2566 τό
638 2506 700 2586 όρος
726 2509 833 2584 κοινῶς,
864 2503 1016 2582 ἀποδημεῖν
1044 2505 1094 2580 μὲν
1124 2506 1205 2582 ἡμεῖς
1237 2503 1432 2582 ἐκβιαζόμεθα.
1479 2509 1495 2566 δ
1526 2507 1560 2568 δέ

259 2629 354 2690 λεῖπόν
382 2629 446 2710 ἐστι,
475 2627 510 2688 δι’
533 2628 633 2708 ἑτέρων
660 2625 692 2686 τά
715 2631 792 2708 κοινῇ
814 2626 1009 2686 λυσιτελοῦντα
1029 2629 1085 2698 τοῖς
1107 2631 1296 2702 πνευματικοῖς
1318 2630 1451 2708 πατράσιν
1473 2629 1559 2706 ἡμῶν

258 2749 305 2810 καὶ
335 2749 465 2830 ἀδελφοῖς
495 2749 738 2826 ἐπιμνηστεθεσθαι
766 2747 984 2828 προθυμοόμεθα.
1028 2745 1075 2808 καὶ
1106 2745 1150 2806 διὰ
1179 2751 1262 2807 musmo
1292 2747 1338 2808 δίο
1368 2753 1423 2808 τῶν
1453 2745 1559 2810 ἀλλων

259 2877 388 2952 μοναχῶν
413 2867 616 2952 ἀποκρίναντες,
642 2869 727 2949 ἤγουν
753 2870 793 2948 σέ,
819 2871 866 2929 τὀν
892 2863 1112 2944 οεβασμιῶτατον
1139 2869 1260 2946 μοναχδν
1287 2867 1334 2928 καὶ
1360 2870 1467 2950 πατέρα
1491 2891 1558 2950 μου,

257 2997 331 3077 κιῖριν
353 2993 457 3076 Σάβαν,
480 2991 526 3054 καὶ
549 2994 590 3065 σέ,
613 2993 658 3052 τόν
681 2991 881 3066 εθλαβέστατον
904 2991 1024 3069 μσναχδν
1040 2991 1159 3071 Λουκάν,
1181 2989 1220 3069 τῷ
1243 2991 1293 3066 μὲν
1315 2991 1365 3067 τὴν
1387 2997 1442 3051 τῶν
1458 2997 1558 3072 ψυχῶν

196 3101 201 3108 ’
259 3115 482 3192 ἐνεπιστεθσαμεν
505 3115 676 3194 ἐπιμέλειαν,
699 3112 738 3192 τῷ
761 3112 793 3174 δέ
808 3113 904 3195 Ασυκᾷ
917 3113 965 3188 τὴν
980 3117 1033 3171 τῶν
1047 3107 1226 3198 πρ[αγμάτων
1247 3117 1296 3188 πῶς
1317 3119 1403 3189 μονῆς
1426 3115 1559 3194 φροντίδα

259 3279 1421 3302 ..............................
1450 3231 1559 3320 πᾶ]σαν

257 3363 305 3437 τὴν
328 3359 479 3435 δεδομένην
503 3377 549 3433 μοι
572 3356 626 3415 άπδ
647 3361 700 3416 τῶν
724 3355 809 3436 ἱερῶν.
825 3357 946 3414 κανόνων
975 3349 1119 3439 [temeto
1147 3351 1191 3413 ἐπί
1216 3357 1272 3423 τοῖς
1303 3398 1558 3421 .......

257 3477 397 3566 άδελ]φῶν
421 3528 427 3541 .
460 3528 467 3541 .
500 3526 507 3541 .
540 3526 546 3540 .
571 3477 649 3560 ἔχῃς.
677 3474 744 3536 όδὲ
760 3477 885 3554 μοναχδς
897 3477 1007 3547 Λουκᾶς
1021 3475 1069 3551 τὴν
1084 3479 1139 3533 τῶν
1153 3477 1321 3553 πραγμάτων
1336 3479 1386 3550 τῆς
1402 3482 1491 3552 μονῆς
1506 3473 1559 3538 καὶ

255 3609 309 3664 τῶν
332 3601 465 3683 διαφόρων
489 3640 1331 3663 ......................
1354 3597 1389 3656 τὰ
1407 3600 1498 3659 πάντα
1515 3599 1560 3672 εἰς

256 3725 305 3802 σὴν
329 3719 398 3804 ἀναφ
423 3771 430 3786 .
463 3771 469 3784 .
502 3769 509 3784 .
542 3769 548 3784 .
574 3741 588 3780 ε
612 3767 618 3782 .
651 3767 658 3781 .
689 3739 740 3780 σιν.
764 3717 828 3779 δέον
843 3717 915 3794 ὑμᾶς
931 3717 1001 3794 μετὰ
1015 3717 1099 3797 φόβου
1114 3717 1176 3776 θεοῶ
1190 3715 1239 3788 τὰς
1254 3715 1480 3796 ἀνατεταγμένας
1505 3769 1513 3782 .
1550 3769 1557 3782 .

258 3895 265 3909 ,
297 3894 304 3908 .
337 3893 344 3906 .
377 3893 383 3906 .
417 3893 424 3907 .
456 3891 463 3906 .
496 3891 503 3906 .
535 3892 542 3906 .
574 3891 581 3905 .
614 3890 621 3904 .
653 3887 672 3920 .,
700 3839 744 3902 σοί
767 3841 827 3922 με’ν,
850 3839 888 3919 τῷ
911 3839 1049 3918 όσιωτάτῳ
1073 3835 1187 3916 μοναχῷ
1209 3836 1256 3898 καὶ
1282 3839 1365 3919 πατρί
1392 3856 1454 3917 μου,
1478 3839 1558 3923 κυρῷ

256 3968 344 4050 Σάβφι,
369 3966 403 4026 δι’
420 3965 581 4042 ἐπιμελείας
603 3963 724 4054 γίνεσθαι
746 3960 921 4022 ἀδιαλείπτου
935 3961 981 4020 τόν
1000 3965 1053 4020 τῶν
1073 3959 1195 4020 ἀτάκτων
1211 3966 1341 4038 μοναχῶν
1357 3960 1558 4044 ἐπιοτηριγμδν

255 4089 302 4150 καὶ
324 4089 373 4164 τὴν
394 4096 448 4148 τῶν
471 4091 592 4166 ψυχικῶν
615 4086 781 4164 σφαλμάτων
804 4083 956 4163 διόρθωσιν,
979 4081 1075 4154 ἀδείας
1098 4102 1139 4141 σοι
1154 4081 1359 4163 ἐκχωρηθείσης
1378 4085 1443 4164 παρ’
1460 4086 1557 4166 ἡμῶν,

256 4213 294 4286 μὴ
319 4211 400 4286 μόνον
424 4205 504 4295 ἐπιτ[.
536 4257 543 4272 .
577 4257 583 4270 ,
614 4204 716 4294 atheta
737 4204 876 4281 ἐπιτιμίων
901 4251 1105 4268 ......
1130 4203 1198 4264 ἀλλ’
1214 4203 1241 4262 εἴ
1253 4205 1320 4264 ποτέ
1334 4225 1375 4278 τις
1388 4211 1444 4266 τῶν
1460 4206 1557 4268 ἀδελ-

255 4337 311 4414 φῶν
333 4333 372 4408 μὴ
394 4331 433 4410 τῷ
455 4333 549 4393 κανόνι
574 4335 628 4390 τῶν
651 4334 781 4406 μσναχῶν
805 4327 925 4406 στοιχοίη
947 4325 995 4387 καὶ
1017 4327 1065 4401 τὴν
1087 4327 1239 4406 πρέπουσαν
1262 4331 1398 4406 μοναχοῖς
1420 4351 1438 4408 φ
1463 4377 1470 4390 .
1503 4379 1511 4392 .
1548 4380 1556 4393 ,

256 4475 341 4534 σασιν,
369 4453 436 4514 ἀλλ’
460 4453 568 4514 ἐναντία
594 4457 644 4528 τῆς
665 4455 851 4526 πνευματικῆς
874 4447 981 4528 φρονοίη
1006 4445 1155 4528 διαγωγῆς,
1178 4447 1313 4508 νουθετεῖν
1337 4449 1388 4524 μέν
1421 4497 1428 4512 .
1461 4497 1468 4512 .
1502 4499 1511 4513 .
1547 4501 1556 4516 ,

257 4620 699 4639 ............
729 4571 844 4650 ἀπάγειν
866 4567 913 4630 καὶ
936 4569 1100 4648 ἐπιστρέφειν
1122 4569 1189 4646 πρός
1210 4570 1241 4628 τό
1267 4570 1366 4632 καλόν.
1416 4569 1439 4632 εἰ
1463 4573 1494 4632 δέ
1519 4595 1556 4654 γε

256 4696 429 4787 ἀδιόρθίωτσς
445 4693 555 4784 μ]ε’ν[ει]
573 4696 643 4773 μετὰ
665 4688 818 4780 δευτ[ε’ραν]
843 4691 889 4753 καὶ
910 4687 1013 4776 τ[ρίτφν
1035 4685 1235 4774 π]αρ[αίνεοιν],
1259 4687 1373 4762 ἐξωθεῖν
1395 4695 1477 4755 αἰιτδν
1500 4702 1556 4774 τῆς
