3228 5294
247 335 288 400 68

246 527 318 598 ὅλας
349 527 467 601 ἑκάστης
490 524 648 600 ἑβδομάδος
674 527 781 605 ἡμέρας
807 527 897 604 πέντε,
926 522 997 585 κατὰ
1023 525 1054 585 δὲ
1077 525 1125 600 τήν
1147 532 1197 600 τῆς
1223 533 1405 607 παρασκευῆς
1437 531 1561 608 ἑσπέραν

245 647 440 722 λαμβάνοντες
473 645 603 724 εὐλογίαν
637 646 791 705 ἀπιέτωσαν
825 646 853 704 ἐν
886 649 945 718 ταῖς
983 644 1079 717 οἰκίαις
1117 647 1231 705 αίιτῶν·
1274 648 1345 708 σίιτω
1379 647 1435 730 γάρ
1469 652 1560 710 ποιεῖν

247 769 413 848 αὐθαιρέτως
445 766 518 826 αῖιτοί
548 766 709 846 προειλσντο
735 765 781 826 καί
808 765 956 848 ήτήσαντσ,
984 766 1029 824 ίνα
1053 766 1103 838 τάς
1130 766 1177 826 δύο
1207 768 1308 840 τσώτας
1337 770 1451 850 ἡμέρας
1487 771 1559 830 λου-

245 894 309 969 τροῦ
342 911 372 949 τε
409 885 457 947 καί
494 887 616 958 ἀνέσεως
649 885 695 946 καί
735 893 784 962 τῆς
823 887 893 962 μετὰ
930 892 984 945 τῶν
1023 885 1129 946 οἰκείων
1169 887 1381 964 συνδιαιτήσεως
1425 892 1560 952 ἀπολοώ-

246 1031 340 1082 νοντες
374 1008 450 1080 αὖθις
483 1014 533 1085 τῆς
563 1007 634 1084 μετὰ
663 1009 712 1081 τὴν
742 1007 872 1086 κυριακῆν
903 1007 1031 1087 δευτέρας
1060 1009 1266 1088 ἀπαυγαζοώσης
1297 1012 1425 1090 φοιτῶσιν
1457 1014 1561 1094 ὄρθρου

245 1133 314 1211 πρός
337 1131 385 1204 τὴν
408 1129 495 1206 μονὴν
517 1128 565 1189 καί
590 1135 644 1188 τῶν
673 1127 805 1188 δουλειῶν
833 1130 915 1204 αἰκῆς
943 1129 1078 1208 ἀπτοιντο,
1104 1124 1197 1202 καθώς
1218 1151 1271 1210 περ
1295 1131 1349 1211 ἄρα
1372 1131 1421 1192 καὶ
1447 1133 1560 1215 §mg

245 1275 348 1332 ποιντο,
365 1254 472 1325 ἀόκνως
485 1254 595 1324 πάντως
610 1250 656 1310 καί
671 1251 842 1332 ἀρρᾳθίιμως.
865 1255 1065 1329 παρεγγυῶμαι
1081 1249 1112 1310 δέ
1127 1249 1174 1310 καί
1190 1253 1246 1322 τοῖς
1268 1253 1404 1332 ἀδελφοῖς
1427 1275 1485 1328 μου
1501 1260 1560 1328 τοῖς

245 1381 290 1435 νῦν
319 1396 349 1436 τε
381 1370 460 1460 [οὖσι]
484 1372 532 1433 καί
555 1369 595 1444 εἰς
620 1375 651 1432 τδ
675 1374 820 1448 μετέπειτα
844 1371 982 1447 ἐσομένοις
1006 1372 1035 1431 ἐν
1060 1378 1094 1454 τῇ
1121 1372 1183 1432 καθ’
1200 1375 1276 1449 ἡμᾶς
1303 1381 1375 1456 μονῇ
1405 1380 1558 1458 μσναχοῖς,

246 1497 383 1574 μηδαμῶς
404 1517 470 1556 ποτε
497 1493 604 1570 μηδένα
631 1493 731 1553 τούτων
757 1495 817 1562 ταῖς
845 1497 898 1552 τῶν
924 1491 1063 1568 κοσμικών
1090 1490 1188 1564 οἰκίαις
1215 1493 1362 1572 ἐπιδημεῖν
1391 1495 1488 1577 πάρεξ
1511 1505 1559 1560 τοῦ

246 1619 410 1694 οἰκονόμου·
435 1611 513 1688 οὗτος
535 1615 590 1696 γάρ
613 1613 737 1694 ἀφίξεται
759 1613 888 1694 σπανίως,
912 1613 1028 1686 ὁπηνίκα
1050 1635 1090 1685 τις
1112 1614 1235 1690 ἐπισταίη
1259 1616 1369 1695 ἀνάγκη
1394 1617 1443 1678 διὰ
1466 1641 1558 1680 κατε-

245 1740 393 1818 πείγουσαν
422 1745 472 1816 τῆς
502 1742 588 1813 μονῆς
621 1735 748 1796 δουλείαν
774 1733 822 1794 καί
851 1733 1047 1814 ἀπαραίτητον,
1080 1735 1154 1811 πλὴν
1185 1735 1371 1815 ἐφεπομένους
1396 1735 1456 1814 ἔξει
1482 1743 1558 1820 οιίτῷ

245 1861 293 1922 καὶ
316 1862 363 1922 διἰο
385 1865 439 1920 τῶν
462 1859 599 1936 ἀδελφῶν.

349 1980 394 2042 ιδ’.
418 1982 511 2040 Ταῦτα
533 1975 596 2057 περὶ
618 1983 668 2052 τῆς
691 1974 766 2035 ἔνδον
791 1979 838 2035 τοῦ
861 1974 951 2050 νησίσυ
976 1980 1031 2036 τῶν
1058 1975 1165 2036 λαϊκών
1191 1983 1384 2054 κατοικήσεως
1412 1981 1559 2060 βούλομαί

245 2127 275 2166 τε
298 2103 346 2164 καί
377 2102 564 2178 διατάττομαι,
595 2099 644 2158 οἰκ
675 2098 708 2156 ἐκ
737 2101 835 2176 μικρᾶς
866 2095 990 2174 ἀνάγκης
1021 2096 1109 2156 ἐλθών
1140 2097 1179 2170 εἰς
1208 2100 1239 2157 τό
1264 2107 1359 2173 ποσῶς
1387 2103 1557 2186 ἐκχωρῆσαι

245 2231 321 2287 τοῦτο
344 2224 391 2286 καί
415 2223 591 2300 ἀνασχέσθαι,
615 2218 683 2278 ἀλλ’
699 2219 732 2277 ἐκ
754 2216 884 2296 μεγίστης
906 2237 935 2276 τε
959 2215 1005 2276 καί
1027 2218 1219 2300 ἀπαραιτήτου,
1236 2221 1275 2292 ώς
1296 2223 1558 2305 όκρυφιογνώστης

245 2345 304 2408 οἶδε
336 2349 408 2417 θεός.
444 2342 660 2422 ἐξασφαλίζομαι
688 2339 714 2398 δ’
741 2334 785 2396 οὖν
814 2336 861 2398 καί
889 2336 1023 2418 προῦργου
1053 2339 1159 2414 τίθεμαι
1187 2339 1234 2400 καί
1264 2343 1336 2417 μετὰ
1367 2345 1558 2426 σφοδρότητος

245 2470 401 2543 ἐπισκήπτω
429 2463 613 2544 συντηρείσθαι
640 2463 725 2519 ταῦτα
750 2460 820 2519 οὓτω
842 2458 889 2518 καί
912 2459 950 2534 μὴ
974 2459 1161 2536 ἀλλοιοῦσθαι.
1195 2459 1219 2520 εἰ
1243 2462 1276 2522 δέ
1298 2484 1340 2536 τις
1363 2473 1420 2526 τῶν
1444 2468 1557 2530 λαῖκιῖιν

245 2591 274 2662 ἐς
293 2593 420 2649 τοσοῦτον
440 2584 571 2654 ἀπονοίας
590 2581 636 2642 καί
658 2579 818 2656 ἰταμότητος
839 2581 974 2660 φθάσειεν,
995 2582 1033 2652 ώς
1051 2581 1190 2657 τολμήσαι
1208 2587 1319 2644 πώποτε
1339 2592 1395 2648 τῶν
1416 2591 1558 2652 τεθέντων

245 2713 315 2792 δρων
338 2710 509 2788 δλιγωρῆσαι
535 2702 583 2764 καί
612 2707 811 2782 παραχωρῆσαι
833 2708 866 2782 τῆ
890 2699 944 2783 ἰδίᾳ
966 2703 1069 2782 συζὺγῳ
1091 2706 1109 2777 ῆ
1133 2703 1243 2783 θυγατρί
1262 2706 1281 2781 ή
1301 2727 1350 2768 τινι
1374 2710 1477 2783 ἁπλῶς
1502 2736 1557 2792 γυ.

245 2830 317 2892 ναικί
346 2829 409 2889 καθ’
432 2829 574 2902 ἡντιναοῦν
604 2825 697 2900 σχέσιν
726 2826 744 2896 ῆ
776 2824 933 2900 συγγένειαν
964 2822 1035 2902 αυτῷ
1064 2828 1298 2908 προσῳκειωμένη
1334 2829 1476 2910 ἐνδατέρω
1510 2841 1558 2895 τοῦ

244 2953 337 3029 νησίου
363 2947 547 3030 παρεξελθεῖν
577 2944 620 3004 ἐπ’
643 2944 769 3018 ἀθετήσει
796 2949 850 3002 τῶν
878 2944 1004 3024 ἀνωτέρω
1033 2943 1227 3027 διωρισμένων,
1256 2948 1353 3009 αίιτίκα
1379 2957 1477 3014 τοῦτον
1509 2956 1557 3016 καί

245 3081 295 3152 τῆς
318 3075 399 3146 νήσου
420 3067 566 3136 παντελῶς
593 3062 778 3138 ἐκβάλλεσθαι
805 3063 852 3123 καί
878 3063 991 3124 πανσυδί
1021 3066 1091 3140 μετὰ
1117 3073 1170 3127 τῶν
1200 3067 1308 3130 οἰκείων
1335 3075 1448 3134 πάντων
1477 3077 1557 3138 ἀπο-

245 3192 393 3254 διώκεσθαι
429 3185 695 3268 παρακελευόμεθα,
733 3185 785 3244 κᾶν
820 3185 958 3264 χρειώδης
997 3185 1056 3264 εἴη,
1095 3189 1146 3246 κάν
1178 3188 1361 3270 διαφερόντως
1396 3194 1558 3276 ἀναγκαῖος

244 3319 304 3386 ταῖς
333 3319 382 3388 τῆς
413 3315 499 3385 μονῆς
522 3305 660 3376 δουλείαις
690 3306 903 3383 διαγινώσκοιτο.
935 3305 1011 3364 ἀλλά
1040 3307 1086 3366 καί
1117 3307 1144 3366 εἰ
1166 3331 1206 3380 τις
1232 3317 1286 3370 τῶν
1318 3322 1452 3394 μοναχῶν
1484 3323 1555 3380 πετὲ

245 3442 299 3496 τῶν
329 3437 431 3512 καιρῶν
458 3429 533 3510 παρὰ
559 3428 661 3506 φαῖιλον
689 3427 747 3503 θείη
774 3423 807 3486 τά
834 3429 1087 3503 τεθεσμοθετημένα
1116 3429 1162 3488 καί
1193 3430 1377 3494 ἀπελεύσεται
1406 3434 1476 3518 άπερ
1507 3447 1555 3501 τοῦ

245 3556 399 3632 οἰκονόμου,
422 3552 486 3630 παρ’
504 3549 617 3624 ἐντολὴν
640 3553 686 3608 τοῦ
707 3550 913 3626 καθηγουμένου
939 3551 1055 3626 πάντως,
1087 3550 1116 3609 ἐν
1143 3554 1201 3623 ταῖς
1229 3551 1327 3626 οἰκίαις
1348 3563 1405 3615 τῶν
1428 3559 1554 3636 λαϊκῶν,

245 3677 310 3736 ἔνθα
333 3673 462 3750 δηλονότι
485 3669 591 3750 γυναικί
614 3671 694 3730 αῖιτδν
718 3669 858 3746 ἐνδέχεται
882 3670 1013 3748 ἐντυχεῖν,
1043 3671 1165 3751 ἐπιτιμίῳ
1192 3675 1437 3753 καθυποβληθήτω
1461 3679 1554 3764 ξηρο-

245 3795 346 3876 ραγίας
368 3792 415 3854 καί
437 3793 546 3870 ἀποχῆς
569 3791 641 3852 οίνου
664 3791 704 3870 ἐφ’
724 3792 840 3870 ήμέραις
869 3790 978 3871 εἴκοσιν,
1007 3792 1055 3850 ἐάν
1082 3813 1134 3872 περ
1162 3793 1235 3866 ἀπαξ
1262 3795 1334 3856 τουτὶ
1360 3803 1554 3882 προπεπλημ-

244 3916 379 3992 μεληκώς
407 3915 537 3993 ἐμπινρον
565 3914 641 3984 εῖιθίις
669 3909 820 3987 ἐνδείξηται
847 3913 892 3970 τὀν
920 3912 1088 3988 μετάμελον.
1123 3913 1148 3972 εί
1174 3913 1205 3972 δέ
1231 3914 1279 3974 καί
1302 3917 1343 3990 δίς
1365 3921 1383 3993 ῆ
1408 3921 1456 3982 καί
1482 3924 1553 4004 τρίς,

244 4041 312 4119 ὅπερ
343 4037 407 4096 οίιδέ
438 4034 522 4096 εἰπεῖν
553 4035 722 4112 ἀνεχόμεθα,
757 4038 810 4092 τών
839 4039 970 4110 μοναχῶν
999 4053 1039 4105 τις
1069 4035 1190 4114 εὑρεθείη
1221 4037 1306 4110 ἀλοθς
1337 4039 1376 4117 τῷ
1406 4042 1552 4126 πανδείνῳ

243 4161 328 4238 τούτῳ
343 4156 390 4218 καί
405 4157 521 4238 δλεθρίῳ
536 4163 585 4232 τῆς
599 4161 743 4237 παρακοῆς
758 4153 805 4213 καί
820 4160 868 4229 τῆς
883 4157 1109 4232 καταφρονήσεως
1125 4151 1289 4239 ἀτσπήματι,
1310 4161 1349 4231 ώς
1370 4165 1553 4244 γάγγραιναν

243 4284 334 4340 τοῦτον
357 4276 404 4338 καὶ
427 4278 553 4355 λοιμώδη
577 4279 654 4337 νόσον
678 4277 834 4336 ἐκκοπτέτω
856 4276 871 4333 ό
894 4275 1100 4352 καθηγοίιμενος
1126 4281 1172 4338 τοῦ
1199 4280 1315 4358 εθαγοῦς
1342 4289 1393 4359 τῆς
1422 4286 1552 4368 ἀδελφέ-

242 4423 323 4479 ιητος
346 4403 471 4476 σώματος
493 4399 540 4460 καί
563 4406 616 4459 τῶν
638 4405 688 4474 τῆς
711 4403 797 4474 μονῆς
821 4396 931 4456 δικαίων
958 4399 1111 4456 παντάπασι
1139 4398 1273 4480 διωκέτω,
1296 4402 1331 4460 ἵν’
1356 4404 1412 4488 ἐχη
1437 4412 1550 4488 μαθών,
1599 4407 1603 4418 '

243 4525 281 4595 ώς
296 4523 327 4582 οἰι
342 4522 470 4602 θεοφιλὲς
485 4521 548 4581 οἰιδέ
564 4523 635 4580 δσισν
655 4519 802 4594 ιμεθιστάν
817 4515 913 4577 αἰώνια
930 4517 988 4596 δρια
1008 4520 1138 4596 πατράσιν
1158 4521 1300 4600 ἁρμοδίως
1319 4527 1547 4606 τεθεσπισμένα»

241 4643 288 4704 καί
311 4651 344 4725 τῆ
368 4643 496 4723 ἀποβολῇ
519 4647 564 4701 τοῦ
587 4640 742 4701 ἀτασθάλου
765 4640 857 4698 τοθτσυ
879 4636 925 4698 καί
949 4636 1072 4710 ἀτάκτως
1093 4646 1328 4720 περιπατήσαντος
1351 4649 1369 4722 ή
1393 4655 1470 4726 πᾶσα
1495 4663 1551 4714 τῶν
