3160 5292
1256 369 1320 436 265

41 572 80 642 τὴν
100 571 223 644 τοιαύτην
246 572 342 646 μονήν,
366 569 444 630 ἀλλὰ
465 571 542 630 τοῦτό
560 589 594 648 γε
616 571 684 648 πρός
707 569 811 630 ἐκεῖνον
834 567 944 630 δέδοται
966 569 1047 643 μόνον
1070 569 1167 648 γνωμῃ
1194 571 1243 643 τῆς
1265 571 1317 624 τῶν

41 693 178 772 ἀρχιερέων
200 689 435 771 συναθροισθείσης
462 692 582 770 συνόδου,
606 695 651 751 τοῦ
675 692 748 768 ἔχειν
772 691 866 750 ἄδειαν
884 689 1096 771 περιτραχήλιον
1115 691 1215 769 φορεῖν,
1238 686 1319 762 ἡνίκα

40 817 66 871 ἐν
84 815 156 894 παρά
178 833 251 886 τινος
272 813 365 895 κληθῇ
393 811 433 886 είς
456 813 600 891 εῦχέλαιον
623 815 641 888 ἢ
665 812 890 888 μεταλαμβάνειν
918 813 947 872 ἐν
969 809 1056 892 καιρῷ
1078 809 1185 892 χρείας,
1213 811 1243 870 οῦ
1266 810 1319 884 μὴν

38 932 130 1016 τάλλα,
153 938 205 996 ὅσα
227 936 313 1013 ψευδῆ
335 936 403 1016 πρὸς
424 935 494 1010 ὑμᾶς
517 933 564 995 καὶ
586 935 716 1013 ἀλλαχοῦ
739 931 906 1007 ἐπεδείξατο.
931 935 976 994 διά
991 953 1031 994 τοι
1052 937 1129 993 τοῦτο
1144 934 1162 1008 ή
1178 933 1320 1012 μετριότης

38 1059 106 1132 ἡμῶν
128 1063 268 1140 γράφουσα
292 1061 403 1136 εὐλογεῖ
423 1055 470 1118 καὶ
493 1062 631 1138 συγχωρεῖ
653 1060 713 1133 ῦμῖν
737 1059 830 1138 ἅπασι,
857 1057 1102 1138 παρακελευομένη
1126 1049 1195 1116 εἶναι
1223 1054 1320 1114 άνενό-

37 1182 133 1258 χλητον
154 1182 206 1257 τὴν
227 1187 309 1258 νῆσον
330 1181 428 1257 ταότην
450 1179 520 1240 κατὰ
542 1181 576 1240 τὰ
599 1179 727 1254 βασιλικὰ
750 1179 944 1260 γρυσόβουλλα
966 1177 1013 1240 καὶ
1031 1177 1213 1258 πατριαρχικὰ
1228 1173 1320 1255 σιγίλ-

37 1305 79 1364 λια
106 1303 152 1364 καὶ
181 1303 376 1364 αῦτοδέσποτον
405 1301 453 1362 καί
480 1303 637 1378 αθτόνομον.
673 1305 742 1384 πρός
768 1303 870 1374 τούτοις
898 1302 928 1362 δέ
956 1301 1140 1382 ἀποφαίνεται,
1172 1300 1218 1362 ίνα
1245 1303 1320 1382 πάση

38 1427 141 1507 σπουδῇ,
171 1425 236 1486 ἔνθα
263 1428 296 1484 δν
324 1425 366 1501 εἴη
394 1425 576 1505 καταλειφθὲν
605 1426 635 1486 τό
663 1425 827 1486 ἐπίπλαστον
849 1423 976 1506 γράμμα,
1003 1427 1133 1500 ποιήσητε
1154 1424 1252 1504 τρόπον
1275 1427 1321 1484 τοῦ

38 1550 115 1626 εῖρεῖν
143 1548 172 1607 ἐν
199 1550 280 1626 τάχει
303 1548 367 1608 αθτδ
393 1547 440 1608 καὶ
463 1549 626 1609 ἀποστεῖλαι
652 1549 719 1630 πρδς
741 1550 816 1624 ήμοῖς
838 1549 908 1623 μετὰ
931 1546 1032 1628 βάρους
1054 1546 1210 1626 θφοριομοῦ.
1235 1545 1319 1618 οὔτως

38 1668 74 1728 εῖν
96 1669 311 1752 ἀποφαινόμεθα,
337 1671 355 1744 ή
379 1669 411 1730 δὲ
432 1675 480 1731 τοῦ
502 1673 565 1732 θεοῦ
586 1673 668 1752 χάρις
689 1671 736 1731 καὶ
757 1671 789 1732 τό
812 1671 893 1744 ἐλεος
916 1669 959 1746 εἴη
982 1671 1044 1746 μεθ’
1066 1670 1151 1746 ὑμῶν.
1175 1671 1196 1750 †

131 1793 153 1868 †
177 1792 229 1851 Ἐν
252 1792 329 1870 μηνί
353 1793 489 1874 μαρτίῳ,
512 1791 720 1866 ίνδικτιῶνος
743 1791 777 1854 δ’.
802 1796 823 1875 †

130 1919 348 1976 Δναθσίυαίιαπί.
374 1921 448 1976 θίαν.
467 1923 509 1977 ΙΙ.
531 1941 581 1976 nro
598 1925 648 1978 35.
673 1923 769 1978 Edidit
792 1923 817 1977 I.
839 1921 982 1978 Saklaelion
1008 1923 1036 1976 ι’νι
1060 1921 1197 1992 periodica
1226 1915 1319 1992 Εὐοιγ-

36 2019 142 2096 γελικθς
163 2017 260 2100 κῆρυξ,
283 2045 355 2080 armo
377 2027 432 2084 XI.
449 2024 567 2096 (1866),
588 2029 817 2096 p.131-133.

241 2433 361 2501 CXIX.
387 2433 612 2520 7072-1564,
634 2457 745 2501 mense
767 2438 923 2520 ianuario,
947 2435 1012 2501 ind.
1029 2435 1103 2500 VII.

38 2585 200 2642 Ραινίανεθα
224 2585 343 2656 Ιοαεαρίν
360 2585 401 2640 ΙΙ.
425 2587 519 2640 abbati
540 2586 697 2639 monasterii
721 2585 838 2639 οονιοεείίί
864 2585 907 2639 ίαν
934 2585 1108 2638 consecrandi
1133 2603 1217 2639 novas
1240 2586 1321 2640 eccle-

502 2691 558 2744 είαο
580 2691 609 2743 in
631 2691 722 2743 εἀιιυία
745 2689 850 2743 Ραίνυο.

134 2858 336 2936 ἠ’ίωάσαφ,
379 2857 465 2934 ἐλέῳ
506 2857 581 2916 θεοῦ
622 2855 881 2936 ἀρχιεπίσκοπος
918 2856 1320 2932 Κωνσταντινουπόλεως,

39 2973 130 3060 [Νέας
153 2975 304 3060 Ῥώμης],
327 2976 383 3038 καὶ
406 2976 639 3052 οἰκουμενικθς
660 2980 880 3056 πατριάρχης.
904 2979 924 3058 †

134 3171 215 3250 †‘fl
242 3173 385 3251 μετριότης
410 3171 489 3246 ἡμῶν
517 3169 562 3228 διὰ
588 3173 634 3230 τοῦ
661 3173 794 3249 παρόντος
821 3169 903 3244 αθτής
929 3171 1091 3248 γράμματος
1119 3170 1257 3249 εῖιεργετεῖ
1282 3168 1321 3246 τῷ

38 3293 167 3370 ἐσωτάτω
199 3291 228 3351 ἐν
258 3290 464 3372 ίερομονάχοις,
496 3292 578 3370 κυρίῳ
607 3291 722 3370 Ἰωσήφ,
751 3289 790 3370 τῷ
819 3292 1017 3371 προηγουμένη)
1046 3297 1096 3366 τῆς
1124 3295 1321 3371 πατριαρχικής

39 3422 116 3490 μονῆς
147 3418 193 3474 τοῦ
223 3413 301 3491 ἁγίου
330 3409 459 3473 Ἰωάννου
488 3418 534 3473 τοῦ
557 3411 701 3492 Θεολόγου
730 3418 779 3490 τής
810 3413 839 3472 ἐν
867 3419 901 3494 τῇ
925 3414 1040 3493 Πάτμῳ,
1070 3412 1114 3471 ἵνα
1145 3413 1198 3494 ἔχη
1226 3413 1321 3473 οῖδειαν
1400 3487 1402 3493 Ι

38 3536 91 3606 τοῦς
114 3537 143 3595 ἐν
166 3535 234 3616 αῦτη
256 3533 303 3594 καί
326 3537 395 3616 μόνῃ
417 3540 451 3617 τῇ
473 3537 547 3614 νήσῳ
571 3533 604 3594 ἐκ
625 3536 686 3594 νέου
707 3535 902 3613 ἀνεγερθέντας
924 3533 971 3594 καὶ
995 3535 1033 3594 ἐτι
1056 3535 1323 3614 άνεγερθησομένους

39 3657 117 3730 θείους
139 3657 221 3728 ναοθς
244 3657 391 3732 δεομένους
413 3657 603 3735 καθιερώσεως
631 3657 701 3732 μετὰ
723 3657 897 3728 καταθέσεως
919 3655 999 3738 ίερῦν
1021 3657 1160 3735 λειψάνων
1182 3657 1253 3717 κατὰ
1274 3657 1323 3731 τὴν

40 3777 147 3856 ῖργαίαν
170 3775 322 3856 ίεροτυτίαν
344 3780 496 3859 καθιεροῦν,
524 3781 614 3858 φορεῖν
636 3799 666 3837 τε
688 3775 735 3838 καὶ
759 3777 927 3858 ἐσιγονοίτιον
956 3779 1065 3850 ἐντοῖς
1088 3781 1171 3860 ἱεραῖς
1197 3779 1323 3849 τελεταῖς
1380 3776 1383 3786 ’

39 3899 78 3958 καί
108 3903 158 3976 τἠν
192 3903 347 3979 πρέπουσαν
379 3902 453 3978 ἐχειν
483 3901 563 3976 τιμὴν
596 3899 643 3960 καί
676 3901 784 3978 ἀγάπην
814 3901 888 3980 παρὰ
916 3902 1023 3961 πάντων
1052 3903 1090 3976 μὴ
1122 3901 1322 3976 ἐναντιούμενον

40 4021 105 4092 Ξλως
130 4025 206 4102 παρά
228 4041 300 4091 τινας
321 4023 384 4101 περί
406 4043 429 4081 τι
452 4027 505 4082 τῶν
528 4022 684 4101 ἱερωμένων
706 4023 788 4100 τυχόν
810 4027 828 4098 ή
851 4022 897 4082 καί
919 4023 1027 4103 λαϊκοῦ,
1056 4023 1084 4082 ἐν
1108 4017 1211 4107 ἀ[λίιτῳ
1234 4017 1321 4107 βάρει]

39 4141 78 4201 καί
100 4143 248 4224 άφορισμῷ.
275 4143 337 4202 όθεν
360 4143 406 4203 καὶ
430 4143 470 4216 είς
492 4144 540 4218 τήν
562 4142 623 4224 περὶ
645 4145 745 4204 τούτων
769 4144 890 4219 δήλωσιν
915 4145 1024 4224 ἐγένετο
1047 4143 1094 4204 καί
1115 4145 1145 4203 τό
1167 4145 1252 4223 παρόν
1275 4147 1323 4218 τῆς

39 4265 109 4336 ἡμῶν
132 4267 306 4346 μετριότητος
330 4267 500 4346 εῦεργετικέν
522 4269 638 4346 γράμμα
661 4265 708 4326 καί
731 4265 848 4342 ἐπεδόθη
872 4264 944 4344 αῦτῷ
966 4265 1006 4338 είς
1029 4263 1177 4345 ἀσφάλειαν
1202 4265 1235 4324 ἐν
1256 4266 1323 4325 ἔτει

41 4386 107 4468 Ιζοθί,
132 4389 164 4447 ἐν
189 4387 266 4464 μηνὶ
290 4387 477 4470 ίανουαρίῳ,
501 4387 714 4460 ίνδικτιῶνος
737 4387 770 4460 ζ’.
794 4389 815 4468 †

133 4517 240 4572 Ανσθεί.
268 4517 354 4571 οίιανί.
378 4517 454 4572 Ιιθοτ.
477 4519 519 4572 II.
549 4537 598 4572 nro
619 4519 668 4574 36.
700 4519 876 4590 Μυθεφίυνκ
909 4519 1063 4572 antecedens
1101 4515 1276 4585 confirmatur
1305 4535 1324 4570 a

37 4621 191 4685 patriarcha
216 4621 401 4675 Αίεααπάνιῖοε
427 4622 538 4676 Meletio
564 4623 639 4692 Ρεφα
675 4641 746 4676 anno
773 4625 865 4691 1598,
901 4623 933 4676 cle
962 4640 1017 4692 φυσ
1047 4622 1141 4676 tabula
1175 4619 1248 4675 θίαν.
1280 4622 1320 4676 ΙΙ.

41 4741 82 4776 ιντο
104 4727 151 4780 42.
176 4725 242 4779 ῦαεσ
268 4725 362 4779 habet:
390 4721 445 4779 Τοῦ
478 4721 556 4779 αῦτοῦ
584 4715 736 4804 (Μελετίου
762 4724 808 4780 τοῦ
832 4719 926 4802 Ιίῆγα)
953 4722 1069 4800 γράμμα
1097 4720 1321 4799 ἐσφραγισμένων,
