3162 5278
1282 308 1346 376 359

57 505 145 564 τίτλων
174 503 323 584 διαρρήδην
347 503 569 590 ἀπεμραινόντων
595 505 644 580 τἠν
666 506 904 585 σταιροπηγιακὴν
927 501 1004 578 ἀξίαν
1025 503 1073 564 καί
1095 507 1175 582 χάριν
1198 508 1244 564 τοῦ
1266 501 1344 584 είρη-

58 629 130 701 μόνον
158 625 348 706 μσναστηρίον,
377 628 445 705 άπερ
473 626 580 706 ἀνάγκη
607 633 683 687 πάσα
711 628 785 706 ἔχειν
811 628 842 686 τό
868 631 950 706 κῦρος
979 625 1026 686 καὶ
1051 625 1100 702 τὴν
1128 625 1204 702 ίσχύν
1234 623 1345 706 ἀπαρά-

57 767 172 826 τρεπτον,
201 749 255 820 ἕως
278 749 339 808 ὅτου
362 748 377 806 θ
399 747 479 823 ἥλιος
501 747 546 806 τόν
572 747 641 808 ἴδιον
664 751 819 828 περιτρέχει
845 749 961 809 κύκλον·
985 748 1091 828 γεραρά
1113 747 1166 827 γάρ
1193 745 1346 808 ταῦτακαὶ

57 871 189 948 κρείττονα
218 867 310 944 πάσης
341 869 469 948 ἐπηρείας
498 867 545 929 καί
572 870 782 949 καταθραύσεως
813 872 852 942 ώς
879 871 930 930 ύπθ
958 869 1108 945 βασιλικῶν
1135 867 1182 930 καὶ
1204 870 1344 944 πομάτων

57 991 95 1050 καῖ
120 997 222 1070 χειρῶν
250 991 427 1052 θεσπισθὲντα
455 989 503 1052 καὶ
530 990 575 1052 διὰ
600 997 804 1072 πατριαρχικιῖνν
834 991 881 1052 καὶ
911 991 1056 1052 συνοθικιῦν
1078 994 1248 1070 γραμμάτων
1275 990 1342 1050 ύπσ-

57 1114 202 1190 κνρωθέντα
225 1113 297 1172 κατὰ
319 1110 489 1184 κωθικέλους
512 1111 557 1172 καὶ
580 1113 782 1192 κεφαλαιωδῶς
804 1111 851 1174 καὶ
873 1114 956 1192 μέχρι
975 1111 1053 1174 τοῦδε
1074 1111 1281 1192 διατηρούμενα,
1305 1109 1344 1182 είς

57 1233 165 1308 ἀμοιβὴν
188 1232 220 1294 δὲ
243 1239 297 1294 τών
319 1236 411 1293 κόπων
435 1235 521 1294 αύτών
544 1233 723 1312 ἀρειλόμενον
746 1235 820 1295 ἐσται
842 1238 898 1306 τοῖς
921 1234 949 1294 ἐν
972 1241 1005 1316 τῇ
1029 1235 1095 1315 αῦτη
1118 1239 1189 1315 μονῇ
1212 1233 1343 1294 ἐνασκου-

11 1377 12 1380 “
57 1357 138 1428 μένοις
167 1355 324 1426 ύσιωτάτοις
350 1357 465 1436 πατράσι
492 1357 671 1432 μνημονεύειν
698 1361 751 1416 τῶν
779 1356 920 1432 ὀνομάτων
947 1357 1034 1417 αύτών
1060 1364 1115 1416 τῶν
1142 1355 1213 1416 κατὰ
1234 1355 1344 1435 καιρούς

11 1477 12 1480 ’
57 1477 200 1556 ἐπιτρόπων
230 1475 264 1536 ἐκ
289 1479 336 1536 τοῦ
363 1476 550 1554 εὐλογημένοι
578 1477 714 1557 ρονρετῖσν
740 1483 794 1538 τών
817 1477 994 1558 γοοναράδων
1023 1481 1105 1538 ἕνεκα
1134 1482 1188 1538 τών
1219 1477 1343 1557 ἀγώνων,

56 1599 96 1668 οῦς
125 1597 329 1672 καταβαλοῦσα
363 1596 404 1670 είς
437 1597 611 1660 ἐκθούλενσιν
644 1605 691 1660 τοῦ
725 1597 868 1679 εἰρημένον
902 1600 1081 1680 μοναστηρίοο
1115 1597 1161 1658 καί
1194 1597 1344 1677 ὁμολογεῖν

57 1719 135 1792 αἰτεῖς
161 1719 213 1792 τάς
236 1721 353 1799 χάριτας
378 1717 425 1780 καί
452 1720 491 1795 μὴ
519 1719 688 1796 ἀγνωμονεῖν
714 1721 782 1799 πρός
809 1721 913 1792 αύτούς.
944 1721 1043 1780 τούτων
1066 1719 1111 1780 σύν
1135 1719 1219 1791 ούτως
1245 1719 1343 1792 καλῶς

56 1841 254 1918 ἀποφανθέντων
285 1838 332 1902 καί
361 1841 527 1902 ἐκτεθέντων
557 1839 604 1902 καί
635 1839 710 1902 ἐσαεὶ
742 1841 955 1923 ἀπαρατρέπτων
986 1841 1123 1916 διαμένειν
1156 1840 1276 1918 ἐχόντων
1304 1839 1343 1912 είς

54 1961 160 2022 πλείονα
183 1961 318 2037 διαμονὴν
339 1961 386 2022 καὶ
409 1965 565 2042 ονντηρησιν
590 1959 755 2043 ἐπαρώμεθα
777 1965 834 2036 τοῖς
857 1963 1035 2043 ἀνατρέψουσι
1056 1967 1141 2024 ταῦτα
1162 1961 1210 2022 καὶ
1232 1983 1341 2042 παρεγ-

54 2087 234 2166 χαράττουσιν,
262 2085 358 2155 οἵτινες
386 2079 566 2164 ἀφωρισμέναι
595 2084 688 2160 εἴησαν
713 2085 787 2164 παρὰ
814 2085 877 2146 θεοῦ
903 2083 951 2146 καὶ
972 2085 1158 2164 κατηραμένοι
1185 2081 1232 2144 καὶ
1254 2083 1341 2164 ἀσύγ-

54 2209 167 2286 χύρητοι
196 2204 243 2266 καί
273 2208 373 2277 πάσαις
399 2209 458 2276 ταῖς
484 2210 626 2287 πατρικαῖς
657 2205 704 2266 καί
731 2205 882 2278 συνοθικαῖς
910 2205 989 2286 ἀραῖς
1015 2205 1153 2266 ὑπεύθυνοι
1179 2203 1227 2266 καί
1250 2206 1342 2283 ἔνοχοι

54 2327 87 2406 τῷ
112 2325 244 2406 πυρίτης
266 2329 375 2405 γεένης.
408 2329 469 2388 όθεν
494 2325 532 2398 εἰς
556 2323 669 2400 ἔνδειξιν
693 2317 817 2404 ἀπελύθη
844 2327 892 2388 καί
914 2327 1025 2407 ἐγένετο
1047 2328 1078 2387 τ“ο
1099 2329 1185 2408 παρόν
1207 2328 1341 2406 ἡμέτερον

54 2451 240 2530 πατριαρχικόν
269 2448 318 2510 καὶ
346 2449 486 2510 συνοδικθν
518 2448 655 2526 οιγίλλιον
682 2451 711 2510 ἐν
742 2449 914 2529 μεμβράνοις
942 2451 1059 2530 γράμμα
1088 2447 1136 2509 καὶ
1165 2445 1341 2530 κατεστρώθη

55 2571 100 2629 κάν
125 2572 165 2651 τῷ
194 2571 260 2652 ἱερῷ
291 2571 388 2632 κώδικι
422 2577 471 2646 τῆς
500 2575 546 2632 τοῦ
571 2573 687 2650 Χριστοῦ
720 2573 850 2652 μεγάλης
887 2573 1038 2648 ἐκκλησίας
1072 2569 1111 2644 εἰς
1144 2573 1258 2647 μόνιμον
1295 2568 1343 2630 καὶ

56 2693 157 2770 διηνεκῆ
191 2697 367 2772 παράστασιν.
409 2693 442 2754 ἐν
478 2693 543 2754 ἐτει
574 2695 722 2774 σωτηρίῳ
748 2693 911 2772 χιλιοστῴ
944 2689 1192 2770 ἐπτακοσισστῷ
1219 2692 1341 2770 όγδοη-

54 2813 160 2894 κσστῷ,
185 2815 270 2874 κατὰ
293 2820 382 2890 μῆνα
407 2813 534 2894 ῖούνιον,
559 2814 789 2890 ἐπινεμήοεως
812 2815 959 2889 δεκάτης
981 2814 1102 2893 τρίτης.
1127 2815 1148 2889 †

147 2956 394 3035 γΣωρρόνιος,
429 2953 515 3033 ἐλέῳ
544 2955 620 3016 θεοῦ
650 2955 911 3035 ἀρχιεπίσκοπος
939 2951 1342 3028 Κωνσταντινσυπόλεως,

56 3075 135 3148 Νέας
157 3077 303 3154 Ῥώμης,
326 3073 382 3134 καί
405 3073 639 3150 οἰκουμενικύς
662 3071 880 3156 πατριάρχης.
904 3077 925 3156 †

56 3213 126 3288 †·0
149 3215 286 3294 Ἐρέσου
308 3215 478 3290 Σαμουὴλ.
502 3215 523 3292 †
719 3217 741 3294 †
766 3216 800 3273 ‘0
826 3261 1110 3276 ........
1135 3215 1155 3288 †

55 3335 73 3408 ί·
96 3337 125 3396 Ὁ
149 3339 299 3416 Σμύρνης
324 3337 524 3415 Προκόπιος.
548 3337 569 3412 †
719 3339 740 3416 †
765 3337 800 3395 ‘0
825 3383 1111 3397 ........
1136 3337 1157 3414 †

55 3457 73 3529 †
95 3459 125 3516 '0
149 3459 355 3538 Ἡρακλείας
378 3457 553 3529 Μεθόδιος.
577 3459 598 3534 †
719 3453 799 3538 †⁸0
825 3504 830 3516 .
857 3507 863 3519 ,
889 3507 895 3518 .
922 3507 928 3518 .
953 3457 1122 3530 Ἀκοίκιος
1146 3460 1166 3534 †

55 3577 73 3650 †
94 3579 125 3636 Ὀ
146 3581 269 3653 Βιζύης
293 3579 467 3658 Γερμανός.
490 3579 511 3658 †

148 3723 293 3794 Archetyp.
318 3723 425 3778 membr.
450 3742 509 3777 cum
532 3723 607 3778 ύιιίία
624 3723 764 3793 ptumtea.
789 3725 865 3778 Flor.
885 3725 925 3778 11.
950 3742 998 3778 nro
1016 3726 1065 3778 84.

198 4077 331 4144 CLVII.
358 4077 583 4161 7288-1780,
608 4077 659 4142 die
682 4078 712 4141 4.
736 4079 855 4142 mensis
878 4077 954 4161 iulii,
981 4075 1055 4164 tind.
1079 4075 1183 4164 Xffl].

58 4223 209 4282 Patriarcta
232 4226 399 4296 Sophrom'us
417 4227 456 4279 II.
482 4226 622 4294 confirmat
645 4227 716 4292 iura,
737 4225 896 4294 priviteyia‚
920 4225 1119 4278 constitutiones
1144 4231 1169 4278 et
1191 4224 1340 4277 libertatem

611 4329 775 4383 monasterii.

148 4516 391 4594 ύΣωρρόνιος,
427 4515 514 4591 ἐλέῳ
544 4515 620 4574 θεοῦ
650 4513 911 4593 ἀρχιεπῖσκοπος
938 4513 1338 4591 Κωντταντινουπόλεως,

56 4631 135 4705 Νέας
157 4637 298 4712 Ῥώμης,
322 4631 378 4696 καὶ
401 4635 635 4728 οίκουμενικύς
657 4637 877 4714 πατριάρχης.
903 4637 924 4714 †
