3186 5286
1286 340 1350 406 407

60 533 177 604 ancbi,
207 533 318 592 tiranni
347 539 378 592 et
404 535 551 594 communi
577 535 690 594 inimici
719 536 750 594 di
772 543 871 594 nostra
893 541 977 595 santa
1001 537 1079 604 sede,
1104 536 1299 596 immaltratar
1321 542 1352 596 et

59 637 261 714 thanneggiar
274 639 415 714 soglionc‚
439 643 471 698 et
491 639 679 718 importando
701 660 719 698 s
742 641 819 700 detti
840 640 926 718 padri
948 645 1128 700 remanente
1143 641 1257 718 riparar
1275 662 1293 700 e
1309 641 1351 700 ri-

59 743 188 802 mediare
217 763 236 800 a
262 741 342 800 simil
372 762 503 803 successo
529 749 560 802 et
586 744 727 804 evidente
757 745 868 816 darno,
899 745 1075 804 desiderans
1106 746 1261 806 conferirsi
1291 747 1349 805 alle

58 849 134 926 parti
157 847 334 910 occidentali
357 853 388 907 et
409 867 463 926 per
485 855 564 908 tutta
585 851 614 908 la
636 847 825 910 christianitd
850 870 903 928 per
929 850 1106 926 rsocogliero
1132 853 1218 910 alcun
1242 853 1350 912 elemo-

58 954 120 1011 sina
143 953 175 1010 in
197 951 341 1012 benefimo
363 953 393 1010 di
417 973 480 1012 esso
504 953 689 1015 monasterio.
725 956 750 1012 E
773 951 843 1032 perd
865 957 894 1012 n'
908 955 1006 1014 hanno
1028 955 1224 1014 bumilmenta
1239 955 1351 1034 suppli·

58 1063 129 1129 cato,
154 1058 177 1115 li
191 1059 348 1118 volessimo
369 1059 530 1118 concedere
552 1059 581 1118 la
603 1060 731 1136 presenti
752 1065 850 1118 nostre
870 1061 977 1118 lettere
996 1060 1121 1136 patenti,
1144 1057 1282 1119 acciocbb
1297 1079 1352 1138 per

58 1163 78 1220 il
101 1162 217 1221 camino
240 1181 256 1220 e
278 1163 340 1220 loro
362 1161 481 1240 visggio
504 1183 562 1222 non
584 1163 624 1239 gli
656 1164 700 1222 sia
726 1165 795 1224 dato
824 1165 1049 1242 impedimento,
1079 1159 1116 1224 nd
1146 1165 1279 1224 disturbo
1308 1167 1351 1223 al·

57 1287 140 1328 enno.
176 1269 318 1326 Pernnto
339 1287 357 1325 a
379 1267 450 1326 tutti
475 1287 491 1326 e
514 1268 651 1327 oiascnno
678 1267 708 1326 di
735 1269 785 1328 voi
811 1269 1067 1328 affettuossmente
1090 1269 1270 1346 pregbiamc‚
1295 1271 1351 1328 che

58 1392 109 1448 per
131 1371 327 1450 qualsivoglia
349 1377 432 1448 parts
454 1372 486 1430 di
508 1377 608 1433 vostre
631 1372 856 1448 giurisdittioni‚
888 1373 946 1432 alla
972 1375 1057 1452 quale
1085 1373 1141 1432 essi
1169 1375 1255 1451 padri
1286 1373 1350 1434 sive

58 1483 136 1535 terra
159 1475 223 1536 sive
242 1476 317 1534 mari
337 1473 478 1535 accaderd
492 1495 609 1554 pessare
625 1497 642 1534 o
657 1477 770 1548 venire,
787 1455 1000 1549 'sicuramente
1025 1479 1081 1536 alla
1096 1478 1198 1550 libera,
1222 1479 1351 1537 senz’al-

57 1601 112 1640 cun
133 1581 267 1640 distnrbo
290 1599 306 1638 o
329 1581 405 1639 altro
428 1580 641 1658 impedimento
663 1581 685 1640 li
708 1581 828 1641 lasciate
851 1603 868 1640 e
890 1581 1014 1641 fasciato
1030 1589 1117 1654 stare,
1141 1601 1266 1660 pessare,
1291 1587 1350 1641 tor-

58 1707 126 1746 nare
151 1706 167 1744 e
191 1687 307 1764 quando
329 1707 346 1744 a
368 1687 431 1746 loro
454 1683 571 1764 piacerd
592 1687 713 1764 pertire,
747 1689 888 1746 telmente
919 1689 974 1747 ohe
1002 1708 1055 1765 per
1076 1707 1158 1746 amor
1180 1707 1197 1746 e
1220 1691 1349 1746 contem·

57 1792 187 1868 platione
210 1797 311 1849 nostra
333 1791 355 1848 li
379 1791 454 1850 detti
478 1791 562 1868 padri
578 1791 743 1850 Athanasio
766 1798 797 1851 et
812 1791 932 1852 Eremia
953 1812 1011 1850 non
1036 1791 1060 1850 si
1083 1791 1123 1868 gli
1147 1791 1349 1862 dialceticis,

56 1893 93 1954 nb
116 1895 278 1954 ritentione
299 1897 413 1966 alcuna,
437 1895 504 1954 ansi
527 1895 552 1952 si
576 1895 626 1954 dio
647 1896 728 1972 larga
751 1897 912 1956 elemosina
933 1916 987 1974 per
1007 1895 1142 1956 l’effettn
1166 1897 1303 1954 suddetto
1319 1901 1350 1954 et

56 2001 125 2076 ogni
148 2005 311 2078 opportuno
334 1999 415 2058 aiuto
438 2005 469 2058 et
491 2001 602 2071 lavore,
626 2019 693 2059 cosa
715 2002 805 2078 digne
827 2003 858 2059 di
880 2001 940 2074 voi,
964 2001 1061 2078 giusta
1083 2006 1114 2059 et
1136 2021 1154 2058 a
1173 1999 1261 2058 Iddio
1284 2019 1349 2075 gra·

57 2107 170 2165 tissima
200 2110 231 2164 et
264 2105 302 2163 da
331 2105 598 2182 ricompensarvela
628 2107 664 2164 da
695 2107 743 2164 noi
775 2125 829 2165 con
859 2108 962 2182 egualo
992 2111 1023 2164 et
1053 2105 1186 2182 maggior
1214 2105 1347 2175 servitio,

56 2211 172 2289 quando
192 2209 422 2268 dall’occssione
443 2218 482 2267 'rie
504 2229 617 2268 saremo
640 2209 787 2288 riquiesti.
811 2213 848 2269 In
871 2211 954 2269 cirine
976 2211 1020 2268 rei
1044 2207 1247 2270 testimonium
1271 2209 1349 2266 hulla

56 2321 156 2374 nostra
179 2313 356 2391 magistralis
384 2314 415 2372 in
439 2335 506 2373 cera
528 2315 613 2390 nigra
635 2317 821 2393 presentibus
844 2321 889 2374 est
912 2315 1062 2393 impressa.
1097 2315 1226 2374 Datum
1248 2313 1347 2372 Meli·

56 2426 126 2491 tae,
156 2419 192 2478 in
222 2425 400 2479 conventu
433 2425 565 2490 nostro,
601 2421 659 2480 die
693 2426 796 2480 sexta
825 2419 954 2480 mensis
984 2419 1126 2498 aprilis,
1157 2418 1350 2478 millesimo

57 2525 317 2584 sexcentesimo
339 2529 450 2583 sexto.

160 2626 221 2688 Bi·
242 2630 278 2688 in
301 2629 463 2687 cancell⁸.

375 2776 378 2785 .
434 2733 487 2791 Fr.
512 2735 680 2792 Emannel
703 2733 897 2804 Kebcdino,
922 2735 1002 2809 Reg.
1027 2723 1305 2811 Cancellalriusl

158 2851 236 2903 Arcb.
256 2851 364 2902 membr.
385 2867 445 2902 cum
464 2851 552 2917 sigillo
572 2852 699 2917 magistri.
719 2851 749 2900 Ο.
770 2851 865 2916 Reyet,
883 2867 909 2916 p.
929 2851 1075 2900 uae-237.

255 3067 365 3134 XXII.
391 3067 621 3152 ‘lile-1608,
645 3066 696 3132 25.
720 3067 839 3132 mensis
861 3065 969 3153 aprilis
991 3064 1069 3153 [ind.
1093 3063 1162 3151 vl].

55 3201 181 3252 Monacbi
198 3201 322 3252 coenobii
336 3201 361 3251 S.
375 3199 503 3250 lobannis
516 3203 612 3266 rogant
623 3173 818 3266 aprincipibus
831 3199 977 3250 occidentis
990 3197 1120 3250 auxilium
1133 3206 1227 3252 contra
1238 3203 1347 3254 Turcas.

160 3355 306 3414 Extrait
336 3356 377 3412 dc
407 3355 440 3412 la
468 3353 676 3412 traduction
707 3355 814 3412 d’uue
845 3355 955 3411 lettre
985 3373 1052 3411 aux
1078 3354 1222 3430 princes
1245 3357 1349 3413 d’Eu·

56 3482 149 3539 rope,
162 3459 293 3520 remise
307 3479 375 3518 aux
392 3459 523 3518 moines
541 3459 758 3518 Athanasios
774 3463 807 3516 ct
825 3457 1027 3516 Hieremias
1042 3459 1075 3518 le
1092 3463 1131 3516 ab
1149 3460 1241 3518 avril
1257 3464 1348 3518 1605.

160 3565 218 3624 Sed
242 3564 362 3622 basilica
384 3565 496 3642 inclyta
517 3563 590 3622 baec
609 3563 774 3640 regalisque
793 3563 856 3620 eius
875 3563 1013 3638 splendor
1027 3565 1167 3637 grandem
1183 3569 1215 3622 et
1230 3585 1349 3640 gravem

56 3671 214 3729 admodum
226 3670 256 3727 in
270 3688 370 3727 casnm
380 3689 468 3726 ruens
480 3668 650 3744 ingentibus
662 3667 802 3744 periculis
816 3668 872 3724 hoo
888 3670 1020 3742 tempore
1032 3668 1225 3740 obnoxiaest,
1242 3669 1350 3746 quippe

57 3776 186 3852 undique
214 3779 327 3833 mnu
352 3777 383 3830 et
404 3773 468 3831 fere
489 3775 610 3832 redacta
631 3773 663 3830 in
685 3772 813 3830 nihilum
835 3771 1040 3849 frequentibus
1059 3773 1276 3831 calamitatibus
1290 3774 1349 3831 fre-

56 3887 145 3950 trum,
177 3897 302 3956 quornm
331 3877 363 3935 iu
391 3877 454 3936 dies
484 3879 579 3936 ferme
608 3877 798 3954 captivitates
827 3877 1006 3946 referuntur,
1038 3876 1181 3934 nimirum
1210 3877 1349 3936 continno

56 3991 230 4046 vexatorum
253 4003 312 4042 una
334 3989 365 4041 et
387 3983 545 4042 incessanti
568 3981 773 4060 persecutione
796 3981 925 4040 filiorum
940 3984 1031 4060 Agar,
1054 3981 1104 4059 qui
1128 3981 1259 4040 contenti
1275 4001 1349 4039 nnn·

56 4111 144 4168 qnam
165 4109 263 4148 annua
285 4095 483 4146 trecentarum
505 4089 744 4146 didrachmarum
766 4087 831 4146 auri
854 4087 941 4146 solidi
965 4087 1163 4164 pensitatione
1182 4085 1273 4144 etiam
1292 4086 1351 4144 alis

56 4201 86 4253 et
108 4194 212 4270 mavia
234 4197 266 4252 et
287 4191 485 4251 intolerabilia
512 4192 646 4250 indicunt
672 4198 703 4248 et
729 4191 954 4266 superindicunt
981 4191 1062 4248 uobis
1091 4209 1189 4262 onera,
1221 4191 1350 4268 dumque

57 4299 181 4358 nocendi
212 4303 243 4356 et
276 4297 422 4372 spoliandi
452 4301 530 4356 artos
565 4295 759 4372 conquirunt,
792 4295 874 4352 mille
903 4295 1023 4353 fraudes
1052 4293 1206 4353 fraudibus
1237 4293 1348 4352 indesi-

57 4411 163 4462 nenter
186 4403 216 4460 in
239 4421 291 4460 nos
312 4405 460 4460 atterunt.
486 4403 594 4458 Verum
616 4399 736 4460 noviter
758 4418 839 4456 mera
861 4397 977 4458 invidia
998 4399 1081 4470 moti,
1109 4400 1185 4477 quod
1207 4397 1350 4457 Christis-

56 4529 162 4567 norum
184 4507 321 4565 triremes
348 4507 488 4583 quasdam
510 4505 728 4582 excepissemus
753 4503 933 4574 humaniter,
963 4504 999 4560 ad
1029 4503 1206 4562 solutionem
1236 4507 1350 4580 septem

57 4613 185 4672 millium
208 4630 361 4672 nummum
390 4629 546 4670 aureorum
568 4611 736 4687 compulere
759 4627 811 4667 nos
834 4613 865 4667 et
887 4607 1021 4684 adigunt,
1052 4608 1145 4685 captis
1174 4613 1205 4665 et
1231 4607 1263 4664 in
1289 4627 1349 4666 ser·

57 4717 166 4776 vitium
200 4717 323 4775 retentis
357 4715 464 4794 misere
494 4715 626 4794 patribus
655 4720 686 4773 et
715 4713 866 4773 monacbis
896 4717 1018 4791 septeni,
1049 4713 1123 4774 viris
1152 4733 1190 4772 ex
1217 4713 1349 4790 praefato
