<?xml version="1.0" encoding="UTF-8"?>
<!DOCTYPE html PUBLIC "-//W3C//DTD XHTML 1.0 Transitional//EN"
    "http://www.w3.org/TR/xhtml1/DTD/xhtml1-transitional.dtd">
<html xmlns="http://www.w3.org/1999/xhtml" xml:lang="en" lang="en">
 <head>
  <title>
</title>
<meta http-equiv="Content-Type" content="text/html;charset=utf-8" />
  <meta name='ocr-system' content='tesseract 3.04.00' />
  <meta name='ocr-capabilities' content='ocr_page ocr_carea ocr_par ocr_line ocrx_word'/>
</head>
<body>
  <div class='ocr_page' id='page_1' title='image "./actaetdiplomata02miklgoog_0445.png"; bbox 0 0 3186 5286; ppageno 0'>
   <div class='ocr_carea' id='block_1_1' title="bbox 249 327 314 390">
    <p class='ocr_par' dir='ltr' id='par_1_1' title="bbox 249 327 314 390">
     <span class='ocr_line' id='line_1_1' title="bbox 249 327 314 390; baseline 0 0"><span class='ocrx_word' id='word_1_1' title='bbox 249 327 314 390; x_wconf 88' lang='grc'>430</span> 
     </span>
    </p>
   </div>
   <div class='ocr_carea' id='block_1_2' title="bbox 243 519 1543 2678">
    <p class='ocr_par' dir='ltr' id='par_1_2' title="bbox 243 519 1543 2678">
     <span class='ocr_line' id='line_1_2' title="bbox 251 519 1538 600; baseline -0.001 -20"><span class='ocrx_word' id='word_1_2' title='bbox 251 521 346 582; x_wconf 85' lang='grc' dir='ltr'>αύτίκα</span> <span class='ocrx_word' id='word_1_3' title='bbox 368 519 415 581; x_wconf 90' lang='grc' dir='ltr'>καί</span> <span class='ocrx_word' id='word_1_4' title='bbox 436 522 485 596; x_wconf 75' lang='grc' dir='ltr'>πἠν</span> <span class='ocrx_word' id='word_1_5' title='bbox 507 523 588 596; x_wconf 82' lang='grc' dir='ltr'>τιμὴν</span> <span class='ocrx_word' id='word_1_6' title='bbox 609 524 664 593; x_wconf 90' lang='grc' dir='ltr'>τοῖς</span> <span class='ocrx_word' id='word_1_7' title='bbox 687 524 834 596; x_wconf 87' lang='grc' dir='ltr'>μονααπαῖς</span> <span class='ocrx_word' id='word_1_8' title='bbox 856 527 906 596; x_wconf 87' lang='grc' dir='ltr'>τῆς</span> <span class='ocrx_word' id='word_1_9' title='bbox 928 525 1015 596; x_wconf 88' lang='grc' dir='ltr'>μονῆς</span> <span class='ocrx_word' id='word_1_10' title='bbox 1037 519 1083 580; x_wconf 92' lang='grc' dir='ltr'>καὶ</span> <span class='ocrx_word' id='word_1_11' title='bbox 1105 523 1135 581; x_wconf 92' lang='grc' dir='ltr'>τ“ο</span> <span class='ocrx_word' id='word_1_12' title='bbox 1163 521 1271 581; x_wconf 80' lang='grc' dir='ltr'>κλεινδν</span> <span class='ocrx_word' id='word_1_13' title='bbox 1299 521 1387 580; x_wconf 87' lang='grc' dir='ltr'>ἐκεῖνο</span> <span class='ocrx_word' id='word_1_14' title='bbox 1413 527 1462 596; x_wconf 89' lang='grc' dir='ltr'>τῆς</span> <span class='ocrx_word' id='word_1_15' title='bbox 1486 521 1538 600; x_wconf 87' lang='grc' dir='ltr'>αἰρ-</span> 
     </span>
     <span class='ocr_line' id='line_1_3' title="bbox 248 641 1540 724; baseline -0.001 -21"><span class='ocrx_word' id='word_1_16' title='bbox 248 649 312 724; x_wconf 88' lang='grc' dir='ltr'>χῆς,</span> <span class='ocrx_word' id='word_1_17' title='bbox 336 644 374 716; x_wconf 87' lang='grc' dir='ltr'>ὡς</span> <span class='ocrx_word' id='word_1_18' title='bbox 390 643 503 724; x_wconf 82' lang='grc' dir='ltr'>εἴρηται,</span> <span class='ocrx_word' id='word_1_19' title='bbox 531 643 616 718; x_wconf 74' lang='grc' dir='ltr'>ὄνομα</span> <span class='ocrx_word' id='word_1_20' title='bbox 632 644 719 702; x_wconf 89' lang='grc' dir='ltr'>πάλαι</span> <span class='ocrx_word' id='word_1_21' title='bbox 740 644 857 722; x_wconf 82' lang='grc' dir='ltr'>γεγονδς</span> <span class='ocrx_word' id='word_1_22' title='bbox 879 642 1028 723; x_wconf 76' lang='grc' dir='ltr'>ὑπερόριον,</span> <span class='ocrx_word' id='word_1_23' title='bbox 1051 641 1239 723; x_wconf 85' lang='grc' dir='ltr'>πατριαρχικῷ</span> <span class='ocrx_word' id='word_1_24' title='bbox 1260 643 1328 722; x_wconf 82' lang='grc' dir='ltr'>πρδς</span> <span class='ocrx_word' id='word_1_25' title='bbox 1341 642 1438 719; x_wconf 83' lang='grc' dir='ltr'>ταύτην</span> <span class='ocrx_word' id='word_1_26' title='bbox 1455 641 1540 702; x_wconf 87' lang='grc' dir='ltr'>ἐπαν-</span> 
     </span>
     <span class='ocr_line' id='line_1_4' title="bbox 249 759 1541 846; baseline -0.003 -20"><span class='ocrx_word' id='word_1_27' title='bbox 249 768 325 845; x_wconf 85' lang='grc' dir='ltr'>άγειν</span> <span class='ocrx_word' id='word_1_28' title='bbox 356 766 445 846; x_wconf 85' lang='grc' dir='ltr'>ἔκρινε</span> <span class='ocrx_word' id='word_1_29' title='bbox 478 767 627 844; x_wconf 81' lang='grc' dir='ltr'>γράμματι.</span> <span class='ocrx_word' id='word_1_30' title='bbox 671 761 730 824; x_wconf 83' lang='grc' dir='ltr'>ἐπεὶ</span> <span class='ocrx_word' id='word_1_31' title='bbox 766 764 797 824; x_wconf 87' lang='grc' dir='ltr'>δὲ</span> <span class='ocrx_word' id='word_1_32' title='bbox 834 759 868 823; x_wconf 83' lang='grc' dir='ltr'>τά</span> <span class='ocrx_word' id='word_1_33' title='bbox 896 769 946 839; x_wconf 85' lang='grc' dir='ltr'>τῆς</span> <span class='ocrx_word' id='word_1_34' title='bbox 974 765 1087 842; x_wconf 77' lang='grc' dir='ltr'>γνώμης</span> <span class='ocrx_word' id='word_1_35' title='bbox 1118 763 1279 843; x_wconf 83' lang='grc' dir='ltr'>ἐδραιῶσύαι</span> <span class='ocrx_word' id='word_1_36' title='bbox 1309 763 1355 824; x_wconf 90' lang='grc' dir='ltr'>καί</span> <span class='ocrx_word' id='word_1_37' title='bbox 1388 764 1462 844; x_wconf 90' lang='grc' dir='ltr'>παρὰ</span> <span class='ocrx_word' id='word_1_38' title='bbox 1489 769 1541 838; x_wconf 84' lang='grc' dir='ltr'>τῆς</span> 
     </span>
     <span class='ocr_line' id='line_1_5' title="bbox 247 884 1540 969; baseline -0.002 -22"><span class='ocrx_word' id='word_1_39' title='bbox 247 889 384 966; x_wconf 73' lang='grc' dir='ltr'>ἡμετέρας</span> <span class='ocrx_word' id='word_1_40' title='bbox 406 886 548 962; x_wconf 90' lang='grc' dir='ltr'>βασιλείας</span> <span class='ocrx_word' id='word_1_41' title='bbox 572 886 679 964; x_wconf 80' lang='grc' dir='ltr'>ἐδέησε,</span> <span class='ocrx_word' id='word_1_42' title='bbox 702 887 732 945; x_wconf 83' lang='grc' dir='ltr'>τδ</span> <span class='ocrx_word' id='word_1_43' title='bbox 756 887 842 964; x_wconf 84' lang='grc' dir='ltr'>παρδν</span> <span class='ocrx_word' id='word_1_44' title='bbox 863 884 958 945; x_wconf 84' lang='grc' dir='ltr'>αὐτίκα</span> <span class='ocrx_word' id='word_1_45' title='bbox 979 885 1105 966; x_wconf 84' lang='grc' dir='ltr'>ἐπορέγει</span> <span class='ocrx_word' id='word_1_46' title='bbox 1118 887 1186 965; x_wconf 86' lang='grc' dir='ltr'>πρδς</span> <span class='ocrx_word' id='word_1_47' title='bbox 1205 884 1351 961; x_wconf 77' lang='grc' dir='ltr'>βεβαίωσιν</span> <span class='ocrx_word' id='word_1_48' title='bbox 1369 888 1540 969; x_wconf 82' lang='grc' dir='ltr'>πρόσταγμα,</span> 
     </span>
     <span class='ocr_line' id='line_1_6' title="bbox 248 1005 1540 1088; baseline -0.001 -21"><span class='ocrx_word' id='word_1_49' title='bbox 248 1011 309 1070; x_wconf 75' lang='grc' dir='ltr'>ὅθεν</span> <span class='ocrx_word' id='word_1_50' title='bbox 338 1009 385 1070; x_wconf 90' lang='grc' dir='ltr'>καί</span> <span class='ocrx_word' id='word_1_51' title='bbox 407 1013 567 1088; x_wconf 82' lang='grc' dir='ltr'>προστάσσει</span> <span class='ocrx_word' id='word_1_52' title='bbox 591 1007 636 1067; x_wconf 82' lang='grc' dir='ltr'>διά</span> <span class='ocrx_word' id='word_1_53' title='bbox 657 1008 749 1068; x_wconf 84' lang='grc' dir='ltr'>τούτου</span> <span class='ocrx_word' id='word_1_54' title='bbox 771 1005 818 1066; x_wconf 87' lang='grc' dir='ltr'>καὶ</span> <span class='ocrx_word' id='word_1_55' title='bbox 842 1005 984 1086; x_wconf 73' lang='grc' dir='ltr'>διορίζεται</span> <span class='ocrx_word' id='word_1_56' title='bbox 1006 1007 1064 1083; x_wconf 89' lang='grc' dir='ltr'>τῆςΙ</span> <span class='ocrx_word' id='word_1_57' title='bbox 1083 1013 1185 1084; x_wconf 79' lang='grc' dir='ltr'>σεμνῆς</span> <span class='ocrx_word' id='word_1_58' title='bbox 1214 1005 1261 1066; x_wconf 88' lang='grc' dir='ltr'>καί</span> <span class='ocrx_word' id='word_1_59' title='bbox 1289 1006 1364 1079; x_wconf 81' lang='grc' dir='ltr'>αάύις</span> <span class='ocrx_word' id='word_1_60' title='bbox 1393 1007 1540 1068; x_wconf 70' lang='grc' dir='ltr'>ἀπολαύειν</span> 
     </span>
     <span class='ocr_line' id='line_1_7' title="bbox 246 1128 1541 1211; baseline -0.003 -19"><span class='ocrx_word' id='word_1_61' title='bbox 246 1130 356 1206; x_wconf 87' lang='grc' dir='ltr'>ταυτησὶ</span> <span class='ocrx_word' id='word_1_62' title='bbox 378 1132 561 1211; x_wconf 69' lang='grc' dir='ltr'>προσηγορίας</span> <span class='ocrx_word' id='word_1_63' title='bbox 588 1128 634 1190; x_wconf 90' lang='grc' dir='ltr'>καὶ</span> <span class='ocrx_word' id='word_1_64' title='bbox 656 1131 786 1206; x_wconf 80' lang='grc' dir='ltr'>κλήσεως</span> <span class='ocrx_word' id='word_1_65' title='bbox 813 1131 901 1190; x_wconf 85' lang='grc' dir='ltr'>πάντα</span> <span class='ocrx_word' id='word_1_66' title='bbox 931 1129 966 1204; x_wconf 85' lang='grc' dir='ltr'>δὴ</span> <span class='ocrx_word' id='word_1_67' title='bbox 996 1131 1042 1189; x_wconf 75' lang='grc' dir='ltr'>τὀν</span> <span class='ocrx_word' id='word_1_68' title='bbox 1071 1132 1227 1209; x_wconf 86' lang='grc' dir='ltr'>προϊστάναι</span> <span class='ocrx_word' id='word_1_69' title='bbox 1257 1128 1391 1208; x_wconf 72' lang='grc' dir='ltr'>εἰληχότα</span> <span class='ocrx_word' id='word_1_70' title='bbox 1417 1137 1469 1189; x_wconf 88' lang='grc' dir='ltr'>τῶν</span> <span class='ocrx_word' id='word_1_71' title='bbox 1491 1137 1541 1205; x_wconf 85' lang='grc' dir='ltr'>τῆς</span> 
     </span>
     <span class='ocr_line' id='line_1_8' title="bbox 247 1249 1541 1333; baseline -0.002 -20"><span class='ocrx_word' id='word_1_72' title='bbox 247 1252 397 1330; x_wconf 89' lang='grc' dir='ltr'>σεβασμίας</span> <span class='ocrx_word' id='word_1_73' title='bbox 419 1254 517 1327; x_wconf 89' lang='grc' dir='ltr'>ταύτης</span> <span class='ocrx_word' id='word_1_74' title='bbox 541 1259 628 1329; x_wconf 90' lang='grc' dir='ltr'>μονῆς</span> <span class='ocrx_word' id='word_1_75' title='bbox 649 1250 696 1312; x_wconf 88' lang='grc' dir='ltr'>καὶ</span> <span class='ocrx_word' id='word_1_76' title='bbox 720 1249 760 1325; x_wconf 91' lang='grc' dir='ltr'>εἰς</span> <span class='ocrx_word' id='word_1_77' title='bbox 783 1251 995 1333; x_wconf 86' lang='grc' dir='ltr'>άρχιμανδρίτην</span> <span class='ocrx_word' id='word_1_78' title='bbox 1018 1255 1120 1330; x_wconf 86' lang='grc' dir='ltr'>τοῦτον,</span> <span class='ocrx_word' id='word_1_79' title='bbox 1147 1253 1240 1332; x_wconf 81' lang='grc' dir='ltr'>ὥσπερ</span> <span class='ocrx_word' id='word_1_80' title='bbox 1259 1253 1289 1312; x_wconf 84' lang='grc' dir='ltr'>τδ</span> <span class='ocrx_word' id='word_1_81' title='bbox 1308 1253 1448 1332; x_wconf 84' lang='grc' dir='ltr'>πρότερον,</span> <span class='ocrx_word' id='word_1_82' title='bbox 1471 1253 1541 1312; x_wconf 81' lang='grc' dir='ltr'>ούτω</span> 
     </span>
     <span class='ocr_line' id='line_1_9' title="bbox 247 1372 1541 1456; baseline -0.003 -20"><span class='ocrx_word' id='word_1_83' title='bbox 247 1375 282 1452; x_wconf 87' lang='grc' dir='ltr'>δὴ</span> <span class='ocrx_word' id='word_1_84' title='bbox 305 1377 362 1436; x_wconf 85' lang='grc' dir='ltr'>κάκ</span> <span class='ocrx_word' id='word_1_85' title='bbox 383 1379 429 1436; x_wconf 80' lang='grc' dir='ltr'>τοῦ</span> <span class='ocrx_word' id='word_1_86' title='bbox 451 1377 582 1456; x_wconf 77' lang='grc' dir='ltr'>παρόντος</span> <span class='ocrx_word' id='word_1_87' title='bbox 604 1377 706 1456; x_wconf 80' lang='grc' dir='ltr'>τελεῖν,</span> <span class='ocrx_word' id='word_1_88' title='bbox 737 1377 793 1448; x_wconf 91' lang='grc' dir='ltr'>τοῖς</span> <span class='ocrx_word' id='word_1_89' title='bbox 823 1396 852 1435; x_wconf 91' lang='grc' dir='ltr'>τε</span> <span class='ocrx_word' id='word_1_90' title='bbox 883 1372 979 1434; x_wconf 86' lang='grc' dir='ltr'>ούτωσὶ</span> <span class='ocrx_word' id='word_1_91' title='bbox 1000 1375 1189 1450; x_wconf 81' lang='grc' dir='ltr'>τετιμημένοις</span> <span class='ocrx_word' id='word_1_92' title='bbox 1218 1373 1475 1453; x_wconf 84' lang='grc' dir='ltr'>ἐγιιαύαριύμεῖσθαι</span> <span class='ocrx_word' id='word_1_93' title='bbox 1497 1373 1541 1432; x_wconf 84' lang='grc' dir='ltr'>ἀεὶ</span> 
     </span>
     <span class='ocr_line' id='line_1_10' title="bbox 246 1493 1540 1577; baseline -0.003 -18"><span class='ocrx_word' id='word_1_94' title='bbox 246 1497 364 1574; x_wconf 82' lang='grc' dir='ltr'>καὶτῆς</span> <span class='ocrx_word' id='word_1_95' title='bbox 387 1499 469 1574; x_wconf 87' lang='grc' dir='ltr'>αύτῆς</span> <span class='ocrx_word' id='word_1_96' title='bbox 492 1497 681 1576; x_wconf 78' lang='grc' dir='ltr'>ἐπιτυγχάνειν</span> <span class='ocrx_word' id='word_1_97' title='bbox 705 1497 746 1577; x_wconf 83' lang='grc' dir='ltr'>ἐφ’</span> <span class='ocrx_word' id='word_1_98' title='bbox 767 1493 840 1570; x_wconf 80' lang='grc' dir='ltr'>ἅπαξ</span> <span class='ocrx_word' id='word_1_99' title='bbox 864 1493 971 1570; x_wconf 80' lang='grc' dir='ltr'>τάξεως</span> <span class='ocrx_word' id='word_1_100' title='bbox 998 1497 1076 1556; x_wconf 83' lang='grc' dir='ltr'>αύτδν</span> <span class='ocrx_word' id='word_1_101' title='bbox 1103 1493 1150 1555; x_wconf 84' lang='grc' dir='ltr'>καὶ</span> <span class='ocrx_word' id='word_1_102' title='bbox 1177 1501 1267 1576; x_wconf 87' lang='grc' dir='ltr'>τιμῆς,</span> <span class='ocrx_word' id='word_1_103' title='bbox 1296 1495 1324 1554; x_wconf 88' lang='grc' dir='ltr'>ἐν</span> <span class='ocrx_word' id='word_1_104' title='bbox 1353 1516 1383 1555; x_wconf 92' lang='grc' dir='ltr'>τε</span> <span class='ocrx_word' id='word_1_105' title='bbox 1414 1495 1540 1572; x_wconf 78' lang='grc' dir='ltr'>δηλονότι</span> 
     </span>
     <span class='ocr_line' id='line_1_11' title="bbox 245 1615 1540 1700; baseline -0.003 -20"><span class='ocrx_word' id='word_1_106' title='bbox 245 1625 306 1692; x_wconf 91' lang='grc' dir='ltr'>ταῖς</span> <span class='ocrx_word' id='word_1_107' title='bbox 336 1621 498 1699; x_wconf 75' lang='grc' dir='ltr'>ἁπανταχοῦι</span> <span class='ocrx_word' id='word_1_108' title='bbox 522 1621 725 1700; x_wconf 89' lang='grc' dir='ltr'>προελεύαεσιν,</span> <span class='ocrx_word' id='word_1_109' title='bbox 757 1620 796 1680; x_wconf 83' lang='grc' dir='ltr'>ἔτι</span> <span class='ocrx_word' id='word_1_110' title='bbox 827 1619 858 1680; x_wconf 89' lang='grc' dir='ltr'>δὲ</span> <span class='ocrx_word' id='word_1_111' title='bbox 885 1618 931 1679; x_wconf 88' lang='grc' dir='ltr'>καὶ</span> <span class='ocrx_word' id='word_1_112' title='bbox 958 1618 1129 1699; x_wconf 87' lang='grc' dir='ltr'>προεδρείαις</span> <span class='ocrx_word' id='word_1_113' title='bbox 1151 1616 1198 1678; x_wconf 89' lang='grc' dir='ltr'>καί</span> <span class='ocrx_word' id='word_1_114' title='bbox 1221 1620 1350 1690; x_wconf 73' lang='grc' dir='ltr'>στάσεσι·</span> <span class='ocrx_word' id='word_1_115' title='bbox 1371 1615 1465 1678; x_wconf 76' lang='grc' dir='ltr'>τούτου</span> <span class='ocrx_word' id='word_1_116' title='bbox 1486 1617 1540 1696; x_wconf 78' lang='grc' dir='ltr'>γὰρ</span> 
     </span>
     <span class='ocr_line' id='line_1_12' title="bbox 245 1737 1541 1824; baseline -0.005 -20"><span class='ocrx_word' id='word_1_117' title='bbox 245 1746 325 1824; x_wconf 88' lang='grc' dir='ltr'>χάριν</span> <span class='ocrx_word' id='word_1_118' title='bbox 352 1742 399 1803; x_wconf 85' lang='grc' dir='ltr'>καί</span> <span class='ocrx_word' id='word_1_119' title='bbox 428 1743 446 1816; x_wconf 85' lang='grc' dir='ltr'><strong>ἠ</strong></span> <span class='ocrx_word' id='word_1_120' title='bbox 476 1746 598 1821; x_wconf 87' lang='grc' dir='ltr'>παροῦσα</span> <span class='ocrx_word' id='word_1_121' title='bbox 626 1743 755 1820; x_wconf 86' lang='grc' dir='ltr'>γεγονυῖα</span> <span class='ocrx_word' id='word_1_122' title='bbox 776 1747 826 1818; x_wconf 84' lang='grc' dir='ltr'>τῆς</span> <span class='ocrx_word' id='word_1_123' title='bbox 853 1739 995 1816; x_wconf 88' lang='grc' dir='ltr'>βασιλείας</span> <span class='ocrx_word' id='word_1_124' title='bbox 1022 1759 1073 1816; x_wconf 91' lang='grc' dir='ltr'>μου</span> <span class='ocrx_word' id='word_1_125' title='bbox 1098 1737 1244 1820; x_wconf 78' lang='grc' dir='ltr'>πρόσταξις</span> <span class='ocrx_word' id='word_1_126' title='bbox 1271 1739 1465 1819; x_wconf 78' lang='grc' dir='ltr'>ἐπεχορηγῆθη</span> <span class='ocrx_word' id='word_1_127' title='bbox 1493 1737 1541 1798; x_wconf 84' lang='grc' dir='ltr'>καὶ</span> 
     </span>
     <span class='ocr_line' id='line_1_13' title="bbox 247 1860 1540 1946; baseline -0.004 -19"><span class='ocrx_word' id='word_1_128' title='bbox 247 1864 434 1946; x_wconf 83' lang='grc' dir='ltr'>ἐπεβραβεύθη</span> <span class='ocrx_word' id='word_1_129' title='bbox 457 1863 497 1942; x_wconf 81' lang='grc' dir='ltr'>τῷ</span> <span class='ocrx_word' id='word_1_130' title='bbox 518 1884 549 1924; x_wconf 92' lang='grc' dir='ltr'>τε</span> <span class='ocrx_word' id='word_1_131' title='bbox 571 1866 614 1924; x_wconf 84' lang='grc' dir='ltr'>νύν</span> <span class='ocrx_word' id='word_1_132' title='bbox 638 1860 678 1936; x_wconf 89' lang='grc' dir='ltr'>εἰς</span> <span class='ocrx_word' id='word_1_133' title='bbox 699 1863 861 1942; x_wconf 87' lang='grc' dir='ltr'>προστασίαν</span> <span class='ocrx_word' id='word_1_134' title='bbox 883 1865 1007 1923; x_wconf 83' lang='grc' dir='ltr'>τελοῦντι</span> <span class='ocrx_word' id='word_1_135' title='bbox 1028 1868 1082 1922; x_wconf 88' lang='grc' dir='ltr'>τῶν</span> <span class='ocrx_word' id='word_1_136' title='bbox 1106 1868 1235 1940; x_wconf 84' lang='grc' dir='ltr'>μοναχῶν</span> <span class='ocrx_word' id='word_1_137' title='bbox 1257 1868 1306 1938; x_wconf 89' lang='grc' dir='ltr'>τῆς</span> <span class='ocrx_word' id='word_1_138' title='bbox 1329 1860 1477 1942; x_wconf 84' lang='grc' dir='ltr'>εἰρημένης</span> <span class='ocrx_word' id='word_1_139' title='bbox 1495 1883 1540 1922; x_wconf 94' lang='grc' dir='ltr'>σε-</span> 
     </span>
     <span class='ocr_line' id='line_1_14' title="bbox 246 1982 1541 2068; baseline -0.003 -20"><span class='ocrx_word' id='word_1_140' title='bbox 246 1987 365 2064; x_wconf 88' lang='grc' dir='ltr'>βασμίας</span> <span class='ocrx_word' id='word_1_141' title='bbox 387 1991 484 2066; x_wconf 88' lang='grc' dir='ltr'>μονῆς,</span> <span class='ocrx_word' id='word_1_142' title='bbox 516 1987 669 2065; x_wconf 83' lang='grc' dir='ltr'>τιμιωτάτῳ</span> <span class='ocrx_word' id='word_1_143' title='bbox 697 1984 910 2068; x_wconf 82' lang='grc' dir='ltr'>ἀρχιμανδρίση,</span> <span class='ocrx_word' id='word_1_144' title='bbox 941 1985 1114 2065; x_wconf 82' lang='grc' dir='ltr'>ἰερομονάχῳ</span> <span class='ocrx_word' id='word_1_145' title='bbox 1137 1982 1210 2066; x_wconf 84' lang='grc' dir='ltr'>κυρῷ</span> <span class='ocrx_word' id='word_1_146' title='bbox 1233 1985 1363 2064; x_wconf 84' lang='grc' dir='ltr'>Μιχαῆλ,</span> <span class='ocrx_word' id='word_1_147' title='bbox 1394 1983 1541 2065; x_wconf 84' lang='grc' dir='ltr'>ύφειλουσα</span> 
     </span>
     <span class='ocr_line' id='line_1_15' title="bbox 244 2102 1541 2192; baseline -0.003 -22"><span class='ocrx_word' id='word_1_148' title='bbox 244 2111 382 2188; x_wconf 89' lang='grc' dir='ltr'>προσεῖναι</span> <span class='ocrx_word' id='word_1_149' title='bbox 409 2109 457 2170; x_wconf 89' lang='grc' dir='ltr'>καί</span> <span class='ocrx_word' id='word_1_150' title='bbox 482 2107 520 2180; x_wconf 89' lang='grc' dir='ltr'>είς</span> <span class='ocrx_word' id='word_1_151' title='bbox 542 2110 573 2168; x_wconf 82' lang='grc' dir='ltr'>τ“ο</span> <span class='ocrx_word' id='word_1_152' title='bbox 596 2105 662 2184; x_wconf 81' lang='grc' dir='ltr'>ἑξῆς</span> <span class='ocrx_word' id='word_1_153' title='bbox 687 2111 744 2180; x_wconf 89' lang='grc' dir='ltr'>τοῖς</span> <span class='ocrx_word' id='word_1_154' title='bbox 766 2108 826 2184; x_wconf 85' lang='grc' dir='ltr'>μετ’</span> <span class='ocrx_word' id='word_1_155' title='bbox 845 2107 924 2168; x_wconf 84' lang='grc' dir='ltr'>αύτδν</span> <span class='ocrx_word' id='word_1_156' title='bbox 947 2105 1140 2184; x_wconf 76' lang='grc' dir='ltr'>ἐκδεξαμένοις</span> <span class='ocrx_word' id='word_1_157' title='bbox 1162 2109 1210 2182; x_wconf 77' lang='grc' dir='ltr'>τἠν</span> <span class='ocrx_word' id='word_1_158' title='bbox 1233 2102 1334 2192; x_wconf 82' lang='grc' dir='ltr'>θ[είαν]</span> <span class='ocrx_word' id='word_1_159' title='bbox 1355 2109 1541 2184; x_wconf 77' lang='grc' dir='ltr'>πνευματικὴν</span> 
     </span>
     <span class='ocr_line' id='line_1_16' title="bbox 244 2225 1460 2313; baseline 0 -21"><span class='ocrx_word' id='word_1_160' title='bbox 244 2231 407 2313; x_wconf 86' lang='grc' dir='ltr'>προστασίαν</span> <span class='ocrx_word' id='word_1_161' title='bbox 430 2229 470 2304; x_wconf 86' lang='grc' dir='ltr'>εἰς</span> <span class='ocrx_word' id='word_1_162' title='bbox 492 2231 540 2305; x_wconf 86' lang='grc' dir='ltr'>τὴν</span> <span class='ocrx_word' id='word_1_163' title='bbox 563 2229 606 2290; x_wconf 87' lang='grc' dir='ltr'>ἐπὶ</span> <span class='ocrx_word' id='word_1_164' title='bbox 628 2235 713 2310; x_wconf 83' lang='grc' dir='ltr'>τούτῳ</span> <span class='ocrx_word' id='word_1_165' title='bbox 736 2230 896 2308; x_wconf 89' lang='grc' dir='ltr'>ἀσφάλειαν.</span> <span class='ocrx_word' id='word_1_166' title='bbox 921 2227 999 2304; x_wconf 76' lang='grc' dir='ltr'>μηνί</span> <span class='ocrx_word' id='word_1_167' title='bbox 1021 2225 1117 2310; x_wconf 85' lang='grc' dir='ltr'>μαῖῳ,</span> <span class='ocrx_word' id='word_1_168' title='bbox 1141 2227 1349 2303; x_wconf 81' lang='grc' dir='ltr'>ἰνδικτιῶνος</span> <span class='ocrx_word' id='word_1_169' title='bbox 1373 2229 1412 2310; x_wconf 82' lang='grc' dir='ltr'>ιγ’</span> <span class='ocrx_word' id='word_1_170' title='bbox 1428 2233 1460 2310; x_wconf 89' lang='lat'>†.</span> 
     </span>
     <span class='ocr_line' id='line_1_17' title="bbox 349 2352 1543 2435; baseline 0.001 -22"><span class='ocrx_word' id='word_1_171' title='bbox 349 2355 430 2433; x_wconf 87' lang='lat' dir='ltr'><em>II.†</em></span> <span class='ocrx_word' id='word_1_172' title='bbox 453 2352 489 2411; x_wconf 86' lang='grc' dir='ltr'>Οί</span> <span class='ocrx_word' id='word_1_173' title='bbox 513 2353 541 2412; x_wconf 84' lang='grc' dir='ltr'>ἐν</span> <span class='ocrx_word' id='word_1_174' title='bbox 563 2359 597 2434; x_wconf 81' lang='grc' dir='ltr'>τῆ</span> <span class='ocrx_word' id='word_1_175' title='bbox 619 2353 691 2412; x_wconf 84' lang='grc' dir='ltr'>κατὰ</span> <span class='ocrx_word' id='word_1_176' title='bbox 711 2353 742 2411; x_wconf 83' lang='grc' dir='ltr'>τύ</span> <span class='ocrx_word' id='word_1_177' title='bbox 764 2353 873 2432; x_wconf 86' lang='grc' dir='ltr'>Λάτραν</span> <span class='ocrx_word' id='word_1_178' title='bbox 897 2352 1056 2435; x_wconf 78' lang='grc' dir='ltr'>διακειμένη</span> <span class='ocrx_word' id='word_1_179' title='bbox 1079 2353 1144 2435; x_wconf 85' lang='grc' dir='ltr'>άγίᾳ</span> <span class='ocrx_word' id='word_1_180' title='bbox 1167 2357 1237 2434; x_wconf 81' lang='grc' dir='ltr'>μονῇ</span> <span class='ocrx_word' id='word_1_181' title='bbox 1258 2357 1304 2413; x_wconf 82' lang='grc' dir='ltr'>τοῦ</span> <span class='ocrx_word' id='word_1_182' title='bbox 1326 2352 1405 2432; x_wconf 79' lang='grc' dir='ltr'>ἁγίου</span> <span class='ocrx_word' id='word_1_183' title='bbox 1429 2353 1543 2414; x_wconf 88' lang='grc' dir='ltr'>Παύλου</span> 
     </span>
     <span class='ocr_line' id='line_1_18' title="bbox 245 2472 1541 2556; baseline 0 -20"><span class='ocrx_word' id='word_1_184' title='bbox 245 2476 406 2550; x_wconf 76' lang='grc' dir='ltr'>ἀσκούμενοι</span> <span class='ocrx_word' id='word_1_185' title='bbox 423 2473 550 2552; x_wconf 88' lang='grc' dir='ltr'>μσναχοί.</span> <span class='ocrx_word' id='word_1_186' title='bbox 573 2474 757 2553; x_wconf 81' lang='grc' dir='ltr'>ύάγιιίιτατος</span> <span class='ocrx_word' id='word_1_187' title='bbox 779 2475 858 2550; x_wconf 84' lang='grc' dir='ltr'>ἡμῶν</span> <span class='ocrx_word' id='word_1_188' title='bbox 882 2474 1024 2554; x_wconf 81' lang='grc' dir='ltr'>δεσπάτης,</span> <span class='ocrx_word' id='word_1_189' title='bbox 1047 2472 1266 2552; x_wconf 83' lang='grc' dir='ltr'>ὁοίκσυμενικδς</span> <span class='ocrx_word' id='word_1_190' title='bbox 1280 2477 1462 2556; x_wconf 84' lang='grc' dir='ltr'>πατριάρχης,</span> <span class='ocrx_word' id='word_1_191' title='bbox 1477 2475 1541 2556; x_wconf 85' lang='grc' dir='ltr'>περὶ</span> 
     </span>
     <span class='ocr_line' id='line_1_19' title="bbox 243 2595 1542 2678; baseline 0 -22"><span class='ocrx_word' id='word_1_192' title='bbox 243 2595 370 2657; x_wconf 84' lang='grc' dir='ltr'>πλείστου</span> <span class='ocrx_word' id='word_1_193' title='bbox 392 2596 426 2656; x_wconf 84' lang='grc' dir='ltr'>τά</span> <span class='ocrx_word' id='word_1_194' title='bbox 446 2603 496 2672; x_wconf 86' lang='grc' dir='ltr'>τῆς</span> <span class='ocrx_word' id='word_1_195' title='bbox 518 2597 580 2656; x_wconf 89' lang='grc' dir='ltr'>καθ’</span> <span class='ocrx_word' id='word_1_196' title='bbox 601 2597 671 2670; x_wconf 83' lang='grc' dir='ltr'>ὑμᾶς</span> <span class='ocrx_word' id='word_1_197' title='bbox 692 2597 877 2670; x_wconf 84' lang='grc' dir='ltr'>πεποιημένος</span> <span class='ocrx_word' id='word_1_198' title='bbox 899 2596 1049 2674; x_wconf 90' lang='grc' dir='ltr'>σεβασμίας</span> <span class='ocrx_word' id='word_1_199' title='bbox 1072 2603 1158 2672; x_wconf 89' lang='grc' dir='ltr'>μονῆς</span> <span class='ocrx_word' id='word_1_200' title='bbox 1180 2597 1211 2656; x_wconf 88' lang='grc' dir='ltr'>ού</span> <span class='ocrx_word' id='word_1_201' title='bbox 1233 2597 1331 2676; x_wconf 80' lang='grc' dir='ltr'>μικράν</span> <span class='ocrx_word' id='word_1_202' title='bbox 1362 2597 1428 2678; x_wconf 76' lang='grc' dir='ltr'>ὐιτὲρ</span> <span class='ocrx_word' id='word_1_203' title='bbox 1455 2599 1542 2674; x_wconf 83' lang='grc' dir='ltr'>αύτῆς</span> 
     </span>
    </p>
   </div>
   <div class='ocr_carea' id='block_1_3' title="bbox 204 2691 1585 2799">
    <p class='ocr_par' dir='ltr' id='par_1_3' title="bbox 204 2691 1585 2799">
     <span class='ocr_line' id='line_1_20' title="bbox 204 2691 1585 2799; baseline 0 -21"><span class='ocrx_word' id='word_1_204' title='bbox 204 2691 216 2714; x_wconf 57' lang='lat'><em>⁰</em></span> <span class='ocrx_word' id='word_1_205' title='bbox 244 2717 291 2778; x_wconf 84' lang='grc' dir='ltr'>καί</span> <span class='ocrx_word' id='word_1_206' title='bbox 313 2720 361 2794; x_wconf 78' lang='grc' dir='ltr'>τῆν</span> <span class='ocrx_word' id='word_1_207' title='bbox 384 2717 493 2798; x_wconf 90' lang='grc' dir='ltr'>φοντίδα</span> <span class='ocrx_word' id='word_1_208' title='bbox 515 2717 670 2799; x_wconf 88' lang='grc' dir='ltr'>πεποίηται,</span> <span class='ocrx_word' id='word_1_209' title='bbox 693 2721 767 2790; x_wconf 79' lang='grc' dir='ltr'>ὅπως</span> <span class='ocrx_word' id='word_1_210' title='bbox 783 2714 840 2790; x_wconf 79' lang='grc' dir='ltr'>ἕξει</span> <span class='ocrx_word' id='word_1_211' title='bbox 862 2719 908 2778; x_wconf 84' lang='grc' dir='ltr'>τδν</span> <span class='ocrx_word' id='word_1_212' title='bbox 931 2716 1013 2792; x_wconf 79' lang='grc' dir='ltr'>ἀξίως</span> <span class='ocrx_word' id='word_1_213' title='bbox 1035 2719 1198 2798; x_wconf 86' lang='grc' dir='ltr'>προεστάναι</span> <span class='ocrx_word' id='word_1_214' title='bbox 1219 2719 1318 2794; x_wconf 76' lang='grc' dir='ltr'>ταύτης</span> <span class='ocrx_word' id='word_1_215' title='bbox 1339 2717 1434 2779; x_wconf 76' lang='grc' dir='ltr'>ἰαανδν</span> <span class='ocrx_word' id='word_1_216' title='bbox 1458 2715 1541 2791; x_wconf 83' lang='grc' dir='ltr'>ἐξευ-</span> <span class='ocrx_word' id='word_1_217' title='bbox 1584 2795 1585 2798; x_wconf 9' lang='lat'>¹</span> 
     </span>
    </p>
   </div>
   <div class='ocr_carea' id='block_1_4' title="bbox 241 2837 1542 4629">
    <p class='ocr_par' dir='ltr' id='par_1_4' title="bbox 241 2837 1542 4629">
     <span class='ocr_line' id='line_1_21' title="bbox 244 2837 1542 2922; baseline 0.002 -23"><span class='ocrx_word' id='word_1_218' title='bbox 244 2842 310 2920; x_wconf 88' lang='grc' dir='ltr'>ρεῖν,</span> <span class='ocrx_word' id='word_1_219' title='bbox 334 2841 395 2901; x_wconf 75' lang='grc' dir='ltr'>ὅθεν</span> <span class='ocrx_word' id='word_1_220' title='bbox 417 2839 466 2900; x_wconf 90' lang='grc' dir='ltr'>καὶ</span> <span class='ocrx_word' id='word_1_221' title='bbox 488 2841 604 2921; x_wconf 76' lang='grc' dir='ltr'>εὑρίσκει</span> <span class='ocrx_word' id='word_1_222' title='bbox 626 2840 677 2915; x_wconf 82' lang='grc' dir='ltr'>μὲν</span> <span class='ocrx_word' id='word_1_223' title='bbox 699 2841 744 2900; x_wconf 84' lang='grc' dir='ltr'>τδν</span> <span class='ocrx_word' id='word_1_224' title='bbox 767 2839 859 2900; x_wconf 73' lang='grc' dir='ltr'>ἱκανόν</span> <span class='ocrx_word' id='word_1_225' title='bbox 881 2861 911 2901; x_wconf 91' lang='grc' dir='ltr'>τε</span> <span class='ocrx_word' id='word_1_226' title='bbox 934 2838 981 2902; x_wconf 87' lang='grc' dir='ltr'>καὶ</span> <span class='ocrx_word' id='word_1_227' title='bbox 1004 2837 1089 2922; x_wconf 78' lang='grc' dir='ltr'>άξιον,</span> <span class='ocrx_word' id='word_1_228' title='bbox 1111 2839 1165 2918; x_wconf 75' lang='grc' dir='ltr'>ἤδη</span> <span class='ocrx_word' id='word_1_229' title='bbox 1189 2840 1220 2900; x_wconf 85' lang='grc' dir='ltr'>δέ</span> <span class='ocrx_word' id='word_1_230' title='bbox 1242 2839 1290 2902; x_wconf 90' lang='grc' dir='ltr'>καί</span> <span class='ocrx_word' id='word_1_231' title='bbox 1311 2843 1379 2922; x_wconf 85' lang='grc' dir='ltr'>πρδς</span> <span class='ocrx_word' id='word_1_232' title='bbox 1393 2843 1465 2917; x_wconf 85' lang='grc' dir='ltr'>ὑμαῖς</span> <span class='ocrx_word' id='word_1_233' title='bbox 1483 2863 1542 2902; x_wconf 90' lang='grc' dir='ltr'>και-</span> 
     </span>
     <span class='ocr_line' id='line_1_22' title="bbox 243 2959 1542 3049; baseline 0.001 -26"><span class='ocrx_word' id='word_1_234' title='bbox 243 2959 375 3049; x_wconf 81' lang='grc' dir='ltr'>τ[ελ]δεῖν</span> <span class='ocrx_word' id='word_1_235' title='bbox 405 2965 483 3024; x_wconf 86' lang='grc' dir='ltr'>αύτδν</span> <span class='ocrx_word' id='word_1_236' title='bbox 511 2960 701 3036; x_wconf 83' lang='grc' dir='ltr'>ἐξαπέστειλε.</span> <span class='ocrx_word' id='word_1_237' title='bbox 738 2966 769 3023; x_wconf 87' lang='grc' dir='ltr'>τό</span> <span class='ocrx_word' id='word_1_238' title='bbox 798 2983 833 3042; x_wconf 94' lang='grc' dir='ltr'>γε</span> <span class='ocrx_word' id='word_1_239' title='bbox 863 2964 917 3038; x_wconf 84' lang='grc' dir='ltr'>μὴν</span> <span class='ocrx_word' id='word_1_240' title='bbox 944 2963 959 3021; x_wconf 87' lang='grc' dir='ltr'>δ</span> <span class='ocrx_word' id='word_1_241' title='bbox 984 2964 1049 3043; x_wconf 90' lang='grc' dir='ltr'>παρ’</span> <span class='ocrx_word' id='word_1_242' title='bbox 1070 2965 1148 3024; x_wconf 88' lang='grc' dir='ltr'>αύτού</span> <span class='ocrx_word' id='word_1_243' title='bbox 1171 2963 1380 3042; x_wconf 83' lang='grc' dir='ltr'>ἐκλελεγμένος</span> <span class='ocrx_word' id='word_1_244' title='bbox 1400 2966 1468 3044; x_wconf 86' lang='grc' dir='ltr'>πρδς</span> <span class='ocrx_word' id='word_1_245' title='bbox 1490 2966 1542 3039; x_wconf 75' lang='grc' dir='ltr'>την</span> 
     </span>
     <span class='ocr_line' id='line_1_23' title="bbox 244 3082 1542 3167; baseline 0 -23"><span class='ocrx_word' id='word_1_246' title='bbox 244 3087 377 3166; x_wconf 82' lang='grc' dir='ltr'>ὑμετέραν</span> <span class='ocrx_word' id='word_1_247' title='bbox 398 3086 561 3165; x_wconf 88' lang='grc' dir='ltr'>προστασίαν</span> <span class='ocrx_word' id='word_1_248' title='bbox 584 3085 653 3165; x_wconf 82' lang='grc' dir='ltr'>ἀνὴρ</span> <span class='ocrx_word' id='word_1_249' title='bbox 675 3082 722 3145; x_wconf 87' lang='grc' dir='ltr'>καὶ</span> <span class='ocrx_word' id='word_1_250' title='bbox 738 3087 812 3156; x_wconf 80' lang='grc' dir='ltr'>ὅπως</span> <span class='ocrx_word' id='word_1_251' title='bbox 829 3085 928 3164; x_wconf 84' lang='grc' dir='ltr'>ἀρετῆς</span> <span class='ocrx_word' id='word_1_252' title='bbox 950 3105 979 3146; x_wconf 88' lang='grc' dir='ltr'>τε</span> <span class='ocrx_word' id='word_1_253' title='bbox 1002 3085 1049 3146; x_wconf 87' lang='grc' dir='ltr'>καὶ</span> <span class='ocrx_word' id='word_1_254' title='bbox 1070 3093 1253 3163; x_wconf 83' lang='grc' dir='ltr'>πνευματικῆς</span> <span class='ocrx_word' id='word_1_255' title='bbox 1276 3089 1432 3165; x_wconf 86' lang='grc' dir='ltr'>μυτέαχηκε</span> <span class='ocrx_word' id='word_1_256' title='bbox 1454 3089 1542 3167; x_wconf 86' lang='grc' dir='ltr'>χάρι-</span> 
     </span>
     <span class='ocr_line' id='line_1_24' title="bbox 243 3205 1540 3290; baseline 0 -22"><span class='ocrx_word' id='word_1_257' title='bbox 243 3227 299 3290; x_wconf 88' lang='grc' dir='ltr'>τσς,</span> <span class='ocrx_word' id='word_1_258' title='bbox 314 3255 316 3260; x_wconf 94' lang='grc'>.</span> <span class='ocrx_word' id='word_1_259' title='bbox 331 3207 369 3266; x_wconf 81' lang='grc' dir='ltr'>ἔτι</span> <span class='ocrx_word' id='word_1_260' title='bbox 393 3206 493 3268; x_wconf 84' lang='grc' dir='ltr'>δὲκαὶ</span> <span class='ocrx_word' id='word_1_261' title='bbox 516 3209 590 3279; x_wconf 75' lang='grc' dir='ltr'>ὅπως</span> <span class='ocrx_word' id='word_1_262' title='bbox 621 3205 664 3266; x_wconf 89' lang='grc' dir='ltr'>ἐπί</span> <span class='ocrx_word' id='word_1_263' title='bbox 692 3207 820 3267; x_wconf 88' lang='grc' dir='ltr'>πλεῖστον</span> <span class='ocrx_word' id='word_1_264' title='bbox 842 3207 929 3285; x_wconf 87' lang='grc' dir='ltr'>λύγου</span> <span class='ocrx_word' id='word_1_265' title='bbox 955 3206 1001 3268; x_wconf 85' lang='grc' dir='ltr'>καὶ</span> <span class='ocrx_word' id='word_1_266' title='bbox 1027 3207 1154 3280; x_wconf 88' lang='grc' dir='ltr'>παιδείας</span> <span class='ocrx_word' id='word_1_267' title='bbox 1183 3215 1233 3284; x_wconf 85' lang='grc' dir='ltr'>τῆς</span> <span class='ocrx_word' id='word_1_268' title='bbox 1264 3209 1386 3268; x_wconf 83' lang='grc' dir='ltr'>ἐντεῦθεν</span> <span class='ocrx_word' id='word_1_269' title='bbox 1417 3208 1540 3288; x_wconf 85' lang='grc' dir='ltr'>ἀφίκετο,</span> 
     </span>
     <span class='ocr_line' id='line_1_25' title="bbox 243 3327 1541 3410; baseline -0.002 -20"><span class='ocrx_word' id='word_1_270' title='bbox 243 3331 317 3408; x_wconf 86' lang='grc' dir='ltr'>τάχα</span> <span class='ocrx_word' id='word_1_271' title='bbox 337 3329 387 3404; x_wconf 83' lang='grc' dir='ltr'>μὲν</span> <span class='ocrx_word' id='word_1_272' title='bbox 409 3328 456 3389; x_wconf 87' lang='grc' dir='ltr'>καὶ</span> <span class='ocrx_word' id='word_1_273' title='bbox 478 3327 540 3409; x_wconf 87' lang='grc' dir='ltr'>πρὶν</span> <span class='ocrx_word' id='word_1_274' title='bbox 562 3329 653 3390; x_wconf 81' lang='grc' dir='ltr'>αἰιτύύι</span> <span class='ocrx_word' id='word_1_275' title='bbox 674 3332 766 3390; x_wconf 88' lang='grc' dir='ltr'>τοῖιτον</span> <span class='ocrx_word' id='word_1_276' title='bbox 790 3329 930 3410; x_wconf 73' lang='grc' dir='ltr'>ἀφικέσθαι</span> <span class='ocrx_word' id='word_1_277' title='bbox 952 3331 1101 3409; x_wconf 87' lang='grc' dir='ltr'>φθάσαντες</span> <span class='ocrx_word' id='word_1_278' title='bbox 1123 3331 1200 3404; x_wconf 83' lang='grc' dir='ltr'>ὑμεῖς</span> <span class='ocrx_word' id='word_1_279' title='bbox 1222 3328 1397 3410; x_wconf 85' lang='grc' dir='ltr'>ἐγνωρίαατε,</span> <span class='ocrx_word' id='word_1_280' title='bbox 1419 3330 1450 3389; x_wconf 88' lang='grc' dir='ltr'>οῖι</span> <span class='ocrx_word' id='word_1_281' title='bbox 1474 3331 1541 3408; x_wconf 82' lang='grc' dir='ltr'>μήν,</span> 
     </span>
     <span class='ocr_line' id='line_1_26' title="bbox 243 3449 1540 3532; baseline 0 -22"><span class='ocrx_word' id='word_1_282' title='bbox 243 3450 312 3511; x_wconf 85' lang='grc' dir='ltr'>ἀλλ’</span> <span class='ocrx_word' id='word_1_283' title='bbox 331 3449 442 3510; x_wconf 85' lang='grc' dir='ltr'>ἐπειδὰν</span> <span class='ocrx_word' id='word_1_284' title='bbox 463 3451 525 3526; x_wconf 90' lang='grc' dir='ltr'>ύμῖν</span> <span class='ocrx_word' id='word_1_285' title='bbox 547 3450 594 3512; x_wconf 88' lang='grc' dir='ltr'>καὶ</span> <span class='ocrx_word' id='word_1_286' title='bbox 617 3451 677 3530; x_wconf 79' lang='grc' dir='ltr'>ύψει</span> <span class='ocrx_word' id='word_1_287' title='bbox 700 3456 791 3514; x_wconf 86' lang='grc' dir='ltr'>τοῦτον</span> <span class='ocrx_word' id='word_1_288' title='bbox 817 3452 964 3532; x_wconf 75' lang='grc' dir='ltr'>ἐπιγνῶναι</span> <span class='ocrx_word' id='word_1_289' title='bbox 986 3454 1141 3532; x_wconf 75' lang='grc' dir='ltr'>γενήσεται,</span> <span class='ocrx_word' id='word_1_290' title='bbox 1168 3453 1281 3530; x_wconf 84' lang='grc' dir='ltr'>γνόντες</span> <span class='ocrx_word' id='word_1_291' title='bbox 1298 3452 1352 3527; x_wconf 82' lang='grc' dir='ltr'>ἤδη</span> <span class='ocrx_word' id='word_1_292' title='bbox 1375 3449 1422 3510; x_wconf 89' lang='grc' dir='ltr'>καὶ</span> <span class='ocrx_word' id='word_1_293' title='bbox 1444 3471 1540 3531; x_wconf 83' lang='grc' dir='ltr'>κρειτ-</span> 
     </span>
     <span class='ocr_line' id='line_1_27' title="bbox 242 3570 1541 3655; baseline 0 -23"><span class='ocrx_word' id='word_1_294' title='bbox 242 3575 328 3644; x_wconf 82' lang='grc' dir='ltr'>τόνως</span> <span class='ocrx_word' id='word_1_295' title='bbox 349 3573 397 3647; x_wconf 72' lang='grc' dir='ltr'>τἠν</span> <span class='ocrx_word' id='word_1_296' title='bbox 421 3573 492 3651; x_wconf 80' lang='grc' dir='ltr'>αύτῷ</span> <span class='ocrx_word' id='word_1_297' title='bbox 514 3577 664 3653; x_wconf 80' lang='grc' dir='ltr'>προσοῦσαν</span> <span class='ocrx_word' id='word_1_298' title='bbox 686 3572 766 3655; x_wconf 89' lang='grc' dir='ltr'>χάριν</span> <span class='ocrx_word' id='word_1_299' title='bbox 787 3571 836 3634; x_wconf 90' lang='grc' dir='ltr'>καί</span> <span class='ocrx_word' id='word_1_300' title='bbox 859 3575 960 3634; x_wconf 86' lang='grc' dir='ltr'>σύνεσιν</span> <span class='ocrx_word' id='word_1_301' title='bbox 983 3573 1101 3650; x_wconf 86' lang='grc' dir='ltr'>καὶτῆς</span> <span class='ocrx_word' id='word_1_302' title='bbox 1125 3573 1257 3653; x_wconf 81' lang='grc' dir='ltr'>ἐντεῦθεν,</span> <span class='ocrx_word' id='word_1_303' title='bbox 1285 3575 1324 3644; x_wconf 84' lang='grc' dir='ltr'>ὡς</span> <span class='ocrx_word' id='word_1_304' title='bbox 1347 3570 1431 3653; x_wconf 83' lang='grc' dir='ltr'>εἰκάς,</span> <span class='ocrx_word' id='word_1_305' title='bbox 1453 3593 1541 3632; x_wconf 90' lang='grc' dir='ltr'>πνευ-</span> 
     </span>
     <span class='ocr_line' id='line_1_28' title="bbox 244 3689 1542 3780; baseline 0 -26"><span class='ocrx_word' id='word_1_306' title='bbox 244 3700 360 3771; x_wconf 86' lang='grc' dir='ltr'>ματικῆς</span> <span class='ocrx_word' id='word_1_307' title='bbox 391 3693 587 3774; x_wconf 83' lang='grc' dir='ltr'>ἐμφορηθείητε</span> <span class='ocrx_word' id='word_1_308' title='bbox 617 3694 728 3770; x_wconf 84' lang='grc' dir='ltr'>ῆδονῆς.</span> <span class='ocrx_word' id='word_1_309' title='bbox 762 3689 894 3780; x_wconf 86' lang='grc' dir='ltr'>[τ]οί[νυν]</span> <span class='ocrx_word' id='word_1_310' title='bbox 916 3693 964 3755; x_wconf 92' lang='grc' dir='ltr'>καὶ</span> <span class='ocrx_word' id='word_1_311' title='bbox 987 3696 1046 3774; x_wconf 87' lang='grc' dir='ltr'>ἔχει</span> <span class='ocrx_word' id='word_1_312' title='bbox 1070 3695 1221 3772; x_wconf 82' lang='grc' dir='ltr'>θέλημαῆ</span> <span class='ocrx_word' id='word_1_313' title='bbox 1251 3693 1380 3770; x_wconf 87' lang='grc' dir='ltr'>βασιλεία</span> <span class='ocrx_word' id='word_1_314' title='bbox 1407 3713 1468 3774; x_wconf 82' lang='grc' dir='ltr'>μου,</span> <span class='ocrx_word' id='word_1_315' title='bbox 1500 3696 1542 3764; x_wconf 78' lang='grc' dir='ltr'>ὡς</span> 
     </span>
     <span class='ocr_line' id='line_1_29' title="bbox 243 3813 1542 3898; baseline 0 -22"><span class='ocrx_word' id='word_1_316' title='bbox 243 3819 275 3876; x_wconf 82' lang='grc' dir='ltr'>ἀν</span> <span class='ocrx_word' id='word_1_317' title='bbox 304 3817 397 3889; x_wconf 79' lang='grc' dir='ltr'>καθὼς</span> <span class='ocrx_word' id='word_1_318' title='bbox 422 3816 471 3892; x_wconf 75' lang='grc' dir='ltr'>τἠν</span> <span class='ocrx_word' id='word_1_319' title='bbox 497 3817 565 3897; x_wconf 86' lang='grc' dir='ltr'>πρδς</span> <span class='ocrx_word' id='word_1_320' title='bbox 592 3817 662 3892; x_wconf 88' lang='grc' dir='ltr'>ύμσῖς</span> <span class='ocrx_word' id='word_1_321' title='bbox 688 3819 832 3892; x_wconf 79' lang='grc' dir='ltr'>ποιήσηται</span> <span class='ocrx_word' id='word_1_322' title='bbox 854 3813 952 3898; x_wconf 83' lang='grc' dir='ltr'>άφιξιν,</span> <span class='ocrx_word' id='word_1_323' title='bbox 985 3816 1148 3896; x_wconf 84' lang='grc' dir='ltr'>ύποδεχύείη</span> <span class='ocrx_word' id='word_1_324' title='bbox 1179 3817 1231 3892; x_wconf 83' lang='grc' dir='ltr'>μὲν</span> <span class='ocrx_word' id='word_1_325' title='bbox 1262 3815 1333 3892; x_wconf 86' lang='grc' dir='ltr'>μετά</span> <span class='ocrx_word' id='word_1_326' title='bbox 1353 3822 1405 3893; x_wconf 90' lang='grc' dir='ltr'>τῆς</span> <span class='ocrx_word' id='word_1_327' title='bbox 1432 3835 1542 3896; x_wconf 82' lang='grc' dir='ltr'>προαη·</span> 
     </span>
     <span class='ocr_line' id='line_1_30' title="bbox 242 3935 1542 4019; baseline -0.001 -21"><span class='ocrx_word' id='word_1_328' title='bbox 242 3939 341 4014; x_wconf 87' lang='grc' dir='ltr'>κούσης</span> <span class='ocrx_word' id='word_1_329' title='bbox 362 3938 408 4000; x_wconf 87' lang='grc' dir='ltr'>καί</span> <span class='ocrx_word' id='word_1_330' title='bbox 435 3937 615 4019; x_wconf 70' lang='grc' dir='ltr'>ὀφειλομένης</span> <span class='ocrx_word' id='word_1_331' title='bbox 641 3945 735 4019; x_wconf 84' lang='grc' dir='ltr'>τιμῆς,</span> <span class='ocrx_word' id='word_1_332' title='bbox 767 3935 924 4016; x_wconf 82' lang='grc' dir='ltr'>ἐνδείξησθε</span> <span class='ocrx_word' id='word_1_333' title='bbox 946 3938 977 3998; x_wconf 89' lang='grc' dir='ltr'>δέ</span> <span class='ocrx_word' id='word_1_334' title='bbox 1000 3937 1047 4000; x_wconf 90' lang='grc' dir='ltr'>καί</span> <span class='ocrx_word' id='word_1_335' title='bbox 1068 3939 1117 4014; x_wconf 81' lang='grc' dir='ltr'>τῆν</span> <span class='ocrx_word' id='word_1_336' title='bbox 1141 3937 1246 3998; x_wconf 85' lang='grc' dir='ltr'>δικαίαν</span> <span class='ocrx_word' id='word_1_337' title='bbox 1272 3941 1341 4018; x_wconf 78' lang='grc' dir='ltr'>προς</span> <span class='ocrx_word' id='word_1_338' title='bbox 1363 3939 1443 3998; x_wconf 78' lang='grc' dir='ltr'>αἰπύν</span> <span class='ocrx_word' id='word_1_339' title='bbox 1464 3937 1542 3996; x_wconf 85' lang='grc' dir='ltr'>ύπα-</span> 
     </span>
     <span class='ocr_line' id='line_1_31' title="bbox 241 4059 1542 4142; baseline -0.002 -20"><span class='ocrx_word' id='word_1_340' title='bbox 241 4062 309 4136; x_wconf 85' lang='grc' dir='ltr'>κοὴν</span> <span class='ocrx_word' id='word_1_341' title='bbox 320 4059 368 4121; x_wconf 88' lang='grc' dir='ltr'>καί</span> <span class='ocrx_word' id='word_1_342' title='bbox 380 4061 540 4141; x_wconf 84' lang='grc' dir='ltr'>εῖκιείθειαν,</span> <span class='ocrx_word' id='word_1_343' title='bbox 553 4062 604 4121; x_wconf 77' lang='grc' dir='ltr'>ὅσα</span> <span class='ocrx_word' id='word_1_344' title='bbox 615 4059 725 4136; x_wconf 86' lang='grc' dir='ltr'>δηλαδή</span> <span class='ocrx_word' id='word_1_345' title='bbox 736 4063 842 4142; x_wconf 85' lang='grc' dir='ltr'>πατέρα</span> <span class='ocrx_word' id='word_1_346' title='bbox 856 4080 887 4120; x_wconf 86' lang='grc' dir='ltr'>τε</span> <span class='ocrx_word' id='word_1_347' title='bbox 901 4060 948 4120; x_wconf 91' lang='grc' dir='ltr'>καὶ</span> <span class='ocrx_word' id='word_1_348' title='bbox 963 4067 1119 4140; x_wconf 85' lang='grc' dir='ltr'>προεστῶτα</span> <span class='ocrx_word' id='word_1_349' title='bbox 1134 4063 1208 4138; x_wconf 89' lang='grc' dir='ltr'>ύμῶν</span> <span class='ocrx_word' id='word_1_350' title='bbox 1223 4063 1284 4133; x_wconf 90' lang='grc' dir='ltr'>ταῖς</span> <span class='ocrx_word' id='word_1_351' title='bbox 1300 4062 1380 4122; x_wconf 86' lang='grc' dir='ltr'>αύτοῦ</span> <span class='ocrx_word' id='word_1_352' title='bbox 1396 4061 1542 4140; x_wconf 84' lang='grc' dir='ltr'>θεοφιλέσι</span> 
     </span>
     <span class='ocr_line' id='line_1_32' title="bbox 241 4180 1542 4264; baseline -0.001 -22"><span class='ocrx_word' id='word_1_353' title='bbox 241 4180 290 4242; x_wconf 90' lang='grc' dir='ltr'>καί</span> <span class='ocrx_word' id='word_1_354' title='bbox 303 4187 496 4258; x_wconf 82' lang='grc' dir='ltr'>πνευματικαῖς</span> <span class='ocrx_word' id='word_1_355' title='bbox 518 4181 688 4262; x_wconf 67' lang='grc' dir='ltr'>εἰσηγήσεσιν</span> <span class='ocrx_word' id='word_1_356' title='bbox 709 4180 753 4242; x_wconf 87' lang='grc' dir='ltr'>ἐπὶ</span> <span class='ocrx_word' id='word_1_357' title='bbox 773 4187 826 4242; x_wconf 85' lang='grc' dir='ltr'>πᾶν</span> <span class='ocrx_word' id='word_1_358' title='bbox 843 4183 960 4260; x_wconf 77' lang='grc' dir='ltr'>ἑτοίμως</span> <span class='ocrx_word' id='word_1_359' title='bbox 975 4182 1138 4256; x_wconf 85' lang='grc' dir='ltr'>ύιτεύιοντες,</span> <span class='ocrx_word' id='word_1_360' title='bbox 1162 4185 1201 4256; x_wconf 83' lang='grc' dir='ltr'>ὼς</span> <span class='ocrx_word' id='word_1_361' title='bbox 1216 4185 1248 4242; x_wconf 84' lang='grc' dir='ltr'>άν</span> <span class='ocrx_word' id='word_1_362' title='bbox 1264 4181 1312 4244; x_wconf 85' lang='grc' dir='ltr'>καὶ</span> <span class='ocrx_word' id='word_1_363' title='bbox 1327 4184 1481 4264; x_wconf 86' lang='grc' dir='ltr'>ύεαρέστως</span> <span class='ocrx_word' id='word_1_364' title='bbox 1505 4181 1542 4241; x_wconf 82' lang='grc' dir='ltr'>τέι</span> 
     </span>
     <span class='ocr_line' id='line_1_33' title="bbox 241 4303 1541 4385; baseline -0.001 -21"><span class='ocrx_word' id='word_1_365' title='bbox 241 4311 290 4380; x_wconf 83' lang='grc' dir='ltr'>τῆς</span> <span class='ocrx_word' id='word_1_366' title='bbox 312 4305 375 4366; x_wconf 74' lang='grc' dir='ltr'>καθ’</span> <span class='ocrx_word' id='word_1_367' title='bbox 395 4306 466 4380; x_wconf 87' lang='grc' dir='ltr'>ύμοῖς</span> <span class='ocrx_word' id='word_1_368' title='bbox 488 4304 579 4381; x_wconf 89' lang='grc' dir='ltr'>οἰνίητε</span> <span class='ocrx_word' id='word_1_369' title='bbox 602 4305 717 4385; x_wconf 82' lang='grc' dir='ltr'>ἀγωγῆς</span> <span class='ocrx_word' id='word_1_370' title='bbox 738 4304 784 4365; x_wconf 91' lang='grc' dir='ltr'>καί</span> <span class='ocrx_word' id='word_1_371' title='bbox 813 4303 891 4377; x_wconf 80' lang='grc' dir='ltr'>ἀξίαν</span> <span class='ocrx_word' id='word_1_372' title='bbox 920 4306 1003 4384; x_wconf 83' lang='grc' dir='ltr'>ἔχητε</span> <span class='ocrx_word' id='word_1_373' title='bbox 1031 4306 1164 4366; x_wconf 90' lang='grc' dir='ltr'>δεικνύναι</span> <span class='ocrx_word' id='word_1_374' title='bbox 1191 4306 1289 4382; x_wconf 86' lang='grc' dir='ltr'>ταύτην</span> <span class='ocrx_word' id='word_1_375' title='bbox 1315 4309 1362 4366; x_wconf 81' lang='grc' dir='ltr'>τοῦ</span> <span class='ocrx_word' id='word_1_376' title='bbox 1390 4304 1541 4382; x_wconf 81' lang='grc' dir='ltr'>ἐπαγγέλ-</span> 
     </span>
     <span class='ocr_line' id='line_1_34' title="bbox 243 4425 1542 4508; baseline -0.001 -23"><span class='ocrx_word' id='word_1_377' title='bbox 243 4447 338 4504; x_wconf 87' lang='grc' dir='ltr'>ματος,</span> <span class='ocrx_word' id='word_1_378' title='bbox 370 4425 409 4498; x_wconf 91' lang='grc' dir='ltr'>εἰς</span> <span class='ocrx_word' id='word_1_379' title='bbox 431 4427 517 4502; x_wconf 81' lang='grc' dir='ltr'>ἀκοὴν</span> <span class='ocrx_word' id='word_1_380' title='bbox 547 4425 578 4487; x_wconf 89' lang='grc' dir='ltr'>δέ</span> <span class='ocrx_word' id='word_1_381' title='bbox 608 4427 655 4488; x_wconf 90' lang='grc' dir='ltr'>καὶ</span> <span class='ocrx_word' id='word_1_382' title='bbox 684 4431 734 4502; x_wconf 85' lang='grc' dir='ltr'>τῆς</span> <span class='ocrx_word' id='word_1_383' title='bbox 760 4428 898 4508; x_wconf 87' lang='grc' dir='ltr'>ἡμετέρας</span> <span class='ocrx_word' id='word_1_384' title='bbox 925 4428 1068 4504; x_wconf 91' lang='grc' dir='ltr'>βασιλείας</span> <span class='ocrx_word' id='word_1_385' title='bbox 1094 4428 1128 4486; x_wconf 82' lang='grc' dir='ltr'>τὰ</span> <span class='ocrx_word' id='word_1_386' title='bbox 1149 4431 1196 4488; x_wconf 83' lang='grc' dir='ltr'>τοῦ</span> <span class='ocrx_word' id='word_1_387' title='bbox 1218 4429 1383 4508; x_wconf 84' lang='grc' dir='ltr'>πράγματος</span> <span class='ocrx_word' id='word_1_388' title='bbox 1403 4427 1542 4505; x_wconf 79' lang='grc' dir='ltr'>φθάνοντα</span> 
     </span>
     <span class='ocr_line' id='line_1_35' title="bbox 241 4543 1541 4629; baseline 0.002 -23"><span class='ocrx_word' id='word_1_389' title='bbox 241 4547 290 4622; x_wconf 79' lang='grc' dir='ltr'>τὴν</span> <span class='ocrx_word' id='word_1_390' title='bbox 310 4545 342 4620; x_wconf 74' lang='grc' dir='ltr'>ἐξ</span> <span class='ocrx_word' id='word_1_391' title='bbox 364 4549 445 4623; x_wconf 80' lang='grc' dir='ltr'>αύπῆς</span> <span class='ocrx_word' id='word_1_392' title='bbox 468 4547 596 4627; x_wconf 85' lang='grc' dir='ltr'>εύλογίαν</span> <span class='ocrx_word' id='word_1_393' title='bbox 617 4550 685 4628; x_wconf 71' lang='grc' dir='ltr'>πρὸς</span> <span class='ocrx_word' id='word_1_394' title='bbox 707 4548 777 4622; x_wconf 82' lang='grc' dir='ltr'>ὑμαῖς</span> <span class='ocrx_word' id='word_1_395' title='bbox 800 4549 993 4628; x_wconf 86' lang='grc' dir='ltr'>ἀντεφέλκητε.</span> <span class='ocrx_word' id='word_1_396' title='bbox 1028 4549 1107 4626; x_wconf 86' lang='grc' dir='ltr'>μηνὶ</span> <span class='ocrx_word' id='word_1_397' title='bbox 1130 4543 1226 4629; x_wconf 85' lang='grc' dir='ltr'>μαῖῳ,</span> <span class='ocrx_word' id='word_1_398' title='bbox 1250 4547 1461 4620; x_wconf 84' lang='grc' dir='ltr'>ἰνδικτιῶνος</span> <span class='ocrx_word' id='word_1_399' title='bbox 1485 4543 1541 4628; x_wconf 76' lang='grc' dir='ltr'>ιγ’.</span> 
     </span>
    </p>
   </div>
   <div class='ocr_carea' id='block_1_5' title="bbox 242 4674 1543 4749">
    <p class='ocr_par' dir='ltr' id='par_1_5' title="bbox 242 4674 1543 4749">
     <span class='ocr_line' id='line_1_36' title="bbox 242 4674 1543 4749; baseline 0.001 -22"><span class='ocrx_word' id='word_1_400' title='bbox 242 4674 277 4728; x_wconf 85' lang='grc' dir='ltr'>Ια</span> <span class='ocrx_word' id='word_1_401' title='bbox 299 4675 454 4728; x_wconf 79' lang='grc' dir='ltr'>ύιύίῖσιίιοσα</span> <span class='ocrx_word' id='word_1_402' title='bbox 476 4675 628 4730; x_wconf 77' lang='grc' dir='ltr'>Ρα-νίσίσιιιιιΙ</span> <span class='ocrx_word' id='word_1_403' title='bbox 649 4682 808 4730; x_wconf 74' lang='lat' dir='ltr'><strong><em>asservatur</em></strong></span> <span class='ocrx_word' id='word_1_404' title='bbox 829 4677 912 4730; x_wconf 81' lang='grc' dir='ltr'>οοάεαα</span> <span class='ocrx_word' id='word_1_405' title='bbox 932 4695 1052 4732; x_wconf 77' lang='grc' dir='ltr'>ιιιαιιιισα.</span> <span class='ocrx_word' id='word_1_406' title='bbox 1078 4676 1140 4746; x_wconf 71' lang='grc' dir='ltr'>(που</span> <span class='ocrx_word' id='word_1_407' title='bbox 1157 4680 1219 4732; x_wconf 83' lang='grc'>598</span> <span class='ocrx_word' id='word_1_408' title='bbox 1234 4695 1283 4732; x_wconf 74' lang='lat' dir='ltr'>ms.</span> <span class='ocrx_word' id='word_1_409' title='bbox 1295 4696 1337 4749; x_wconf 81' lang='grc' dir='ltr'>ρν.</span> <span class='ocrx_word' id='word_1_410' title='bbox 1355 4679 1418 4730; x_wconf 81' lang='lat' dir='ltr'><em>olim</em></span> <span class='ocrx_word' id='word_1_411' title='bbox 1432 4676 1543 4730; x_wconf 78' lang='lat' dir='ltr'><strong><em>Oolber-</em></strong></span> 
     </span>
    </p>
   </div>
   <div class='ocr_carea' id='block_1_6' title="bbox 0 0 1598 5286">
    <p class='ocr_par' dir='ltr' id='par_1_6' title="bbox 0 0 1598 5286">
     <span class='ocr_line' id='line_1_37' title="bbox 0 0 1598 5286; baseline 0 1"><span class='ocrx_word' id='word_1_412' title='bbox 0 0 1598 5286; x_wconf 95' lang='lat' dir='ltr'> </span> 
     </span>
    </p>
   </div>
  </div>
 </body>
</html>
