3184 5288
1261 377 1322 443 159

42 569 155 641 νέμοιτε
177 567 225 628 καὶ
247 571 349 646 μα’κτου
371 568 484 648 ἀγνοίας
506 568 554 630 καί
575 569 680 630 λοιπῶν
703 568 794 630 αἰτίων
817 591 870 630 των
897 573 954 644 τοῖς
981 569 1064 643 θείοις
1091 572 1182 646 νόμοις
1210 570 1321 651 ἀπηγο-

42 689 170 768 ρευμένων,
199 691 269 770 προς
295 691 326 751 σὲ
352 693 398 752 τον
429 690 702 771 μεγαλενδοξύτατσν
729 691 973 773 πρωτοβεοτιάριον
1004 698 1078 774 κύριν
1108 693 1128 752 Γ
1131 688 1245 774 εώργιον
1275 694 1321 754 εον

42 810 167 888 Εννούχον,
199 811 248 870 διὰ
277 815 324 873 σοῖν
353 811 401 872 καί
429 815 496 893 τρδς
519 814 590 874 ἅπαν
617 815 647 875 τ“ο
673 813 756 875 λυθὲν
783 815 837 874 ἀπδ
865 819 912 875 σού
938 815 1081 895 πρόσωπον
1103 835 1134 876 τε
1155 813 1204 876 καί
1226 816 1320 895 μέρος,

40 931 115 1004 καθὼς
137 931 342 1008 δηλωθήσεται·
365 933 412 994 καὶ
435 935 489 1015 γὰρ
512 931 546 994 τὰ
569 935 602 996 ἐκ
623 941 736 1014 γενικῆς
762 936 841 1012 ἡμῶν
868 935 1055 1016 κληρονομίας
1077 936 1235 1010 κεκτήμεθα
1257 957 1319 1014 χω-

39 1054 105 1132 ρίρια
128 1054 161 1112 τὰ
184 1053 250 1116 ὄντα
276 1055 323 1116 καί
350 1056 511 1131 διακείμενα
535 1057 564 1116 ἐν
586 1056 638 1131 μὲν
665 1063 698 1132 τῆ
721 1063 837 1140 περιοχῇ
868 1062 922 1116 τῶν
944 1057 1088 1138 Τροπιγιῖιν
1116 1061 1162 1118 τού
1184 1058 1320 1137 πλαγινού

38 1174 73 1233 σύν
91 1181 141 1234 τῶν
163 1176 302 1257 μανδριῖνν,
326 1177 448 1259 ύποῖρχον
471 1177 574 1253 μοδίων
597 1178 757 1258 δεκατριῶν,
780 1177 898 1255 πλησίον
920 1184 970 1254 της
994 1180 1179 1258 Ἀρμένησσας
1201 1177 1247 1240 καὶ
1270 1185 1319 1256 της

37 1295 162 1370 Χελιῖννσς.
185 1297 303 1374 πλησίον
325 1303 373 1360 τού
397 1300 558 1380 Πτερειύτη,
582 1299 683 1376 μοδίων
707 1297 752 1381 ἕξ,
775 1307 825 1376 τῆς
847 1300 931 1379 ὠρίας
952 1298 1069 1376 πλησίον
1091 1304 1137 1362 τού
1160 1301 1319 1382 Κορκιύιτου

36 1417 121 1491 μοδίων
136 1415 276 1501 τεσσάρων
291 1421 336 1482 σύν
356 1423 387 1482 τ“ο
408 1424 523 1498 κομάτιν
546 1425 592 1482 τοῖν
614 1419 693 1500 α’γίου
709 1420 913 1482 Κωνσταντίνου
934 1421 1051 1498 πλησίον
1073 1425 1119 1482 τού
1134 1421 1317 1504 Κσυτρουβού,

35 1537 120 1612 μοδίων
135 1548 228 1622 τριῶν,
247 1544 282 1602 τὰ
304 1544 444 1623 σίμρύτερα
467 1543 569 1620 μοδίων
592 1543 678 1604 είκοσι
700 1543 747 1604 καὶ
770 1542 811 1622 ἔξ,
836 1541 876 1614 εἰς
898 1543 1051 1620 νομίσματα
1073 1544 1107 1604 τὰ
1130 1540 1230 1624 ἀρεστὰ
1251 1546 1317 1619 ἡμῖν

34 1660 155 1743 δεκατρία,
183 1666 202 1724 ἂ
228 1663 276 1724 καὶ
304 1663 444 1742 ἐλάβομεν
471 1669 556 1726 ταῖτα
582 1665 616 1725 ἐκ
641 1671 695 1725 τῶν
723 1670 825 1744 χειρῶν
847 1685 893 1725 σου
920 1663 967 1724 καὶ
994 1664 1110 1738 τελείως
1138 1664 1317 1746 ἐκπληρωθὲν

33 1785 54 1841 τε
78 1785 139 1844 διον
169 1786 278 1862 τίμημα
305 1788 394 1868 αύτού,
421 1785 469 1848 καὶ
495 1787 545 1848 ουκ
572 1787 631 1866 ἔχω
657 1788 744 1866 λύγον
770 1787 830 1847 τινὰ
856 1789 927 1846 κατά
947 1805 995 1846 σου
1016 1790 1034 1862 ἢ
1058 1790 1104 1847 τοῖν
1127 1785 1194 1846 δλου
1216 1787 1316 1866 μέρους

33 1924 76 1965 τεν,
100 1900 300 1987 παρεδώθηοάν
322 1929 363 1968 οοι
387 1908 419 1968 δὲ
441 1909 475 1968 τὰ
497 1913 607 1969 τοιαῖτα
628 1911 754 1988 χωράρια
776 1908 825 1984 τἠν
847 1911 967 1989 σήμερον
990 1913 1132 1990 σωματικῇ
1154 1907 1315 1988 παραδόσει,

32 2029 66 2084 τού
94 2027 167 2106 ἔχειν
198 2033 282 2088 ταῦτα
315 2029 362 2090 καί
392 2030 522 2106 νέμεσθαι
551 2029 665 2110 κυρίως,
699 2030 848 2108 αύθεντῶς,
880 2028 972 2101 ίδικῶς
999 2049 1029 2088 τε
1062 2028 1109 2090 καὶ
1139 2033 1314 2110 μονομεριῖνς,

31 2145 221 2226 ἀπερισπάστως
247 2150 295 2210 καὶ
322 2149 532 2223 ἀνεπικωλύτως
562 2153 601 2227 μή
631 2170 702 2222 τινος
730 2151 947 2226 νωλυύμενοςῆ
974 2149 1260 2232 παρεμπσδιζόμενος,
1284 2151 1315 2210 ού

30 2270 80 2348 παρ’
92 2271 171 2344 ἡμῶν
192 2270 248 2330 τῶν
269 2273 448 2353 πεπρακύτων
464 2293 505 2333 σοι
528 2271 687 2333 τὰτοιαῦτα
708 2273 844 2354 χωράρια,
869 2273 899 2332 ού
920 2274 985 2352 παρ’
1002 2273 1094 2353 ἑτέρου
1116 2275 1261 2353 προσώπου
1283 2273 1314 2332 τδ

30 2391 135 2472 σύνολον,
166 2391 247 2452 ἀλλὰ
275 2393 386 2470 μᾶλλον
414 2393 530 2455 ἐκνικεῖν
553 2415 594 2454 σοι
621 2393 767 2474 ὀφείλομεν
795 2393 848 2453 ἀπο
871 2395 972 2466 παντὸς
1000 2393 1180 2472 δικαστηρίου,
1203 2398 1250 2454 τού
1273 2394 1312 2470 μὴ

30 2516 95 2571 κινεῖν
125 2514 219 2592 δχλήν
246 2535 289 2576 σοι
315 2519 334 2591 ἡ
362 2517 470 2593 ζήτησιν
502 2517 576 2595 ἔχειν
600 2517 642 2576 σοί
671 2535 737 2576 ποτε
764 2515 802 2596 τῷ
833 2515 930 2596 καιρῷ,
962 2515 1029 2575 ἀλλ’
1054 2517 1130 2594 ἔχειν
1160 2519 1244 2576 ταῦτα
1274 2513 1313 2586 εἰς

29 2633 75 2704 τούς
99 2632 164 2714 ἑξῆς
190 2637 313 2710 ἅπαντας
341 2635 388 2696 καὶ
419 2637 554 2714 διηνεκεῖς
580 2639 696 2717 χρόνους
725 2635 765 2709 είς
791 2637 821 2696 τδ
848 2636 963 2716 πωλεῖν,
993 2635 1150 2718 προικίζειν,
1180 2637 1312 2718 χαρίζειν,

28 2753 181 2838 λεγατεύειν,
199 2758 397 2820 ἀνταλλάττειν
412 2757 460 2819 καί
475 2759 583 2838 ἀλλως,
600 2759 638 2830 ὡς
662 2756 735 2831 δόξει
751 2777 802 2838 σοι,
825 2761 871 2818 τοῖν
895 2759 969 2836 ἔχειν
993 2759 1069 2820 αύτοῖ.
1093 2758 1132 2818 ἔτι
1153 2763 1218 2837 γοῦν
1240 2777 1312 2833 συμ-

28 2883 149 2953 μυνούμεν
180 2878 228 2940 καί
257 2885 344 2962 τοῦτο,
372 2883 411 2954 ὡς
434 2883 479 2940 ὅτε
507 2881 558 2956 δψὲ
583 2899 650 2940 ποτε
679 2879 717 2958 τῷ
751 2878 839 2960 καιρῷ
869 2879 1060 2956 ἐπανακάμψει
1091 2899 1131 2950 τις
1164 2878 1209 2958 ἀρ’
1231 2880 1311 2954 ἡμῶν

27 2997 63 3057 καὶ
85 2999 162 3080 λέγει
191 3001 259 3083 ύτὲρ
285 3008 339 3062 τῶν
365 3003 492 3062 τοιούτων
519 2999 675 3082 χωραρίων,
703 3002 785 3076 ἡμεῖς
812 2999 957 3075 μέλλομεν
985 2999 1133 3060 ἀποπαύειν
1160 2998 1207 3059 καὶ
1239 2999 1311 3060 ἀπο-

28 3119 100 3192 πβεῖν
129 3125 176 3183 τὀν
204 3128 333 3206 τοιοῦτον,
356 3125 419 3186 ἐσοῦ
447 3125 486 3200 μὴ
510 3123 676 3202 ἐνεχομένου
703 3123 733 3182 εδ
761 3122 892 3182 σύνολον·
916 3120 962 3182 καί
990 3121 1061 3181 κατὰ
1086 3125 1163 3182 τούτο
1191 3121 1310 3201 ἀσραλι-

27 3241 121 3320 ζὲμεθα,
144 3248 219 3318 δστις
243 3247 296 3327 ἄρα
317 3248 351 3306 τὰ
376 3248 443 3328 πρδς
466 3247 619 3327 ἀνατροπὴν
645 3251 695 3324 τῆς
721 3245 858 3325 παρούσης
885 3243 1037 3322 ἀσφαλείας
1060 3244 1185 3324 ἔγγραρα
1207 3245 1309 3324 πειρύν-

27 3383 92 3438 μενος
116 3370 193 3446 τάχα
219 3368 373 3429 ἀποσπάσαι
400 3369 454 3428 ἀπδ
476 3373 524 3429 σού
542 3373 671 3448 ,μερικῶς
693 3371 711 3441 ἡ
735 3367 856 3426 καθόλου
882 3369 900 3440 ἢ
927 3365 1088 3440 καταβολὴν
1115 3367 1268 3440 τιμήματος
1291 3369 1309 3439 ἢ

27 3485 99 3569 βίαῆ
127 3490 280 3574 σίναργυρίᾳ
301 3495 319 3565 ἢ
341 3497 396 3551 τῶν
417 3495 603 3572 παραγραρῶν
625 3487 867 3570 προβαλλόμενος,
890 3487 951 3546 τότε
973 3487 1013 3564 μὴ
1037 3488 1120 3564 μόνον
1135 3487 1180 3546 τδν
1195 3487 1310 3566 Χριστσν

26 3611 61 3669 καὶ
79 3613 136 3674 θεον
159 3617 242 3692 ἡμῶν
265 3609 365 3689 ἕξομεν
391 3613 522 3694 διάδικον,
545 3611 623 3672 ἀλλὰ
645 3610 693 3671 καί
715 3611 764 3682 τὰς
787 3609 856 3691 ἀρὰς
880 3605 955 3694 [τῶν]
980 3607 1040 3692 ,κη’
1065 3608 1149 3686 ἁγίων
1172 3609 1309 3690 θεορόρων

27 3737 131 3817 πατέρων
153 3737 383 3818 κληρονομοῡμεν
410 3733 457 3796 καὶ
479 3736 509 3795 τδ
532 3733 667 3814 ἀνάθεμα,
695 3731 741 3792 καί
762 3733 780 3807 ἡ
804 3730 882 3812 μερὶς
912 3733 991 3808 ἡμῶν
1021 3730 1135 3808 ταχθείη
1164 3731 1234 3806 μετὰ
1262 3735 1309 3790 τού

27 3853 151 3936 ἀμερίστου
173 3859 223 3921 καί
237 3857 369 3941 προδότου
386 3856 487 3926 Ἰούδα,
509 3861 556 3916 τοῖν
579 3853 701 3927 εἴποντος
720 3850 814 3936 «ἆρον,
835 3853 987 3936 σταύρωσον
1005 3855 1052 3912 τδν
1067 3853 1123 3912 υίον
1144 3857 1191 3912 τού
1214 3853 1307 3914 θεοῦ».

27 3975 87 4038 ἀλλὰ
113 3981 180 4042 α’κιδι
207 3981 242 4042 τὰ
270 3981 401 4061 δεκάτρια
427 3979 581 4056 νομίσματα
607 3977 775 4058 καινούργια,
808 3977 877 4056 ἅπερ
901 3969 1041 4051 ἐλάβομεν
1065 3975 1118 4034 ἀπὸ
1141 3995 1187 4034 σου
1211 3973 1255 4034 ἐπὶ
1277 3976 1307 4034 τδ

27 4096 117 4162 διπλοῦν
144 4104 366 4184 ἀναστρέψωμεν
394 4103 462 4182 προς
485 4099 515 4160 οὲ
541 4097 589 4160 καὶ
617 4101 647 4159 τδ
675 4099 741 4160 ύλον
764 4099 848 4178 μέρος
870 4119 918 4158 σου
941 4095 987 4157 καὶ
1009 4099 1076 4178 πρδς
1098 4097 1129 4156 τ“ο
1153 4091 1305 4180 [δημόσιον]

26 4225 46 4278 τὲ
68 4224 147 4302 τρίτον
177 4226 288 4286 τούτων.
320 4222 364 4284 ἐπὶ
393 4227 471 4284 τοῦτο
501 4217 555 4303 γὰρ
585 4219 633 4282 καὶ
660 4221 690 4280 τδ
719 4221 806 4300 παρδν
835 4219 982 4300 πρατήρισν
1012 4220 1091 4294 ἡμῶν
1122 4218 1306 4297 ἑνυπύγραρον

28 4341 142 4425 ἔγγραφον
176 4347 246 4427 προς
278 4347 349 4422 ύμοῖς
378 4346 568 4420 πεποιήκαμεν
601 4349 635 4426 τῇ
665 4343 744 4418 ἡμῶν
777 4347 917 4422 προτροπῇ
946 4345 981 4420 τῇ
1006 4337 1079 4419 χειρί
1103 4337 1306 4399 Κωνσταντίνου

25 4459 103 4542 ’κρέως
127 4473 174 4529 τού
197 4468 394 4549 Μυρσινιώτου,
422 4469 535 4542 νομικοῖν
561 4461 608 4526 καί
631 4465 834 4546 δευτερεύοντος
856 4469 906 4540 τῆς
928 4463 1084 4541 ἁγιωτάτης
1107 4461 1306 4541 μητροπόλεως

25 4584 146 4670 Μιλήτου,
181 4591 308 4670 Κάοτρου
342 4588 505 4668 Παλατίων,
545 4589 660 4648 ἐνώπιον
693 4591 747 4646 τῶν
780 4585 994 4666 ὑπο-γραψάντων
1029 4585 1179 4664 μαρτύρων.
1219 4580 1306 4660 μηνὶ

24 4709 214 4793 ρεβρσυαρίῳ
241 4711 451 4781 ίνδικτιῶνος
474 4709 500 4769 α’
526 4711 619 4779 ἔτους
642 4707 763 4790 ΗΜ·
788 4709 808 4786 ί
