3184 5288
263 351 305 417 84

260 546 384 628 Εθρίπῳ,
411 549 457 608 τόν
485 549 613 631 Χριστόν,
644 551 693 624 τήν
721 547 857 612 Θεοτόκον
884 550 931 610 καί
966 554 1011 612 τόν
1040 554 1216 632 Ἀσώματον,
1251 553 1432 636 ἱστορημένοις
1461 553 1502 626 εἰς
1529 556 1555 612 ἓν

260 670 378 730 σανίδιον
404 665 628 755 ὑλογραήφικσίςή.
657 671 737 751 ἑτέρα
765 670 845 732 εἰκὼν
868 673 885 747 ή
909 673 1075 755 Σταθρωσις,
1104 676 1207 754 ἔχουσα
1234 674 1282 736 καὶ
1308 677 1353 734 τόν
1382 677 1459 756 ἀγιον
1483 674 1554 738 Θεο-

259 791 355 870 λόγον.
387 793 469 872 ἑτέρα
492 790 573 853 εἰκὼν
596 793 734 873 δίπτυχος,
758 793 861 872 έχουσα
887 794 935 866 τάς
963 795 1125 868 δεσποτικὰς
1148 799 1255 878 ἑορτάς,
1282 798 1487 874 καταλιμπάνω
1508 796 1552 856 καὶ

259 915 359 985 ταύτας
382 912 422 988 εἰς
443 915 492 990 τήν
516 913 688 989 δηλωθεῖσαν
710 918 804 990 μονήν.
828 915 863 975 τὰ
885 915 917 976 δέ
938 917 1024 978 πλοῖα
1045 918 1080 977 τὰ
1107 919 1234 1000 ἀνωτέρω
1262 917 1394 1000 εἰρημένα
1416 919 1553 998 όρείλουσι

259 1035 485 1116 λσγαριασθήναι,
516 1038 567 1096 όσα
598 1037 630 1096 διν
660 1034 784 1110 ταξείδια
811 1040 966 1114 ποιήσουσιν
996 1038 1022 1098 οἱ
1052 1041 1248 1113 πιστικεθοντες
1278 1045 1376 1120 ταῦτα,
1407 1041 1484 1120 παρὰ
1510 1047 1553 1100 τοῦ

257 1155 459 1238 χαριοτικαρίου
481 1156 528 1218 καὶ
554 1163 608 1217 τῶν
631 1164 769 1236 μοναχῶν.
795 1159 877 1240 ἑτέρα
900 1158 981 1219 εἰκὼν
1003 1162 1021 1235 ή
1045 1159 1182 1234 Θεοτόκος
1205 1157 1399 1247 ὑλογραήρική]
1424 1161 1471 1222 καὶ
1494 1165 1552 1220 τοιά-

259 1301 308 1355 ιην
331 1279 400 1358 ἀριιῦ
424 1278 464 1352 εἰς
486 1281 517 1340 τδ
540 1280 622 1361 ῥηθὲν
646 1283 833 1360 μοναστήριον.
858 1281 919 1353 τοὺς
941 1279 973 1341 δὲ
996 1281 1121 1360 ἀνεψιούς
1145 1303 1196 1358 μου
1218 1283 1279 1356 τοῦς
1303 1283 1432 1364 ἀνωτέρω
1456 1285 1552 1364 ῥηθέν-

257 1421 307 1472 τας
334 1403 419 1477 μόνην
447 1401 495 1478 τήν
522 1401 607 1480 εθχήν
634 1422 686 1478 μου
713 1402 782 1480 ἀριῶ
809 1402 907 1474 αὺτοῖς.
936 1401 962 1462 σί
984 1403 1037 1483 γὰρ
1065 1401 1183 1483 μοναχοί
1206 1403 1230 1464 οἱ
1251 1403 1381 1476 πλείονες
1411 1405 1483 1480 μετὰ
1509 1406 1553 1479 τήν

258 1523 400 1582 ἐπέλευσιν
427 1528 481 1582 τῶν
509 1522 594 1582 ἐθνῶν
621 1526 787 1600 μετανάσται
813 1524 969 1603 γεγόνασιν,
1002 1523 1092 1596 ἀλλος
1114 1521 1255 1604 ἀλλαχόθι
1286 1523 1482 1606 διασπαρέντες
1504 1528 1553 1586 ἀπό

257 1644 340 1723 φόβου
370 1645 474 1704 αθτῶν·
504 1646 562 1705 όσοι
588 1642 635 1704 ἀπ’
665 1645 751 1704 αθτῶν
781 1644 986 1724 θποστρέψουσιν
1022 1646 1049 1703 ἐν
1077 1651 1110 1727 τῇ
1142 1643 1273 1729 εἰρημένῃ
1304 1653 1390 1728 μονῇ,
1422 1648 1553 1722 βαλόντες

257 1767 404 1840 μετάνοιαν
426 1765 465 1846 τῷ
487 1765 683 1848 χαριστικαρίῳ
706 1765 859 1846 Θεοδοσίῳ,
882 1764 921 1844 τῷ
943 1769 989 1825 τοῦ
1012 1767 1182 1847 Καστρισίου,
1208 1763 1238 1840 ἐξ
1262 1766 1424 1849 εἰλικρινοῦς
1446 1769 1554 1847 ἀγάπης

255 1887 302 1949 καί
324 1888 450 1970 πίστεως,
480 1887 684 1968 προσδέχωνται
710 1887 774 1968 παρ’
803 1887 891 1948 αθτοῦ,
920 1887 959 1946 έτι
987 1887 1018 1946 δέ
1045 1885 1093 1947 καί
1119 1892 1196 1948 τοῦτο
1224 1888 1365 1967 φυλάττειν
1393 1892 1551 1970 προστάσσω

254 2013 301 2072 τδν
323 2009 466 2092 εἰρημένον
488 2013 700 2090 χαριστικάριον,
730 2013 776 2069 τοῦ
800 2011 899 2085 μηκέτι
923 2009 996 2086 ἔχειν
1020 2007 1143 2082 ἐξουσίαν
1166 2011 1358 2091 παραπέμπειν
1381 2011 1412 2070 τό
1435 2016 1552 2072 τοιοῦτον

256 2136 434 2212 μοναστήριον
462 2131 502 2204 είς
529 2152 587 2191 τινα
613 2137 667 2191 τῶν
691 2128 887 2211 μοναστηρίων,
915 2130 982 2190 ἀλλ’
1007 2131 1204 2192 αθτοδέσποτον
1226 2130 1274 2192 καί
1296 2130 1467 2205 αθτεξοίσιον
1492 2131 1552 2192 δια-

254 2255 435 2336 πηρηθήσεται
466 2255 549 2334 μέχρι
578 2258 628 2328 τῆς
654 2256 701 2313 τοῦ
728 2253 830 2328 κόσμου
858 2252 1029 2333 συντελείας,
1056 2253 1128 2312 κατὰ
1154 2253 1203 2328 τήν
1229 2257 1276 2314 τοῦ
1302 2254 1375 2313 θείου
1397 2253 1445 2314 καί
1468 2275 1552 2334 προσ-

253 2379 367 2451 κυνητοῦ
389 2374 597 2456 χρυσσβσίιλλου
619 2373 774 2454 περίληψιν.
799 2373 870 2446 ὅστις
894 2370 938 2433 οῦν
961 2373 994 2433 τά
1016 2374 1080 2454 παρ’
1102 2374 1170 2449 ἐμοῦ
1192 2376 1331 2456 ὁρισθέντα
1354 2376 1468 2457 ἀκυροῦν
1490 2377 1552 2436 πολ·

255 2499 336 2573 μήσει
367 2500 385 2572 ή
417 2496 565 2578 ἐναντιωθῇ
600 2495 671 2555 κατὰ
703 2500 753 2569 τής
785 2495 923 2574 παρούσης
952 2515 1004 2569 μου
1038 2501 1168 2572 μυστικῆς
1198 2497 1332 2572 διαθήκης
1365 2500 1384 2571 ή
1414 2503 1447 2579 τῇ
1482 2504 1551 2579 μονή

252 2619 335 2702 ταύτῃ
362 2617 409 2678 καὶ
437 2621 495 2690 τοῖς
525 2619 628 2698 ῥηθεῖσι
654 2615 866 2696 χαριστικαρίοις
894 2636 955 2696 μου,
983 2617 1075 2688 όπαῖος
1101 2615 1147 2675 καὶ
1174 2617 1244 2698 πίχῃ
1271 2613 1351 2698 εἰναι,
1380 2619 1450 2678 έστω
1479 2618 1552 2696 αῦτῷ

253 2737 378 2815 ἀνάθεμα
411 2739 463 2798 ἀπό
497 2737 588 2819 κυρίου
622 2739 684 2796 θεοῦ
714 2739 946 2818 παντοκράτορος,
978 2733 1056 2809 ξένος
1086 2735 1133 2796 καί
1163 2737 1311 2818 ἀλλότριος
1342 2739 1473 2820 ὑπάρχων
1503 2745 1552 2816 τῆς

253 2862 404 2937 ἀμωμήτου
433 2859 550 2932 πίστεως
579 2865 633 2919 τῶν
659 2865 832 2939 χριστιανιῦν,
860 2857 1041 2938 κληρονόμων
1063 2859 1111 2933 τὴν
1134 2859 1201 2938 ἀρὰν
1224 2866 1278 2920 τῶν
1300 2858 1353 2937 τιη’
1377 2859 1464 2939 ἁγίων
1488 2863 1550 2920 θεο-

252 2984 341 3064 φόρων
367 2984 492 3064 πατέρων
521 2979 568 3042 καὶ
598 2981 646 3056 τήν
676 2981 746 3056 ἐμὴν
777 2979 845 3060 ἀράν
876 2983 922 3040 τοῦ
949 2979 1128 3061 ἁμαρτωλοῦ,
1159 2979 1206 3041 καί
1233 2983 1293 3057 μετ’
1322 2981 1434 3042 ἐκείνων
1461 3003 1550 3042 κατα-

252 3105 369 3187 λογισθή
384 3107 402 3182 ή
418 3103 496 3185 μερίς
512 3105 600 3176 αθτοῦ,
616 3101 670 3162 τῶν
685 3099 858 3182 πραξάντων·
879 3099 978 3183 «ἆρον,
994 3098 1069 3183 ἀρον,
1086 3103 1238 3183 σταύρωσον
1254 3103 1300 3162 τδν
1315 3107 1362 3163 τοῦ
1382 3105 1444 3164 θεοῦ
1459 3103 1550 3164 υίόν».

253 3224 296 3287 ἐπὶ
320 3227 404 3306 τούτῳ
427 3227 481 3306 γὰρ
503 3223 551 3286 καί
573 3226 622 3300 τὴν
643 3225 780 3305 παροῦσάν
801 3244 853 3298 μου
877 3223 1090 3303 έσρραγισμένην
1112 3222 1159 3284 καὶ
1182 3225 1311 3299 μυστικήν
1335 3223 1469 3300 διαθήκην
1493 3222 1550 3296 ἐξε-

252 3351 350 3428 θέμην,
380 3349 530 3429 γραφεῖσαν
559 3352 592 3428 τῇ
622 3351 760 3428 προτροπή
790 3365 842 3420 μου
871 3344 943 3424 χειρὶ
965 3343 1111 3425 Γεωργίου,
1138 3345 1321 3427 πρεσβυτέρου
1350 3343 1398 3406 καί
1426 3346 1550 3426 νοταρίσυ

252 3470 377 3551 Εθρίπου,
407 3473 453 3529 τοῦ
484 3469 517 3528 ἐκ
545 3467 715 3548 Στροβήλου,
747 3464 824 3542 μηνὶ
854 3465 980 3545 μαρτίῳ
1008 3465 1145 3548 δεκάτῃ,
1176 3469 1244 3547 ὥρα
1275 3467 1410 3550 έννάτη,
1440 3469 1551 3548 ἡμέρᾳ

249 3593 396 3675 πέμπτῃ,
426 3590 632 3660 ίνδικτιῶνος
660 3585 704 3648 α’.
734 3589 803 3648 έτει
831 3585 958 3669 ,ςχα’.,
986 3587 1033 3648 καὶ
1061 3591 1198 3669 μάρτυρας
1224 3590 1380 3669 προέτρεψα
1406 3592 1454 3648 τοῦ
1480 3589 1550 3648 ὑπο-

250 3716 355 3794 γράψαι
381 3711 428 3773 καί
455 3714 608 3792 σφραγίσαι.
636 3711 795 3791 προστάσσω
822 3708 869 3770 καί
896 3713 987 3790 τοῦτο,
1014 3711 1059 3768 ίνα
1083 3756 1252 3772 ......
1277 3711 1432 3790 άπέρχηται
1458 3709 1474 3768 ό
1500 3731 1550 3769 νο-

249 3835 341 3914 τάριος
369 3834 506 3914 Γεώργιος
527 3831 575 3893 καὶ
600 3832 799 3914 πρεσβύτερος,
825 3833 856 3890 τό
884 3833 1065 3906 πνευματικόν
1093 3852 1145 3906 μου
1171 3831 1289 3908 παιδίον,
1312 3833 1327 3890 ό
1350 3831 1550 3912 Στροβηλίτης,

249 3960 296 4016 τοῦ
321 3957 456 4033 ήσυχαίσαι
484 3955 513 4013 ἐν
539 3960 573 4036 τῇ
600 3955 668 4036 αθτῇ
696 3959 766 4036 μονή
802 3952 872 4028 μετὰ
898 3957 951 4011 τῶν
979 3951 1026 4011 δῦο
1052 3950 1167 4012 παιδίων
1196 3953 1285 4032 αθτοῦ,
1312 3957 1359 4013 τοῦ
1383 3953 1458 4031 ἐχειν
1480 3952 1550 4012 ὑπο-

249 4078 336 4156 ταγὴν
363 4076 433 4150 μετὰ
462 4081 511 4152 τῆς
536 4075 638 4152 λοιπῆς
665 4072 865 4152 ἀδελρόπητος,
895 4075 942 4132 τοῦ
969 4072 1140 4153 άποκαρήναι
1166 4071 1213 4134 καί
1240 4073 1333 4153 αθτός,
1362 4073 1406 4133 ἵνα
1435 4071 1550 4145 έξωνται

249 4200 341 4258 τοῦτον
364 4195 388 4256 οἰ
410 4196 607 4277 προρρηθέντες
628 4193 826 4276 χαριστικάριοί
849 4214 915 4274 μου,
938 4195 1010 4265 ὅστις
1032 4192 1079 4254 καί
1100 4195 1170 4277 τύχη
1193 4195 1246 4254 ἀπὸ
1268 4199 1322 4254 τῶν
1346 4193 1403 4276 δύο,
1426 4193 1474 4254 καὶ
1496 4197 1550 4271 γε’-

249 4319 359 4394 νηταιή
379 4321 491 4399 πρόνοια
509 4317 603 4399 αθτοῦ,
621 4320 660 4390 ὡς
678 4323 732 4376 τῶν
748 4317 853 4376 λοιπῶν
877 4320 1007 4393 μοναχῦν
1028 4315 1178 4388 άκωλῦτως
1195 4315 1222 4374 ἐν
1238 4315 1321 4398 ταύτῃ
1343 4321 1376 4397 τῇ
1393 4321 1464 4397 μονῇ
1481 4315 1551 4390 μετὰ

249 4445 303 4500 τῶν
324 4440 370 4500 δύο
389 4441 502 4502 παιδίων
523 4441 612 4519 αθτοῦ,
633 4439 716 4516 ἐχωσι
737 4437 769 4497 δὲ
787 4437 972 4516 προσποίθειαν
993 4433 1033 4508 εἰς
1054 4437 1142 4516 αἰπόν,
1162 4435 1254 4508 καθὼς
1273 4434 1320 4496 καί
1342 4435 1399 4515 ἐγὼ
1421 4432 1508 4515 εἰχον.
1530 4441 1551 4516 †

352 4559 654 4642 ήΧριστόδουλος,
684 4559 749 4617 όέν
776 4560 943 4635 μοναχοῐς
976 4545 1132 4636 εὐτελής,
1163 4559 1178 4616 ό
1208 4561 1264 4618 τοῦ
1293 4560 1459 4640 Λάτρους,
1491 4561 1550 4634 τὴν

247 4686 414 4763 παροῦσάν
447 4703 507 4757 μου
541 4681 702 4756 μυστικὴν
736 4679 898 4753 διαθήκην
932 4677 1051 4749 ἐκδοὺς
1084 4677 1140 4738 καὶ
1170 4679 1334 4758 ἀναγνοὺς
1371 4679 1435 4739 καὶ
1466 4681 1550 4740 κατὰ
