3184 5288
494 665 583 730 XLI.
605 665 861 752 (6708-1199),
881 689 991 731 mense
1012 665 1189 749 novembri,
1210 665 1274 731 ind.
1298 665 1356 730 ΙΠ.

281 813 414 867 Τινθωιιαί
442 815 606 867 maritimum
637 816 733 868 iterum
763 815 903 868 demetitur
929 833 1023 868 navem
1048 815 1216 883 peculiarem
1243 813 1408 882 monasterii,
1438 814 1563 882 traditque

811 935 870 972 eam
892 919 1038 973 πιοπαοίιίσ.

304 1157 306 1160 -
379 1121 400 1200 †
423 1116 547 1198 Ἕρθασε
569 1118 620 1194 μέν
648 1117 824 1195 ἑξαμωθίμαι
850 1119 926 1200 παρὰ
951 1123 997 1180 τοῦ
1019 1119 1083 1180 καθ’
1102 1121 1178 1194 ἡμᾶς
1205 1121 1334 1200 σεκρέτου
1360 1127 1411 1196 της
1433 1119 1565 1192 θαλάσσης

274 1239 321 1302 καί
350 1241 538 1322 παραδοθῆναι
571 1239 610 1319 τῷ
644 1242 721 1320 μέρει
752 1246 801 1316 της
833 1241 984 1316 σεβασμίας
1014 1245 1100 1318 μονῆς
1130 1246 1180 1316 τῆς
1212 1241 1255 1300 ἐπ’
1278 1241 1390 1318 ὀνόματι
1419 1245 1465 1300 τοῦ
1494 1241 1565 1318 άγίου

275 1351 427 1424 ἀποστόλου
455 1361 504 1422 καί
528 1363 708 1440 ἠγαπημένον
732 1359 861 1423 Ἰωάννου
888 1367 934 1422 τοῦ
957 1360 1102 1441 Θεολόγου
1128 1365 1287 1438 τιμωμένης
1313 1361 1360 1422 καί
1388 1363 1416 1423 ἐν
1444 1366 1565 1444 τῄνησιρ

276 1482 380 1563 Πάτμῳ
406 1484 582 1559 διακειμένης
608 1484 705 1544 πλοῖον
739 1482 890 1560 ίδιόκτητον
925 1485 1032 1564 ταύτης,
1066 1487 1220 1564 χωρήσεως
1252 1487 1283 1544 τ“ο
1313 1487 1433 1545 τοιοῦτον
1465 1483 1565 1564 εὑρεθὲν

274 1606 376 1682 μοδίων
406 1604 560 1666 θαλασσίων
580 1604 670 1688 Ιαυνιβ’
698 1604 738 1680 είς
760 1607 808 1682 τὴν
832 1606 999 1688 δωρηθεῖσαν
1023 1605 1094 1684 αύτῷ
1118 1603 1294 1678 ἑξκουσσείαν
1316 1610 1370 1666 τῶν
1391 1605 1445 1688 ,ἀρ’
1464 1607 1565 1666 θαλασ-

273 1727 339 1787 σίων
374 1726 477 1802 μσδίων
507 1727 553 1788 διά
571 1727 788 1808 1γηρυσοβούλλσυ
816 1728 903 1806 λόγου
932 1731 979 1788 τοῦ
1011 1727 1296 1808 προβεβασιλευκότσς
1325 1727 1494 1806 αῦταδέλρου
1524 1735 1566 1786 τοῦ

273 1852 403 1930 κραταιοῦ
424 1846 471 1909 καί
494 1847 572 1928 ἁγίου
594 1851 674 1926 ἡμῶν
697 1849 846 1929 βασιλέως,
869 1848 962 1920 καθὼς
981 1850 998 1922 ή
1016 1846 1060 1908 ἐπὶ
1082 1854 1115 1930 τῇ
1138 1849 1247 1929 τοιαύτῃ
1269 1848 1421 1928 παραδόσει
1443 1851 1566 1926 γεγονυῖα

271 1972 347 2052 παρὰ
368 1975 414 2032 τοῦ
436 1971 498 2030 καθ’
521 1972 596 2048 ἡμᾶς
622 1973 750 2052 σεκρέτου
776 1969 874 2052 πρᾶξις
895 1971 1021 2052 παριστᾷ.
1045 1968 1104 2030 ἐπεὶ
1128 1969 1228 2030 δὲκαὶ
1251 1972 1345 2049 ἕτερος
1366 1971 1566 2051 χρυσόβσυλλος

272 2093 360 2172 λόγος
385 2097 431 2154 τοῦ
460 2094 618 2172 θεοστερσῦς
651 2091 698 2154 καί
729 2092 807 2172 άγίου
836 2094 916 2168 ἡμῶν
947 2094 1144 2173 αὐτοκράτορος
1179 2091 1368 2171 ἐπεβραβεύθη
1399 2097 1433 2174 τῇ
1464 2093 1565 2172 τοιαύτη

273 2221 353 2298 μονῇ,
378 2213 524 2284 ἀπολυθείς
545 2214 617 2274 κατὰ
644 2220 718 2290 μῆνα
744 2213 898 2295 νοέμβριον,
927 2211 1093 2285 ίνδικτιῶνος
1116 2212 1152 2294 α’,
1177 2211 1353 2291 ἐπιγνωσθεὶς
1379 2211 1427 2272 καί
1449 2212 1488 2292 τῷ
1509 2213 1566 2272 καθ’

272 2338 348 2412 ἡμᾶς
377 2337 509 2417 σεκρέτῳ,
541 2335 674 2416 ἐπικυρῶν
702 2335 753 2410 μὲν
779 2334 826 2396 καί
855 2336 889 2394 τά
915 2336 1049 2414 προσόντα
1077 2340 1111 2416 τῇ
1141 2335 1250 2416 τοιαύτη
1281 2340 1351 2416 μονῇ
1378 2335 1568 2415 χρυσόβουλλα

272 2457 319 2518 καὶ
346 2459 431 2518 λοιπὰ
456 2459 664 2538 προστάγματα,
696 2457 868 2537 δωρούμενος
895 2457 926 2518 δὲ
954 2457 1083 2517 ἐπέκεινα
1108 2461 1162 2515 τῶν
1190 2455 1244 2537 ,αρ’
1272 2456 1375 2532 μοδίων
1405 2455 1452 2516 καί
1479 2458 1567 2536 έτέρυιι

274 2577 448 2652 ἐξκουσσείαν
473 2577 575 2654 μοδίων
602 2579 758 2640 θαλασσίων
784 2579 977 2660 πεντακοσίων,
1005 2579 1100 2660 μικρόν
1122 2597 1147 2636 τι
1173 2577 1260 2638 πλέον
1282 2581 1300 2653 ἡ
1324 2579 1452 2659 ἔλασσον,
1479 2578 1507 2638 ἐν
1535 2577 1568 2636 ἐνί

271 2701 407 2782 πλοιαρίῳ
446 2699 581 2781 όρείλοντι
620 2698 841 2773 ἐξκουσσεῦεσθαι
875 2701 928 2760 ἀπό
954 2722 985 2760 τε
1011 2701 1121 2779 ναύλου,
1154 2699 1322 2777 άντινοάλου,
1359 2699 1487 2772 δεκατίας
1520 2706 1568 2760 τῶν

274 2820 408 2902 οἰναρίων,
442 2821 611 2901 κσμμερκίου
637 2823 739 2894 παντδς
766 2823 858 2902 ἑτέρου
884 2820 974 2894 είδσυς
1006 2821 1053 2882 καί
1078 2826 1240 2902 πράγματος
1266 2820 1313 2882 καί
1341 2823 1436 2902 ἑτέρας
1459 2822 1567 2896 οἱασδή-

272 2965 344 3017 τινος
367 2941 497 3024 ἐπηρείας
518 2942 565 3003 καί
588 2946 774 3022 συζητησεως,
803 2945 865 3003 άνευ
891 2949 945 3002 τῶν
967 2943 1170 3018 κεκωλυμένων
1193 2943 1284 3024 εἰδῶν,
1309 2944 1478 3020 ἐπεκτήσατο
1501 2945 1566 3017 δέί,

271 3067 380 3141 τοιαύτη
408 3066 478 3142 μονὴ
505 3064 553 3126 καί
580 3067 672 3145 ἕτερον
698 3063 830 3145 πλσάριον
859 3063 1007 3140 ίδιόκτητον
1035 3066 1128 3146 αύτῖγς,
1154 3067 1309 3144 προσῆλθον
1340 3065 1379 3145 τῷ
1409 3067 1471 3126 καθ’
1500 3069 1566 3142 ἡμᾶς

272 3189 393 3270 σεκρέτῳ
416 3189 483 3247 ὅτε
510 3190 670 3262 τιμιώτατος
700 3187 908 3266 καθηγούμενος
937 3191 986 3261 της
1016 3187 1141 3262 τοιαύτης
1171 3193 1268 3270 μονῆς,
1299 3185 1314 3246 δ
1344 3191 1468 3266 μοναχδς
1497 3195 1566 3268 κῦρις

273 3310 418 3391 Ἀρσένιος,
449 3311 464 3368 δ
495 3307 639 3385 οἰκονόμος
668 3307 715 3368 καί
746 3307 927 3388 ίερομόναχος
950 3311 1032 3389 κῦρις
1062 3308 1199 3381 Ἀντώνιος
1226 3307 1273 3368 καί
1300 3310 1315 3368 ό
1345 3311 1470 3388 μοναχδς
1498 3315 1565 3390 κῦρις

274 3432 423 3510 Μελέτιος,
456 3429 503 3492 καὶ
537 3431 672 3512 ᾐτήσαντο
708 3428 883 3506 ἐξαμωθῆναι
916 3431 947 3489 τό
976 3433 1094 3490 τοιοῦτον
1127 3429 1269 3511 πλοιάριον
1302 3430 1349 3491 καί
1383 3432 1564 3512 παραδοθῆναι

273 3556 373 3625 αύτοίς.
403 3554 484 3628 ἡμεῖς
510 3559 544 3636 τῇ
570 3553 670 3613 τούτων
697 3551 802 3628 αἰτήσει
828 3553 994 3633 προσχόντες
1021 3551 1173 3629 ἐπέστημεν
1199 3552 1238 3632 τῷ
1261 3552 1381 3635 αἰγιαλῷ
1403 3560 1450 3616 τοῦ
1474 3558 1564 3616 Σικοί-

271 3678 356 3757 τικοῦ,
388 3675 416 3735 ἐν
444 3669 466 3754 ᾧ
492 3677 523 3736 τδ
553 3679 672 3736 τοιοῦτον
700 3676 844 3756 πλοιάριον
873 3675 975 3757 ίστατσ,
1004 3675 1051 3736 καί
1080 3677 1221 3756 παρέντων
1252 3677 1304 3736 ἀπό
1334 3679 1381 3736 τοῦ
1411 3679 1475 3737 καθ’
1498 3679 1564 3753 ἡμᾶς

273 3799 400 3878 σεκρέτου
422 3801 468 3856 τοῦ
491 3797 695 3879 ἐλαιοπαρόχου
716 3801 798 3877 κυροῦ
822 3797 949 3857 Ἰωάννου
971 3801 1017 3858 τοῦ
1041 3797 1224 3878 Συροπούλου,
1246 3799 1374 3858 Ἰωάννου
1397 3799 1564 3877 ἀναγνώστου

271 3923 318 3980 τοῦ
335 3921 513 3998 Καματηροῦ,
537 3923 582 3979 τοῦ
606 3915 780 4001 ἐνεργοῦντος
801 3919 1145 4000 τδπρωτομανδατορικόν
1168 3919 1287 3999 όρρίκιον
1311 3919 1408 3999 δικαίῳ
1430 3925 1478 3980 τοῦ
1499 3941 1563 3981 παν-

272 4042 406 4116 σεβάστου
443 4041 578 4116 οεβαστοῦ
614 4040 658 4100 ἐπί
686 4047 741 4102 τῶν
776 4040 900 4118 δεήσεων
933 4039 981 4101 καὶ
1008 4041 1139 4122 ἐπάρχου,
1173 4046 1255 4121 κυροῦ
1285 4042 1492 4102 Κωνσταντίνου
1527 4051 1563 4102 τοῦ

272 4162 400 4242 Τορνίκη,
421 4162 568 4223 Βασιλείου
589 4167 636 4222 τοῦ
652 4162 886 4244 Ἀρμενοπούλου,
910 4165 955 4223 τοῦ
979 4163 1153 4244 ἐνεργοῦντος
1175 4165 1205 4222 τ“ο
1227 4164 1450 4243 πρωτοελοτικδν
1474 4165 1563 4242 δικαίῳ

271 4288 318 4345 τοῦ
348 4285 490 4361 βασιλικοῦ
520 4285 698 4366 βεοτιαρίτου,
732 4289 814 4365 κυροῦ
850 4283 995 4345 Εῦσταθίου
1029 4289 1075 4344 τοῦ
1108 4285 1325 4360 Κασταμονίτου,
1355 4286 1495 4360 Μανουὴλ
1527 4291 1563 4344 τεῦ

273 4407 406 4486 Κινάμου,
432 4407 634 4468 Κωνσταντίνου
660 4410 707 4466 τοῦ
730 4405 814 4476 Τζίτα
839 4403 887 4465 καί
914 4406 1023 4486 ἑτέρων,
1052 4405 1124 4482 μηδὲ
1147 4411 1199 4466 τῶν
1227 4405 1409 4482 δηλωθέντων
1440 4415 1562 4486 μοναχῦι

272 4528 549 4606 άπολιμπανομένων,
571 4527 610 4607 τῷ
638 4529 746 4603 συνήθει
777 4524 873 4606 ἐξάμῳ
903 4530 980 4587 τοῦτο
1009 4527 1258 4603 καθυπεβάλομεν·
1291 4529 1367 4603 μίτου
1389 4529 1444 4608 γὰρ
1474 4529 1561 4590 διατι-

272 4653 365 4722 θέντος
390 4652 465 4730 παρὰ
491 4657 545 4711 τῶν
575 4651 766 4728 δηλωθέντων,
793 4653 840 4709 τοῦ
867 4669 896 4709 τε
924 4650 1096 4728 Συροπούλου
1122 4647 1168 4708 καὶ
1195 4655 1241 4709 τοῦ
1265 4651 1445 4729 Καματηροῦ,
1477 4652 1561 4732 εὑρέθη
