3228 5294
280 353 321 420 28

281 547 467 626 μετακομιδῆς
490 550 583 630 ἑτέρου
605 547 705 631 εἴδους,
727 547 844 630 πρίσεως
867 549 992 632 σανίδων,
1014 549 1127 624 κτίσεως
1148 550 1316 634 χελανδίων,
1339 551 1485 634 άγραρίων,
1507 555 1574 634 ζερ-

280 667 378 745 μῶνων
399 670 446 732 καί
468 673 568 754 ἑτέρων
590 671 694 733 πλοίων
715 675 733 747 ῆ
755 671 889 752 χαρβιῶν,
911 672 1034 748 ἐκβολῆς
1047 670 1220 753 κονταράτων
1235 677 1254 750 ῆ
1269 675 1369 756 ἑτέρων
1391 679 1574 756 στρατιωτῶν,

279 793 445 868 καθίσματος
473 800 527 854 τῶν
558 793 587 854 ἑν
617 795 763 875 ὑπεροχαῖς
789 795 939 874 ἀρχόντων,
967 800 1075 875 κριτῶν,
1102 801 1271 876 στρατηγῶν,
1298 795 1486 878 άνογραφέων,
1521 797 1574 856 ἐπ-

280 920 369 976 οτττῶν
391 913 438 976 καὶ
460 913 564 976 λοιπῶν
588 915 752 996 άπαιτητῶν,
776 921 903 998 παρσχῆς
921 915 1059 977 κονισκίου
1073 919 1092 992 ἢ
1107 917 1312 998 ἀντικαντσκίου,
1334 916 1456 994 ἐκβολῆς
1469 925 1574 999 χρειῶν

279 1035 326 1098 καὶ
340 1039 546 1118 χορτασμάτων,
570 1041 708 1118 φωσσάτου
732 1039 876 1119 διατροφῆς
897 1037 944 1100 καὶ
966 1038 1116 1114 άπλῆκτων
1137 1037 1180 1100 ἐπί
1199 1039 1322 1115 πόλεμον
1342 1039 1508 1115 άπιόντωνῆ
1527 1039 1574 1100 καὶ

279 1159 503 1241 θποστρεφόντων,
527 1163 645 1236 μιτάτων
668 1160 810 1222 ἀθανάτων
832 1164 850 1236 ῆ
871 1167 1060 1241 τσπστηρητῶν
1082 1161 1182 1222 τοίντων
1203 1159 1251 1222 καί
1273 1161 1385 1222 ἐθνικῶν
1407 1161 1453 1222 καὶ
1475 1161 1573 1222 ἀλλων

278 1287 366 1362 τινῶν,
392 1285 641 1364 πρωτοκεντάρχων
663 1285 682 1358 ’ῆ
704 1283 947 1364 προελευσιμοιίων,
976 1282 1154 1364 μανδατόρων
1177 1282 1224 1344 καὶ
1247 1283 1421 1365 βεστιαριτῶν
1442 1283 1572 1365 πρέσβεις

278 1403 401 1483 ἀγόντων
421 1407 440 1479 ῆ
464 1401 616 1484 δξορίστσυς
637 1408 655 1482 η
677 1407 749 1466 κατά
769 1426 828 1466 τινα
851 1406 943 1482 άλλην
968 1405 1064 1486 χρείαν
1093 1405 1289 1488 διερχομένων,
1315 1411 1443 1486 ταραχῆς
1469 1426 1572 1485 γεννη-

280 1528 373 1602 μάτων
404 1525 435 1600 ἐξ
465 1526 568 1608 άγοράς
597 1529 801 1610 γεγενημένων,
831 1528 991 1610 ἀγγαρείας,
1020 1527 1229 1611 παραγγαρείας
1257 1525 1305 1588 καὶ
1334 1527 1434 1605 λοιπῆς
1463 1529 1573 1606 ἁπάσης

281 1647 411 1730 ἐπηρείας
433 1651 477 1709 νῦν
498 1668 529 1709 τε
552 1646 633 1727 σθσης
654 1648 701 1728 καὶ
725 1651 754 1723 ές
776 1651 807 1710 τό
830 1651 976 1726 μετέπειτα
995 1649 1252 1728 ίπινοηθησομένης.
1288 1649 1330 1710 διδ
1349 1651 1572 1730 παρεγγυῶμεθα

279 1767 325 1830 καί
347 1771 450 1844 πάντας
473 1767 711 1859 ἐξασφαλιζόμεθα
733 1771 786 1833 ἀπό
807 1791 838 1832 τε
860 1777 913 1833 τῶν
935 1771 1007 1832 κατὰ
1028 1770 1137 1852 καιροίις
1159 1771 1363 1854 σακελλαρίων,
1385 1777 1502 1850 γενικῶν
1526 1770 1572 1833 καί

280 1897 476 1974 στρατιωτικῶν
498 1891 667 1974 λσγοθετῶν,
697 1900 752 1956 τῶν
782 1891 826 1955 ἐπὶ
855 1901 904 1972 τῆς
933 1895 1069 1975 ἡμετέροις
1099 1893 1243 1970 σακέλλης
1267 1892 1314 1954 καὶ
1340 1898 1386 1955 τοῦ
1408 1893 1571 1976 βεστιαρίου,

183 2077 185 2083 ,
281 2013 431 2092 οἰκονόμων
453 2021 507 2076 τῶν
524 2013 636 2096 είιαγῶν
658 2015 751 2098 οίκων,
774 2022 827 2077 τῶν
850 2015 970 2076 ἐπὶτῶν
993 2013 1138 2078 οίκαιακῶν
1160 2013 1208 2076 καί
1226 2021 1280 2076 τῶν
1301 2015 1404 2098 ἐφόρων
1418 2022 1472 2075 τῶν
1488 2016 1571 2092 βασι-

280 2139 367 2198 λικῶν
389 2143 579 2220 κουρατοριῶν,
602 2137 721 2220 είδιιιῶν,
743 2141 928 2220 γηροτρόφων,
951 2139 1165 2219 όρφτινοτρόφων,
1188 2136 1241 2198 τῶν
1264 2136 1308 2199 ἐπὶ
1329 2143 1375 2200 τοῦ
1398 2139 1470 2200 θεθου
1491 2141 1571 2218 ἡμῶν

279 2260 391 2336 ταμείου
412 2263 458 2320 τοῦ
474 2259 618 2342 Φίλωνος,
640 2261 811 2340 κουρατόρων
833 2263 879 2320 τοῦ
901 2257 975 2320 οίκου
996 2265 1050 2320 τῶν
1066 2259 1240 2341 Ἐλευθερίου
1261 2258 1308 2320 καὶ
1327 2265 1381 2321 τῶν
1396 2261 1570 2342 Μαγγάνων,

280 2388 334 2442 τῶν
357 2381 601 2463 ἐκπροσωποίιντων
624 2381 654 2442 έν
674 2381 714 2463 τῷ
736 2381 803 2462 σίκιρ
824 2385 871 2442 τοῦ
893 2381 1062 2463 Μυρτλαίου,
1090 2379 1241 2442 οίιιιστινῶν
1268 2379 1315 2441 καὶ
1341 2388 1394 2442 τῶν
1416 2382 1459 2441 ὑπ’
1476 2383 1572 2455 ατίτοίις

280 2503 511 2586 πρωτσνοταρίων,
540 2503 741 2587 λογαριαστῶν,
770 2504 987 2586 χαρτουλοιρίιυν,
1017 2502 1168 2579 βασιλικῶν
1197 2504 1326 2585 νοταρίιυν
1355 2503 1403 2566 καὶ
1429 2505 1570 2588 νοταρίιυν,

281 2627 320 2687 ἔτι
343 2625 375 2687 δέ
398 2627 564 2704 δομεστίιιων
586 2632 639 2686 τῶν
665 2627 788 2708 σχολῶν,
819 2627 932 2708 δουκῶν,
963 2628 1117 2708 κατεπάνω,
1148 2633 1305 2707 στρατηγῶν
1335 2625 1382 2688 καί
1410 2633 1464 2688 τῶν
1495 2628 1571 2688 ἀντι-

280 2750 491 2830 πρσσωποόντων
511 2750 610 2830 αθτοῑς,
625 2746 790 2830 ταξιαρχῶν,
805 2755 994 2829 τουρμαφχῶν,
1011 2753 1168 2830 μεραρχῶν,
1183 2747 1391 2830 χαρτουλαρίων
1407 2754 1453 2810 τοῦ
1469 2749 1571 2830 δρόμου

279 2869 326 2930 καὶ
348 2877 401 2930 τῶν
423 2872 560 2952 θεμάτων,
590 2873 717 2948 κομῆτων
744 2875 794 2946 τῆς
819 2872 928 2952 κόρσης,
958 2870 1126 2946 δομεστίκων
1151 2875 1206 2930 τῶν
1231 2872 1366 2952 θεμάτων,
1397 2870 1569 2952 δρουγγαρο-

280 2995 422 3074 κσμῆτων,
451 2995 715 3074 πρωτοκεντάρχων,
747 2991 981 3074 προελευοιμαίων
1010 2991 1057 3052 καί
1087 2993 1206 3074 λοιπῶν,
1235 2993 1303 3072 πρός
1332 2992 1435 3065 τούτοις
1460 3001 1569 3074 κριτῶν,

280 3116 414 3196 έποπτῶν,
437 3122 614 3197 οτρατειττῶν,
636 3114 771 3197 όρθωτῶν,
794 3115 982 3198 άναγραφέων,
1006 3113 1156 3191 βασιλικῶν
1179 3115 1326 3194 ἀνθρώπων
1349 3113 1394 3174 έπί
1414 3133 1474 3175 τινα
1497 3115 1569 3174 ἀπο-

279 3237 475 3314 στελλομένων
511 3243 557 3298 τοῦ
594 3233 724 3314 δημοσίου
757 3237 898 3319 δουλείαν,
934 3235 1170 3318 πρωτονατοιρίων,
1207 3235 1351 3318 ναταρίων,
1389 3237 1569 3318 συνωναρίων,

280 3358 447 3440 ῶρειαρίυιν,
465 3364 665 3440 τοποτηρητῶν,
687 3358 891 3440 παραφυλάττων
913 3356 961 3418 καί
982 3359 1083 3431 παντός
1105 3359 1199 3440 ἐτέρου
1221 3357 1348 3419 δουλείαν
1369 3363 1416 3419 τοῦ
1439 3358 1569 3434 δημοσίου

281 3483 547 3562 μεταχειριζομένσυ,
574 3485 621 3542 τοῦ
647 3481 754 3558 μηδένα
774 3486 828 3540 τῶν
850 3480 975 3541 ἁπάντων
998 3479 1028 3540 έν
1050 3479 1202 3561 οίμδῆπστε
1223 3482 1315 3562 χρόνῳ
1337 3481 1400 3541 καθ’
1416 3479 1570 3557 οίονδῆτινα

280 3603 376 3682 τρόπον
400 3601 444 3662 ἐπ’
463 3602 557 3676 ἀδείας
580 3603 655 3681 ἔχειν
681 3602 787 3664 άθετεῑν
808 3605 827 3678 ῆ
849 3601 1009 3682 ἀνατρέπειν
1029 3623 1055 3663 τι
1077 3608 1197 3682 μερικῶς
1223 3605 1241 3678 ῆ
1268 3600 1308 3675 εἰς
1333 3602 1489 3684 ὁλόκληρον
1517 3609 1569 3662 τῶν

281 3725 310 3784 ἑν
331 3723 371 3802 τῷ
392 3725 504 3805 παρόντι
526 3724 725 3806 χρυσσβοθλλῳ
746 3722 826 3804 λόγῳ
849 3723 1061 3800 διειλημμένων,
1083 3726 1263 3804 γεγενημένῳ
1290 3725 1374 3786 κατὰ
1395 3727 1450 3784 τόν
1472 3726 1569 3800 μάϊσν

280 3851 366 3922 μῆνα
392 3852 451 3923 τῆς
473 3845 618 3922 δεκάτης
640 3844 848 3917 ίνδιιττιῶνος
870 3844 905 3904 ἐν
928 3845 995 3906 ἔτει
1016 3844 1061 3924 τῷ
1082 3845 1203 3928 Ιςφῑιέ,
1227 3847 1256 3906 ἐν
1279 3841 1302 3927 ᾧ
1324 3845 1371 3906 καί
1389 3847 1420 3906 τό
1435 3847 1569 3928 ἡμέτερον

281 3967 392 4042 εθσεβές
413 3965 461 4028 καὶ
482 3967 685 4049 θεοπρόβλητον
707 3969 898 4044 θττεσημῆνατο
920 3969 1020 4048 κράτος
1041 3969 1071 4048 †.

382 4092 404 4170 †
427 4087 591 4171 Ἀλέξιος,
615 4090 649 4150 ἐν
664 4088 793 4169 Χριστῷ
811 4088 855 4168 τῷ
877 4087 941 4168 θεῷ
962 4090 1075 4162 πιστός
1097 4089 1258 4164 βασιλεὺς
1279 4088 1335 4149 καὶ
1357 4091 1569 4168 αθτοκρτίτωρ

280 4210 465 4293 Ῥωμαίων,
487 4213 503 4271 ό
524 4212 700 4287 Κσμνηνός
721 4214 751 4292 †.

384 4341 563 4412 Archetypum
588 4341 674 4396 οίιανί.
703 4340 779 4394 Ε’ίον.
802 4357 852 4395 nro
882 4343 910 4395 ό.
942 4339 1091 4410 Είαεννιρίατ
1120 4339 1245 4408 cimam,
1276 4339 1353 4394 ιἰιάόιίι
1379 4337 1504 4392 mutiam
1532 4338 1568 4392 ι’ό.

280 4461 389 4500 ιτιιιιιστο
413 4446 441 4500 6.
