3228 5294
1340 291 1358 354 7

74 479 189 552 νήκισμα
211 479 250 537 έν.
289 479 342 537 ἀπό
363 478 540 559 περιβολαίου
565 485 615 556 τῆς
642 479 792 556 ἐκκλησίας
819 483 938 558 νόμισμα
965 485 1002 542 έν.
1042 483 1093 543 ἀπό
1115 482 1293 564 περιβολαίου
1314 488 1360 545 τοῦ

74 599 238 660 Φιλοπστίσυ
260 604 379 676 νόμισμα
402 603 440 660 έν.
477 603 530 662 ἀπό
552 601 728 684 περιβολαίου
749 609 799 680 τῆς
816 601 947 664 Ὀλύνθου
970 605 1088 679 νόμισμα
1110 606 1147 664 έν.
1187 605 1238 665 ἀπό
1257 608 1359 666 πάκτσν

73 722 233 800 προαστείων
261 727 316 782 τῶν
342 723 486 782 Μετανίων
516 722 669 800 νομίσματα
698 725 796 784 ἑκατόν
825 728 969 803 τριάκοντα
998 726 1065 784 έπτά
1093 728 1184 800 ήμισυ.
1230 725 1276 786 καί
1306 726 1358 788 ἀπό

71 846 247 924 χωροπάκτου
266 849 320 904 τῶν
342 844 487 925 χωραρίων
509 850 558 920 τῆς
582 845 769 926 Μανόράκλσυ
791 845 944 922 νομίσματα
972 845 1168 928 δεκατέσσαρα,
1195 847 1247 908 ἀπο
1269 868 1359 930 χωρο-

71 969 171 1025 τάκτσυ
193 969 239 1026 τοῦ
261 968 325 1026 νέου
344 966 475 1046 παροίκου
491 967 618 1026 Ἰωάννου
635 964 760 1039 Διαξινσῦ
781 972 827 1028 τοῦ
850 966 1028 1050 Θεσλσγίτου,
1051 969 1117 1048 ὑπὲρ
1139 973 1193 1028 τῶν
1216 968 1358 1030 διακοσίων

72 1091 213 1168 τριάκοντα
235 1087 338 1164 μοδίων
360 1095 410 1164 τῆς
431 1094 485 1168 γής
506 1096 556 1164 τῆς
575 1089 741 1166 τυπωθείσης
757 1089 837 1170 σάτῷ,
862 1091 915 1150 ἀπό
935 1092 1107 1166 νομισμάτων
1127 1087 1358 1172 εἰκοσιτεσσάρων,

72 1209 154 1290 οὐδέν,
178 1209 222 1269 διὰ
242 1211 273 1270 τό
295 1213 341 1270 τ’σν
362 1214 480 1272 τοιοῦτον
502 1213 712 1286 μεταναστεῦσαι
734 1209 781 1272 καὶ
802 1213 852 1287 τὴν
874 1212 998 1286 τοισιότην
1020 1217 1073 1290 γῆν
1096 1212 1358 1292 συμπαραληρθῆναι

72 1331 136 1404 μετὰ
158 1329 276 1408 καὶτῆς
298 1333 398 1410 λοιπῆς
419 1335 473 1412 γής
495 1331 534 1403 είς
556 1333 601 1392 τόν
623 1335 804 1414 περισρισμόν.
843 1332 896 1393 ἀπό
924 1333 1047 1408 έννσμίου
1069 1339 1119 1410 τῆς
1142 1333 1283 1412 Ἀχλάδας
1306 1333 1358 1395 ἀπό

72 1454 238 1528 νομισμάτων
261 1455 339 1534 ἑπτά,
361 1452 449 1533 σθόέν,
472 1453 517 1513 διὰ
535 1455 566 1514 τό
581 1455 708 1533 γενέσθαι
728 1457 777 1531 τήν
792 1457 877 1532 νομήν
893 1456 990 1530 ταίντης
1005 1452 1152 1536 χωρσίριον.
1188 1455 1240 1515 ἀπό
1255 1458 1359 1516 πάκτσυ

72 1573 242 1654 περιβολαίου
264 1580 310 1636 τοῦ
331 1575 491 1655 προαστείου
506 1576 617 1658 Πρίνης,
640 1581 686 1638 τοῦ
708 1577 761 1638 ἀπὸ
783 1583 833 1656 τῆς
848 1575 1036 1658 Μανδράκλσυ
1059 1577 1104 1636 σὺν
1125 1583 1172 1636 τοῦ
1195 1577 1292 1656 σπόρου
1311 1576 1357 1638 καί

72 1701 118 1755 τῶν
139 1697 251 1776 ἐλαιῶν,
271 1695 425 1772 νομίσματα
445 1695 522 1757 δέκα.
554 1699 608 1758 ἀπό
623 1701 801 1778 χωρσπάκτσυ
816 1705 864 1774 τής
881 1699 1035 1779 εὑρεθείσης
1050 1698 1122 1758 κατὰ
1136 1699 1290 1780 περίσσειαν
1305 1705 1358 1778 γής

72 1817 183 1899 Ιἰπέργσυ
201 1818 266 1899 Ι’σπέρ
284 1818 387 1894 μσδίων
407 1819 600 1900 πεντακοσίων,
623 1823 653 1880 τό
675 1822 793 1896 νόμισμα
808 1820 896 1896 μόδιοι
913 1820 991 1898 δέκα,
1013 1819 1166 1896 νομίσματα
1180 1823 1356 1897 πεντήκοντα.

72 1939 203 2012 Είσσδσς
225 1940 394 2020 λσγαρικὴ
420 1947 479 2018 τῆς
506 1943 641 2022 Βάρεως
663 1947 720 2018 τῆς
740 1941 916 2020 Ὀλύνθου,
939 1945 995 2002 τοῦ
1017 1941 1037 2000 Γ
1043 1944 1196 2017 άμματσς
1217 1942 1272 2002 καί
1295 1949 1357 2002 τῶν

72 2061 202 2122 λοιπῶν·
228 2063 280 2123 ἀπό
299 2065 471 2138 νομισμάτων
486 2065 654 2136 πεντήκοντα
670 2064 736 2123 ἑπτὰ
751 2066 843 2144 ήμισυ,
858 2063 1013 2140 νομίσματα
1027 2066 1171 2144 τριάκοντα
1187 2065 1262 2124 ἑπτά.
1297 2063 1358 2124 Διά

71 2189 125 2242 τῶν
146 2183 316 2263 παροίκων
338 2188 393 2244 τοῦ
414 2182 689 2260 οἰκοπρσαστείσυ
711 2192 770 2261 τῆς
792 2185 933 2266 Βάρεως.
979 2183 1136 2256 Θεόδσυλσς
1159 2180 1217 2244 ἀντὶ
1239 2182 1357 2264 Εἰρήνης

71 2309 163 2386 χήρας,
184 2307 245 2384 ἔχει
262 2309 377 2385 γυναῖκα
393 2305 512 2386 Μαρίαν,
533 2307 668 2386 θυγατέρα
683 2304 789 2387 Ἄνναν,
810 2307 949 2384 ἀκτήμων,
969 2309 1089 2381 νόμισμα
1103 2309 1191 2382 ήμισυ.
1222 2305 1357 2386 Γεωργισς

73 2427 203 2510 ἀΤσικός,
229 2429 288 2506 έχει
303 2432 418 2507 γυναῖκα
434 2425 542 2507 Ἄνναν,
566 2427 621 2488 υίσν
638 2429 777 2507 Ἰωάννην,
801 2429 854 2488 ἀπό
870 2427 1006 2507 βαίδάτσυ,
1031 2429 1170 2508 ἀκτήμων,
1191 2429 1309 2503 νόμισμα
1327 2429 1357 2486 ἓν

73 2551 155 2622 ἥμισυ,
194 2549 306 2630 Βάρδας
333 2551 348 2609 ό
374 2549 430 2622 υἱός
457 2549 593 2631 Γεωργίου
621 2551 796 2630 Μειζοτέρσυ,
828 2551 887 2628 ἔχει
914 2552 1031 2628 γυναῖκα
1058 2547 1184 2630 Εἰρήνην,
1216 2549 1356 2630 ἀκτήμων,

73 2672 181 2746 νόμισμα
211 2673 302 2748 ἥμισυ.
349 2672 485 2752 Κυριακάς
511 2672 526 2730 ό
552 2670 609 2744 υἱός
636 2669 790 2750 θεορανσΰς
816 2673 916 2752 χήρας,
948 2671 1088 2750 ἀκτήμων,
1119 2671 1236 2746 νόμισμα
1264 2672 1354 2746 ἥμισυ.

75 2793 179 2870 Μόσχος
206 2799 256 2870 τῆς
284 2793 513 2874 Μαρσυλάδενας,
544 2793 603 2872 ἔχει
629 2795 745 2870 γυναῖκα
767 2792 886 2873 Μαρίαν,
915 2793 1054 2872 ἀκτήμων,
1085 2793 1215 2852 καπνικδν
1238 2794 1357 2868 νόμισμα

72 2915 151 2988 ἥμισυ.
190 2913 387 2995 Θεσχαριστίνη
410 2917 495 2996 χήρα,
517 2915 575 2993 ἔχει
595 2913 650 2974 υἱόν
669 2915 832 2994 Νικηφόρον,
855 2915 985 2974 καπνικδν
1005 2915 1125 2990 νόμισμα
1144 2915 1233 2990 ήμισυ.
1266 2913 1356 2992 Γεώρ-

73 3057 124 3112 γιος
151 3039 165 3096 ό
194 3036 357 3117 Ἀρκοίιδης,
389 3037 447 3115 ἔχει
477 3038 592 3115 γυναῖκα
625 3033 749 3116 Μαρίαν,
780 3035 925 3116 ἀκτήμων,
956 3036 1085 3095 καπνικδν
1115 3037 1234 3110 νόμισμα
1263 3035 1354 3109 ήμισυ.

75 3157 195 3234 Ἰωάννης
222 3160 237 3217 ό
260 3159 427 3238 Μαρμαρᾶς,
456 3159 514 3238 ἔχει
542 3158 676 3238 θυγατέρα
700 3153 809 3236 Ἄνναν,
837 3157 966 3217 καπνικάν
993 3157 1112 3232 νόμισμα
1138 3157 1227 3232 ήμισυ,
1271 3153 1356 3215 Ἄννα

74 3282 138 3359 χήρα
151 3285 198 3340 τοῦ
213 3281 338 3358 Χασάνη,
363 3281 421 3358 ἔχει
442 3281 578 3361 θυγατέρα
594 3279 713 3360 Μαρίαν,
736 3279 861 3360 γαμβρόν
876 3279 994 3358 Λέοντα,
1010 3275 1150 3358 ζευγοίρισν
1171 3279 1209 3356 έν,
1232 3275 1357 3358 ρσρβάδα

75 3399 137 3482 μίαν,
158 3401 313 3478 νομίσματα
335 3399 371 3480 γ’.
410 3401 529 3479 Μιχαὴλ
544 3401 690 3482 Χηνσίριος,
715 3401 775 3478 ἔχει
793 3403 911 3478 γυναῖκα
926 3399 1036 3480 Ἄνναν,
1060 3401 1201 3478 ζευγάρισν
1222 3400 1260 3478 έν,
1285 3398 1356 3478 ἀργὰ

74 3522 132 3603 τρία,
162 3523 285 3604 ρσρβάόα
315 3523 390 3602 μίαν,
420 3521 481 3581 όνον
513 3523 570 3602 ἕνα,
601 3521 709 3599 χοίρους
740 3519 784 3602 ιδ’,
815 3521 967 3597 νομίσματα
996 3521 1066 3602 τρία,
1097 3521 1247 3602 μιλιαρίσια
1277 3518 1355 3580 δέκα.

75 3644 169 3706 Ιίάλλα
190 3647 208 3720 ή-
230 3647 298 3726 γυνή
321 3643 524 3704 Κωνσταντίνου
546 3644 661 3724 Καλλά,
690 3643 831 3723 ἀκτήμων,
854 3645 985 3703 καπνικάν
1008 3646 1129 3719 νόμισμα
1150 3644 1240 3716 ήμισυ.
1281 3640 1356 3704 Θεσ-

76 3767 138 3842 ρανίυ
162 3771 240 3848 χήρα
265 3769 283 3842 ή
310 3767 533 3846 Σαταναγσθδενα,
564 3767 622 3843 ἔχει
650 3767 785 3847 θυγατέρα
813 3764 932 3846 Μαρίαν,
963 3766 1093 3826 καπνικθν
1119 3765 1238 3840 νόμισμα
1263 3765 1354 3840 ήμισυ.

75 3887 199 3969 Κυρισκίος
222 3891 237 3948 ό
259 3888 404 3970 Ψαλίδης,
428 3889 488 3967 ἔχει
510 3891 625 3966 γυναῖκα
648 3886 839 3967 Θεσπέμπτην,
866 3889 998 3946 καπνικάν
1020 3889 1139 3962 νόμισμα
1161 3887 1249 3961 ἥμισυ.
1288 3887 1355 3961 όμσῦ

75 4013 187 4091 πάροικοι
202 4014 362 4092 ζευγάρατοι
378 4010 435 4094 δύο,
456 4011 610 4086 ἀκτήμσνες
627 4009 673 4090 ιβ’,
693 4009 846 4088 τελοῦντες,
866 4008 959 4081 καθὼς
980 4009 1083 4069 ἀνωθεν
1099 4007 1113 4068 ό
1129 4009 1244 4067 ἑκάστου
1264 4005 1356 4085 στίχος

76 4129 155 4214 δηλοῖ,
177 4133 331 4210 νομίσματα
354 4130 400 4212 ιγ’,
424 4133 575 4213 μιλιαρίσια
597 4133 678 4212 όκτώ,
707 4129 910 4212 ζευγαρατίκισν
934 4131 1085 4211 μιλιαρίσια
1106 4130 1162 4210 δίο,
1191 4129 1285 4208 ρόλεις
1309 4128 1355 4205 ιβ’.

77 4253 266 4332 Ερσάστεισν
293 4259 348 4315 τοῦ
370 4253 539 4315 Ὀλύνθου.
584 4253 645 4313 Διά
670 4259 732 4314 τῶν
758 4251 927 4333 παροίκων
949 4255 1003 4312 τοῦ
1026 4252 1124 4311 αὺτοῦ
1145 4250 1354 4331 προαστείου.

77 4375 169 4458 Μαρία,
182 4379 201 4453 ή
216 4378 284 4456 γυνή
297 4377 424 4436 Ἰωάννου
438 4379 484 4436 τσῦ
499 4377 634 4456 Σαπσυνά,
652 4376 711 4454 ἔχει
726 4374 781 4434 υἱόν
793 4374 922 4454 Μιχαήλ,
938 4375 1078 4453 ζευγάρισν
1094 4375 1133 4452 ἕν,
1149 4371 1302 4448 νομίσματα
1316 4371 1354 4454 γ’,

78 4497 213 4580 μλιαρίσια
234 4499 303 4582 τρία,
327 4499 422 4578 ρόλεις
444 4496 489 4572 ιβ’.
523 4497 543 4556 Γ
546 4500 659 4576 εώργισς
680 4497 695 4555 ό
714 4495 770 4568 υἰσς
789 4497 878 4575 αὐτσῦ,
902 4496 963 4574 ἔχει
983 4497 1100 4574 γυναῖκα
1116 4491 1243 4575 Εἰρήνην,
1267 4494 1354 4572 θυγα-

78 4621 133 4697 τέρα
146 4621 263 4702 Μαρίαν,
285 4618 425 4700 ζευγάρισν
441 4621 480 4702 έν,
504 4663 641 4680 .....
665 4617 761 4698 Μαρία
776 4621 851 4699 χήρα
866 4619 884 4691 ή
900 4615 1055 4698 Ζυμήδενα,
1077 4616 1136 4695 ἔχει
1152 4615 1208 4676 υἱόν
1223 4615 1353 4696 Μιχαήλ,
