3184 5288
232 775 393 850 XXXIII.
419 781 645 866 6706-1197,
668 803 778 846 mense
801 778 979 864 novembri,
1002 778 1066 844 ind.
1088 779 1113 844 I.

46 917 178 984 Imperator
194 916 306 968 Alexius
322 914 381 968 111.
395 913 512 986 Αιιρείιιε
532 911 672 982 confirmat
691 913 879 982 exemptionem
898 910 977 964 ισσυίε
993 909 1144 978 peculiaris
1167 909 1324 964 monasterii

562 1035 581 1072 ιι
603 1015 788 1086 υσσιίραίίθυσ.

131 1187 386 1266 ήίίατεψηρίσατο
410 1186 460 1260 μὲν
483 1185 501 1260 ή
525 1182 652 1258 βασιλεία
676 1203 727 1258 μου
753 1181 861 1260 σχολὴν
888 1183 997 1242 πάντων
1019 1187 1073 1242 τῶν
1095 1185 1250 1262 προσόντων
1272 1179 1324 1242 τισὶ

41 1307 239 1388 γρνοοβοὺλλων
269 1307 486 1386 προσταγμάτων
513 1307 593 1384 χάριν
622 1303 797 1377 ἐξκουσσείας
822 1303 927 1364 πλοίων
956 1304 1043 1362 αὒτῶν
1071 1302 1115 1362 διὰ
1137 1305 1167 1363 τό
1197 1303 1320 1380 πληθυν-

40 1432 106 1504 θηιει
129 1429 162 1487 τὰ
189 1432 298 1488 τοιαῦτα
324 1425 508 1500 καί’πολλὴν
536 1425 658 1486 ἐντεῦθεν
689 1425 788 1501 ζημίαν
810 1424 849 1504 τῷ
873 1423 996 1502 δημοσίῳ
1022 1425 1239 1506 προστρίβεσθαι.
1264 1423 1324 1484 ἐπεί

40 1551 64 1608 δὲ
84 1551 96 1608 ό
116 1527 323 1628 καθηγούμενος
348 1553 399 1624 τῆς
423 1548 451 1608 ἐν
473 1553 507 1629 τῇ
533 1549 609 1626 νήσῳ
633 1548 745 1622 ΙΙάτμου
773 1545 949 1622 διακειμένης
983 1545 1135 1622 οεβασμίας
1164 1551 1250 1622 μονῆς
1276 1544 1323 1605 καὶ

41 1671 74 1729 ἐπ’
95 1671 203 1746 όνόματι
235 1673 283 1730 τοῦ
309 1670 489 1748 ἠγαπημένον
522 1667 674 1728 ἀποστόλου
704 1670 838 1748 παρθένου
869 1665 917 1728 καί
947 1666 1091 1747 Θεολόγου
1117 1669 1285 1746 τιμωμένης,
1309 1667 1323 1726 ό

40 1795 148 1870 μονα-ρος
171 1793 322 1872 Ἀροάνιος,
354 1791 519 1872 ἀναδραμὼν
548 1791 616 1870 πρός
642 1791 691 1865 τὴν
719 1789 862 1864 βασιλείαν
885 1809 937 1863 μου
959 1789 1088 1870 ᾐτήσατο,
1116 1789 1159 1848 ἵνα
1187 1789 1323 1867 ἐπικυρω-

41 1915 96 1972 θῶσι
116 1915 149 1973 τά
170 1915 305 1993 προσόντα
326 1919 360 1996 τῇ
382 1913 444 1972 κατ’
467 1911 547 1972 αίιτδν
570 1910 708 1993 σεβασμίᾳ
736 1917 806 1993 μονῇ
832 1911 1032 1991 προγενέστερα
1059 1909 1255 1988 χρυσόβουλλα
1277 1905 1325 1968 καὶ

40 2038 223 2112 προστάγματα
248 2041 303 2094 τῶν
330 2033 462 2110 ἀοιδίμων
491 2033 640 2110 βασιλέων,
663 2035 709 2092 τοῦ
731 2051 762 2091 τε
783 2033 945 2111 προπάππου
967 2031 1014 2092 καί
1035 2034 1145 2092 πάππου
1168 2035 1217 2106 τής
1240 2031 1323 2106 βασι-

39 2155 105 2226 λείας
127 2176 186 2237 μου,
219 2154 267 2215 καὶ
297 2158 344 2214 τοῦ
373 2154 660 2236 προβεβασιλευκότος
689 2155 870 2232 περιποθήτου
901 2151 1070 2232 αὺταδέλρσυ
1099 2157 1148 2228 τῆς
1180 2151 1324 2227 βασιλείας

40 2297 81 2348 μου
105 2275 150 2336 καί
178 2279 260 2352 αὐτῆς
289 2275 323 2352 δὴ
350 2283 399 2352 τῆς
427 2276 570 2352 βασιλείας
593 2295 654 2356 μου,
681 2277 857 2356 παράσχηται
884 2273 915 2334 δέ
940 2271 988 2334 καὶ
1014 2276 1032 2349 ή
1061 2273 1190 2347 βασιλεία
1212 2293 1263 2349 μου
1289 2279 1323 2355 τῇ

39 2401 132 2482 τοιαίτῃ
162 2406 231 2482 μονῇ
260 2396 435 2471 ἐξκουσσείαν
466 2397 578 2474 διηνεκῆ
607 2396 749 2478 πλοιαρίου
781 2397 842 2468 ἑνός
871 2393 1036 2471 ίδιοκτήτου,
1066 2399 1217 2476 χωρήοεως
1248 2395 1324 2466 όντος

39 2521 127 2592 μοδίων
162 2519 349 2582 πεντακοσίων
388 2519 525 2600 ἐπέκεινα,
569 2513 686 2578 ὧντινων
724 2519 838 2578 είνποιῶν
876 2517 922 2577 διὰ
959 2517 1109 2592 βασιλικῶν
1145 2512 1324 2596 ἐκληρώσατο

40 2642 242 2720 γρυσοβοίιλλων
277 2641 324 2702 καί
358 2644 591 2720 προσταγμάτων,
621 2642 639 2715 ή
671 2639 798 2716 βασιλεία
829 2661 881 2716 μου
911 2639 950 2718 μή
981 2639 1151 2698 άνανεόσασα
1179 2639 1246 2718 προς
1275 2639 1324 2712 τὴν

41 2761 129 2836 σίτησιν
158 2766 240 2822 αὺτοῦ
270 2763 397 2842 δωρεῖται
428 2763 473 2822 διὰ
499 2766 545 2822 τοῦ
571 2749 705 2844 παρόντος
731 2759 938 2840 χρυσοβοίιλλου
972 2761 1059 2840 λόγου
1089 2761 1171 2838 αὐτής
1200 2765 1233 2842 τῇ
1262 2759 1323 2818 κατ’

40 2883 105 2941 αυτόν
135 2891 205 2964 μονῇ
234 2889 269 2964 πή
300 2883 328 2943 ἐν
358 2889 391 2966 τῇ
421 2885 495 2962 νήσῳ
526 2883 638 2958 Πάτμου
669 2881 838 2964 διακειμένη,
869 2881 1001 2964 ἱδρυμένη
1032 2881 1063 2941 δὲ
1093 2879 1133 2953 είς
1163 2879 1249 2955 ὄνομα
1278 2884 1324 2938 τοῦ

39 3003 177 3081 έπιστηθῖου
201 3006 324 3081 μαθητοῦ
350 3003 397 3065 καὶ
420 3005 616 3083 εόαγγελιστοῦ
639 3005 766 3064 Ἰωάννου
792 3007 838 3066 τοῦ
862 3002 1017 3083 Θεσλόγου,
1040 2999 1214 3075 ἐξκουσοείαν
1236 3001 1324 3060 καθο-

38 3122 108 3200 λικὴν
129 3127 272 3205 τλοιαρίου
296 3125 446 3201 ίδιοκτήτου
470 3127 536 3208 αυτῄ
560 3126 630 3206 ἑνός,
653 3127 804 3205 χωρήοεως
826 3124 981 3204 όρειλοντος
1004 3119 1074 3184 είναι
1098 3121 1200 3199 μοδίων
1219 3141 1322 3184 πεντα-

39 3246 135 3328 κοσίων,
165 3249 262 3328 μικρόν
284 3267 310 3306 τι
340 3246 425 3307 πλέον
452 3250 470 3322 ή
499 3247 625 3327 ἔλασσον,
655 3247 782 3306 ἐπέκεινα
808 3241 846 3306 ῶν
873 3245 1004 3321 κέκτηταί
1024 3265 1103 3304 τινων
1131 3244 1242 3322 δωρεῶν
1270 3241 1325 3300 ὰτό

40 3365 176 3437 βασιλικῶν
210 3368 429 3449 προσταγμάτων
462 3365 508 3428 καί
538 3367 754 3447 χρυσοβοίιλλων
783 3369 1004 3447 προγενεστέρων
1030 3371 1084 3426 τῶν
1112 3367 1195 3444 μέχρι
1221 3361 1268 3424 καὶ
1296 3362 1325 3432 ἐς

40 3487 106 3566 δεῦρο
130 3490 334 3568 ἐνεργουμένων
357 3488 400 3548 ἐπ’
424 3489 500 3570 αὐτή,
523 3491 575 3547 κάν
596 3486 659 3569 περί
677 3495 730 3548 τῶν
745 3489 871 3549 τοιούτων
886 3487 934 3548 καί
949 3489 1041 3568 ἕτερόν
1055 3508 1080 3547 τι
1098 3486 1324 3568 πραοδιῶριοται·

42 3609 146 3690 ἐπικαιροί
167 3611 222 3690 γάρ
249 3608 296 3670 καί
323 3611 447 3686 ταῦταή
475 3608 603 3684 βασιλεία
625 3628 677 3685 μου
702 3611 733 3668 τό
762 3609 873 3690 ἐνεργόν
900 3609 1044 3688 όρείκοντα
1073 3609 1148 3686 ἔχειν
1173 3605 1220 3666 καὶ
1242 3606 1325 3666 ἀδιά-

41 3750 146 3792 πτωτον·
176 3731 224 3792 καί
252 3731 395 3813 διορίζεται
422 3733 440 3806 ή
468 3730 596 3804 βασιλεία
619 3751 670 3806 μου
696 3733 917 3811 συμπαραμένειν
949 3731 978 3802 ἐς
1009 3729 1052 3790 άεί
1081 3736 1114 3812 τῇ
1145 3727 1325 3810 διαληφθείση

42 3851 163 3935 σεβασμίρ
192 3859 263 3936 μονή
293 3851 340 3912 καὶ
370 3852 401 3911 τό
430 3855 548 3912 τοιοῦτον
578 3853 730 3934 πλοιάριον,
757 3853 853 3913 πλέειν
876 3873 905 3912 τε
937 3851 982 3911 διόι
1010 3853 1110 3924 παντός
1140 3853 1185 3910 ότε
1213 3850 1247 3924 δὴ
1277 3849 1325 3910 καὶ

42 3973 96 4032 όπτυ
122 3973 260 4054 βούλεται,
288 3965 380 4047 είςτε
406 3973 441 4034 τόι
466 3979 517 4050 τῆς
545 3969 617 4054 ἑῴας
645 3975 715 4056 μέρη
743 3974 790 4034 καί
816 3975 850 4034 τέι
877 3976 997 4054 ἑσπέρια,
1030 3975 1068 4034 έτι
1091 3971 1191 4033 δὲκαὶ
1214 3971 1254 4044 είς
1276 3971 1325 4042 τάς

43 4095 172 4178 ἁπανταχῇ
194 4099 303 4176 νήσους,
326 4093 373 4156 καὶ
397 4095 592 4176 ἐμπορεύεσθαι
614 4096 649 4155 τά
671 4096 803 4156 δοκοῦντα
825 4094 907 4176 αὐτῷ,
928 4094 1066 4175 καταίρειν
1090 4095 1122 4154 δὲ
1144 4092 1191 4154 καί
1214 4091 1253 4163 εἰς
1275 4093 1324 4167 τὴν

44 4214 225 4284 βασιλεύουσαν
252 4219 332 4277 πόλιν
361 4215 435 4290 ἅπαξ
456 4223 503 4278 τοῦ
527 4217 655 4297 ἐνιαυτοῦ,
680 4217 825 4298 ἐλεύθερον
846 4219 934 4292 πάντη
957 4215 1003 4276 καὶ
1025 4217 1157 4276 πάντοθεν
1181 4215 1323 4293 διατηροί-

44 4357 112 4408 μενον
144 4337 190 4399 καί
223 4339 402 4416 δημοσιακοῖς
430 4337 540 4410 κῶδιξιν
567 4337 776 4420 άκατάγραπτον
803 4336 850 4398 καί
877 4337 1079 4419 ἀνεπηρέαστον
1113 4336 1183 4413 μετὰ
1212 4339 1265 4396 τῶν
1295 4334 1324 4393 ἐν

44 4457 104 4536 ιδτῷ
134 4460 317 4540 ἐμπλεόντων,
348 4459 483 4540 ἀνῶτερόν
506 4480 536 4520 τε
566 4461 667 4533 παντός
698 4460 895 4541 ἐπηρεάζοντος
924 4457 972 4519 καί
1001 4461 1092 4535 πάσης
1121 4456 1168 4519 καὶ
1195 4456 1325 4527 παντοίας

45 4577 169 4661 ἐπηρείας,
198 4583 351 4652 κανῶσεως
380 4577 427 4640 καὶ
449 4583 620 4656 συζητήσεως
648 4581 818 4658 δημοσιακῆς
847 4579 894 4640 καὶ
920 4585 1103 4660 πρακτορικῆς
1125 4586 1169 4638 νῦν
1191 4599 1222 4638 τε
1244 4575 1326 4655 οὔσης

43 4695 82 4756 καί
107 4700 135 4772 ἐς
159 4702 266 4783 ίιαιερον
290 4701 551 4782 ἐπινοηθησομένης,
568 4702 613 4777 μὴ
635 4703 700 4782 παρ’
724 4700 889 4776 οίουδήτινος
914 4699 968 4760 τῶν
996 4702 1122 4760 ἁπάντων
1149 4700 1326 4775 κωλυόμενον
