3160 5292
1237 381 1296 448 261

28 569 173 650 μσνσσπίρην
191 571 269 650 ἀιχός
289 571 392 646 καμίαν
408 575 557 652 εμπάάισιν,
580 577 658 648 ὀμιος
680 595 726 634 και
748 595 782 634 τα
803 579 921 655 χοράρια
943 597 989 634 και
1011 579 1045 635 τά
1067 573 1229 636 υπσστατικά
1251 577 1296 638 τού

29 691 191 772 ρσναπιρίσυ,
218 694 284 754 ύπού
311 715 392 774 εχουν
420 695 485 770 οτήν
508 697 597 776 Λέρον
623 697 670 756 καί
696 695 810 776 κρατούν
836 699 871 756 τά
897 695 976 756 ἀίκεα
998 718 1043 758 και
1065 697 1299 778 γιουριάικαμεντε

29 815 82 872 ἀκού
106 817 164 874 ένεν
187 834 312 894 γραμσια
333 815 400 891 ἠστά
427 817 618 897 χαρεσυλάρην
644 823 694 892 τῆς
714 839 900 898 κομενταριας
922 839 976 894 μας
1002 824 1051 894 τῆς
1074 819 1133 878 Κῶ.
1157 820 1204 880 καί
1224 819 1300 896 πλη-

27 937 106 1012 ρὲνουν
126 938 160 996 τά
184 957 268 1015 ερητα
290 957 347 1008 τος.
371 937 490 1014 θέλομεν
516 939 563 1000 καί
585 940 710 1019 ἀριζομεν
732 961 765 1000 νοι
788 943 822 1000 τά
843 941 973 1022 σπέρνουν
995 940 1042 1002 καί
1063 961 1098 1002 να
1119 944 1153 1001 τά
1174 941 1300 1022 καληερ-

27 1063 87 1134 γεέν,
109 1059 195 1132 καύάς
215 1059 249 1118 τά
271 1061 421 1136 εκάμνασιν
445 1057 476 1134 ἐξ
499 1066 588 1139 αρχῆς
611 1059 659 1121 καί
680 1079 757 1134 ουτος
779 1081 825 1122 ενε
848 1063 863 1120 ἀ
885 1065 1006 1143 ωρισμάς
1028 1083 1084 1138 μας
1105 1062 1154 1124 καί
1175 1083 1204 1124 το
1226 1064 1300 1138 ήμέ-

26 1199 89 1256 τερον
118 1181 254 1257 θέλημαν.
285 1181 333 1242 καί
362 1181 406 1242 ἀια
435 1185 578 1264 μιζοεεραν
605 1183 750 1263 ἀσράληαν
778 1185 906 1264 ἀρισαμεν
935 1205 983 1244 και
1010 1185 1132 1262 επκτιύθη
1159 1205 1188 1246 το
1215 1187 1301 1266 παρόν

25 1303 105 1378 χράρα
134 1323 172 1378 με
205 1305 254 1378 την
288 1305 477 1380 σινηθισρενην
508 1325 564 1380 μσς
597 1304 729 1380 βούλλαν.
759 1304 848 1382 ἐάωθη
881 1326 909 1366 εν
940 1305 1019 1366 Ράάω
1049 1327 1078 1366 εν
1111 1307 1150 1368 τὼ
1176 1309 1302 1388 ήμετερω

25 1424 136 1484 σαλατύω
159 1445 237 1497 ετους
259 1425 313 1484 άπά
335 1426 451 1506 Χριστοῦ
474 1423 569 1508 ‘Q‘
593 1447 657 1502 μηνι
680 1427 829 1507 σεπτεβριω
852 1429 936 1501 ήσεας
958 1425 1014 1503 η’.»
1040 1429 1061 1506 †

114 1553 192 1608 flor.
221 1573 270 1608 nro
295 1557 366 1610 110.
396 1554 481 1610 ωσιυ.
513 1555 538 1612 1.
563 1555 706 1610 νινινυον
736 1557 765 1609 οι
788 1555 927 1626 μήτινα
959 1543 1104 1630 Πανδώρα.
1135 1557 1187 1612 τοι.
1217 1557 1301 1614 Χιν.

20 1660 251 1730 pffldm

205 1979 324 2045 CXVI.
349 1979 574 2062 7013-1504,
598 2005 707 2046 mense
730 1981 907 2064 novembri,
931 1981 996 2046 ind.
1020 1981 1111 2046 VIII.

24 2144 179 2200 Ροάτίανσάα
201 2146 363 2202 Ρασάοιιιίιιε
383 2148 408 2201 Ι.
439 2146 579 2216 confirmat
608 2148 744 2218 νεριιάαινι,
775 2149 934 2218 libertatem,
961 2148 1110 2218 ριάυιῑιρία
1138 2149 1302 2202 ιιιυτιααιττίά.

113 2349 134 2424 †
160 2347 355 2426 Παχώμιος,
387 2347 473 2428 ἐλέῳ
503 2351 581 2408 θεοῦ
610 2349 876 2430 ἀρχιεπίσκοπος
902 2347 1303 2428 Κωνσταντινουπάλεως,

24 2467 98 2542 Νέας
121 2469 266 2548 Ῥώμης,
289 2466 345 2528 καὶ
368 2467 603 2544 οἰκουμενικάς
624 2474 842 2552 πατριάρχης.
867 2473 887 2552 †

114 2647 135 2722 †
159 2645 194 2704 'II
216 2644 245 2704 ἐν
267 2646 407 2724 πράγμασι
430 2651 510 2704 πᾶσιν
534 2643 722 2725 ἐραρμάζουσα
743 2643 819 2719 τάξις
842 2648 964 2723 συνέχειν
988 2645 1054 2706 αύσά
1078 2643 1172 2704 εἴωθεν
1195 2643 1242 2704 καὶ
1264 2642 1304 2715 εἰς

23 2767 48 2822 τά
67 2767 169 2842 βελτίω
192 2767 341 2828 ἐπιδιδόναι
362 2770 572 2846 παρασκευάζει.
600 2767 641 2828 eso
664 2767 710 2826 καὶ
733 2768 830 2839 καλῶς
853 2767 953 2844 ἔλεγεν
972 2767 987 2824 ὁ
1003 2765 1098 2826 εἰπὼν·
1126 2762 1220 2838 «τάξις
1242 2785 1305 2826 συν-

24 2891 72 2966 έχει
96 2884 130 2948 τέ
153 2891 265 2968 ούράνια
291 2887 393 2948 καὶτὰ
416 2883 562 2966 ἐπίγεια».
595 2889 618 2948 εἰ
641 2887 685 2950 σύν
708 2891 816 2966 συνέχει
837 2886 926 2964 τάξις,
954 2887 1103 2948 τούναντίον
1126 2887 1179 2967 ἀρα
1202 2885 1304 2966 παραί-

23 3029 66 3068 τιον
87 3010 204 3084 λύσεως,
225 3013 243 3084 ἡ
264 3008 360 3083 ἀταξία
385 3009 505 3088 δηλαδή,
529 3013 588 3087 ἥτις
612 3011 640 3071 ἐν
663 3011 713 3086 μὲν
737 3011 796 3091 ἀέρι
818 3011 879 3083 τούς
902 3009 1036 3084 σκηπτοὺς
1059 3008 1251 3088 ἀπεργάζεται,
1276 3009 1305 3068 ἐν

24 3133 48 3189 ἀὲ
71 3133 197 3215 θαλάσση
224 3131 286 3204 τούς
311 3133 456 3205 κλύδωνάς
481 3153 511 3192 τε
538 3132 584 3194 καὶ
611 3133 660 3205 τάς
682 3139 735 3192 τῶν
756 3137 854 3213 χωρῶν
879 3131 1046 3208 ἐπικλύσεις,
1074 3130 1103 3189 ἐν
1124 3136 1162 3212 γῇ
1190 3129 1221 3190 δέ
1243 3130 1305 3201 τούς

25 3257 145 3332 σεισμούς,
171 3255 201 3314 ἐν
221 3257 326 3330 σώμασι
347 3255 378 3314 δὲ
396 3255 431 3314 τά
453 3257 594 3330 νοσήματα
617 3257 700 3314 κινεῖν
724 3253 887 3314 εἴωθεν-καὶ
909 3252 969 3324 τούς
991 3252 1129 3332 πυρετοὺς,
1153 3251 1182 3310 έν
1204 3252 1306 3330 ψυχαῖς

25 3375 49 3434 ἀέ
71 3379 131 3450 τούς
164 3375 320 3452 μολυσμούς
342 3397 373 3436 τε
402 3374 448 3436 καὶ
476 3377 525 3448 τάς
551 3371 699 3456 ἁμαρτίας,
728 3374 759 3449 ἐξ
781 3371 819 3436 ὧν
842 3378 857 3436 ὁ
879 3376 1008 3452 θάνατος,
1037 3375 1106 3434 ὥστε
1134 3373 1163 3432 ἐν
1185 3378 1264 3434 πᾶσιν
1287 3373 1304 3446 ἡ

26 3497 109 3571 ἀταξία
131 3500 292 3579 συγχύσεως
314 3497 385 3560 αἰτία
407 3498 453 3558 καὶ
477 3499 644 3580 ἀνατροπῆς,
667 3501 685 3575 ἠ
709 3498 741 3559 δέ
763 3497 839 3571 τάξις
861 3503 977 3575 συνοχῆς
998 3517 1029 3556 σε
1051 3495 1147 3556 καλῶν
1173 3493 1221 3556 καὶ
1243 3513 1306 3554 συν-

26 3623 233 3702 ερμσλογησεως
259 3619 306 3680 καὶ
329 3619 438 3702 εἰρήνης
464 3619 511 3680 καὶ
533 3623 615 3696 ζωῆς.
646 3623 723 3682 τοῦτο
747 3619 782 3694 δὴ
804 3617 851 3680 καὶ
873 3621 888 3678 ὁ
910 3619 1056 3690 ὁσιώτατος
1077 3616 1166 3698 πατὴρ
1188 3614 1235 3675 καὶ
1257 3636 1306 3676 σε-

26 3739 127 3817 βάσμιτς
151 3741 353 3824 Χριστάἀουλος
383 3743 486 3816 ἐκεῖνος
515 3743 657 3822 συνειδώς,
687 3743 773 3817 ὀπὴν
796 3739 946 3816 σεβασμίαν
969 3741 1054 3815 μονὴν
1080 3743 1127 3800 τού
1155 3737 1231 3817 άγίσυ
1255 3757 1306 3813 μου

28 3863 124 3937 &Isiou
146 3865 194 3926 καὶ
216 3867 393 3944 πανευρήμσυ
412 3863 565 3926 ἀποστόλου
586 3863 633 3924 καὶ
656 3864 849 3943 εὐαγγελιστοῦ
866 3863 992 3922 Ἰωάννου
1014 3865 1060 3920 τού
1079 3859 1223 3937 Θεολάγον
1247 3859 1306 3919 δει-

27 3988 147 4066 μάμενος,
174 3985 247 4064 μετὰ
267 3987 316 4061 τὴν
338 3985 449 4046 τελείαν
472 3987 555 4060 αὑτῆς
579 3985 725 4066 ἀπάρτησιν
749 3984 805 4044 δεῖν
828 3978 898 4065 ᾤετο
920 3986 1023 4042 κανάνα
1038 4003 1068 4044 πε
1090 3980 1137 4042 καὶ
1158 3983 1238 4040 τύπον
1261 3979 1307 4040 καὶ

27 4105 89 4178 τάξιν
116 4109 232 4170 ἐνθεῖναι
262 4108 343 4190 αύτῇ,
370 4108 414 4167 ἵνα
440 4109 501 4167 κατ’
525 4107 606 4183 αύτὴν
634 4107 818 4188 ἀπαραβάτως
845 4105 870 4165 οἱ
894 4105 1084 4180 ἐνασκούμενοι
1108 4103 1199 4163 ἐκεῖσε
1226 4103 1307 4162 ὁσιώ-

27 4247 90 4288 τατον
116 4229 235 4308 μοναχοὶ
263 4231 292 4289 ἐν
320 4228 413 4311 εἰρήνῃ
441 4227 578 4308 διαβιῷεν,
603 4231 696 4304 ἥντινα
719 4229 752 4302 δὴ
776 4225 851 4299 τάξιν
878 4226 923 4286 καὶ
948 4226 1079 4299 βασιλικά
1105 4227 1165 4285 θεῖα
1186 4227 1306 4304 προστά-

27 4369 109 4424 χρατα
139 4351 313 4431 ἐπεκύρωσαν
342 4349 388 4411 καὶ
418 4351 600 4430 πατριαρχικά
629 4348 900 4430 πρυσεβεβαιὼσανεο
929 4350 1089 4426 γράμματα,
1122 4347 1191 4424 άπερ
1221 4343 1307 4419 καὶὴ

29 4475 158 4550 μετριότης
179 4475 259 4550 ἡμῶν
282 4471 375 4534 ἰδούσά
397 4493 428 4534 τε
453 4471 500 4533 καὶ
527 4471 720 4549 ἀποδεξαμένη
745 4473 775 4532 τ“ο
796 4472 883 4550 παρὀν
907 4469 1097 4550 ἐπικυρωτικάν
1124 4467 1309 4548 προσαπσλύει

28 4597 142 4678 γράμμα,
168 4595 202 4656 δι’
219 4589 250 4654 σύ
274 4595 303 4655 ἐν
325 4595 395 4674 ἀγύῳ
418 4595 637 4676 παρακελεύεται
658 4595 798 4674 πνεύματι,
823 4595 897 4664 ὅπως
910 4612 940 4652 τε
964 4589 988 4650 οἱ
1009 4591 1037 4650 ἐν
1060 4591 1125 4672 αύτῇ
1149 4589 1308 4664 ἀσκούμενοι

28 4713 194 4795 ἱερομάνοχσί
215 4737 246 4776 τε
271 4715 318 4776 καὶ
346 4715 463 4795 μσνοχοὶ
490 4717 561 4778 κσιπά
588 4716 718 4794 διαδοχὴν
745 4713 791 4776 καὶ
814 4713 840 4776 οἱ
861 4715 911 4788 τὴν
931 4712 1111 4792 ἡγουμενεὶαν
1135 4711 1216 4790 αἰιῆς
1239 4712 1307 4774 ἀνα-
