3184 5288
263 349 324 411 148

260 539 284 600 εἰ
313 539 360 601 καί
389 541 468 610 αὐτθς
497 541 547 614 μὲν
573 541 637 610 πάις
660 543 721 613 (κεί)
746 540 836 613 ἀκμὴν
859 541 987 616 τυγχάνω
1013 536 1060 598 καὶ
1087 543 1202 616 σφριγῶν
1225 537 1263 617 τῷ
1286 541 1402 614 σώματι,
1427 539 1500 613 ὑμεῖς
1519 537 1544 597 ἀὲ

259 662 361 722 τέλειοι
387 659 434 722 καί
461 660 665 736 πεπολιωμένοι
692 659 739 720 καί
768 656 959 739 ἀγγελοειθείς
985 659 1178 740 χρηματίζετε,
1206 659 1250 719 διά
1276 679 1318 718 τοι
1345 664 1433 735 τοῶτο,
1460 663 1545 734 τιμιῶ-

259 783 334 844 τατοί
357 804 409 859 μου
432 781 556 862 ἀδελφοί,
578 781 735 863 παρακαλῶ
757 784 861 852 πάντας
887 782 968 858 ὑμᾶς,
994 780 1031 856 μὴ
1056 781 1178 842 ἔστωσαν
1199 783 1262 856 ὑμίν
1285 781 1373 862 ἔριδες
1400 781 1448 842 καὶ
1470 784 1546 858 μάχαι

259 905 305 965 καὶ
328 905 420 984 φθόνοι
442 903 489 964 καί
509 907 587 981 μῖσος
609 903 655 964 καί
675 903 854 980 καταλαλιαί,
877 903 1059 984 θυθιρίσματα
1080 901 1127 962 καὶ
1151 902 1280 976 διαβολαὶ
1303 901 1388 963 κακαί
1410 903 1456 963 καί
1477 903 1547 980 λέγοι

260 1027 413 1106 ἀνωφελεῖς
439 1023 486 1086 καί
510 1027 548 1101 μὴ
575 1027 769 1106 προσήκοντες,
798 1027 848 1102 μή,
870 1024 1028 1104 παρακαλῶ
1051 1026 1154 1096 πάντας
1175 1023 1257 1104 ὑμᾶς,
1281 1027 1329 1100 μή.
1354 1025 1425 1085 ἔστω
1448 1026 1461 1084 θ
1482 1024 1547 1098 ὑμῶν

260 1150 346 1228 λόγος
365 1149 515 1228 ἠρτυμένος
535 1149 627 1224 ἅλατι,
652 1148 681 1206 ἐν
704 1145 799 1228 εἰρήνῃ
822 1145 963 1226 διάγοντες
986 1144 1033 1207 καὶ
1056 1147 1238 1228 μακροθυμίᾳ,
1255 1146 1398 1229 ἐπιεικείᾳ,
1416 1147 1546 1227 ἀοργςσίφ,

260 1271 372 1353 ὁμονοίᾳ
401 1270 447 1330 καί
478 1267 583 1350 ἀγάπη,
606 1269 700 1329 τεκνία
728 1289 789 1348 μου,
820 1269 866 1341 οθς
892 1269 980 1329 πάλαι
1006 1269 1038 1328 τ“ο
1066 1273 1173 1344 πνεῦμα
1205 1269 1235 1328 τ“ο
1264 1269 1340 1346 ἀγιον
1368 1268 1449 1328 ῶθινε
1474 1267 1547 1328 καὶὸ

261 1392 414 1474 μακαρίτης
450 1393 539 1470 πατὴρ
575 1393 654 1466 ἡμῶν
689 1387 734 1450 ἐπὶ
766 1391 796 1448 τ“ο
833 1390 896 1450 αθτθ
930 1394 1008 1450 τοῦτο
1044 1388 1092 1450 καὶ
1125 1388 1164 1462 εἰς
1190 1391 1220 1450 ἓν
1247 1391 1410 1470 συνήγαγεν.
1439 1388 1480 1449 ἀεὶ
1503 1391 1547 1466 πρθ

260 1515 408 1591 ὀφθαλμιῶν
437 1513 516 1591 ἔχετε
543 1514 589 1572 τὀν
611 1517 658 1571 τοῦ
679 1513 743 1572 θεοῦ
765 1511 858 1590 φόβον,
881 1510 928 1570 καὶ
952 1513 1031 1584 αθτθς
1053 1514 1165 1591 τηρήσει
1193 1511 1263 1588 ὑμᾶς
1290 1511 1427 1586 ἀβλαβεῖς
1453 1532 1481 1570 τε
1508 1509 1549 1570 καὶ

262 1635 362 1708 ἀσινεῖς
379 1636 432 1695 ἀπὸ
448 1641 501 1694 τῶν
516 1640 620 1710 νοητῶν
636 1632 683 1694 καί
698 1631 832 1710 αἰσθητῶν
850 1633 965 1712 ἐχθρῶν,
989 1638 1042 1692 τῶν
1061 1628 1104 1717 [δὲ
1119 1629 1346 1717 προσταγμάτ]ων
1368 1631 1416 1693 καί
1439 1634 1549 1694 ἐντολῶν

260 1761 306 1816 τοῦ
318 1759 419 1835 πατρὸς
434 1757 514 1831 ήμῶν
530 1757 567 1831 μὴ
586 1755 809 1830 ἐπιλανθάνεσθε,
827 1757 865 1830 μὴ
881 1751 980 1840 νθήσφι]
997 1761 1051 1814 τῶν
1075 1755 1180 1816 ἐκείνου
1203 1757 1332 1835 ῥημάτων
1354 1757 1401 1816 καὶ
1423 1754 1549 1836 πράξεων,

262 1880 300 1953 μὴ
324 1879 432 1958 μακρὰν
456 1879 574 1956 γένησθε
596 1883 646 1952 πής
668 1883 801 1956 πατρικῆς
826 1878 929 1937 ἐκείνου
952 1880 1084 1956 σχέσεως,
1102 1879 1242 1955 μέμνησθε
1262 1877 1305 1938 ἀεὶ
1329 1885 1378 1954 τῆς
1403 1877 1432 1936 ἐν
1452 1878 1550 1956 Χριστῷ

262 2000 372 2078 ἀγάπης
394 1999 442 2059 καί
469 1999 562 2078 φιλίας
589 1998 636 2057 καί
664 1999 812 2074 συμπνοίας
836 1999 951 2078 ἐκείνου,
980 1995 1037 2084 [καί
1066 2001 1134 2060 οθτω
1163 1995 1268 2084 δοῦλοι]
1292 2001 1396 2060 ἐκείνου
1427 1999 1551 2074 θελήσετε

260 2127 277 2196 ή
302 2123 413 2196 μᾶλλον
437 2122 467 2182 δὲ
495 2121 652 2198 θελήσομεν
681 2123 818 2200 γενέσθαι,
846 2122 893 2182 καὶ
916 2123 931 2182 θ
955 2123 1018 2194 θεὸς
1046 2122 1081 2182 δι’
1105 2122 1195 2199 εὐχῶν
1222 2123 1327 2181 ἐκείνου
1354 2120 1482 2180 συνετίσει
1510 2119 1551 2180 καί

261 2241 379 2323 στηρίξει
408 2244 436 2303 ἑν
465 2242 544 2302 παντὶ
575 2244 648 2321 ἔργῳ
678 2240 784 2321 ἀγαθῷ.
815 2245 852 2318 μὴ
881 2242 927 2304 οὖν
955 2243 1097 2322 ἀπείπητε,
1126 2241 1149 2304 {a
1172 2243 1286 2322 ἀδελφοί
1309 2265 1371 2324 μου,
1400 2245 1431 2304 τθ
1458 2244 1551 2321 ἀγαθον

263 2367 450 2444 ἐργαζόμενοι,
478 2367 516 2439 μὴ
545 2364 728 2446 βαθυμήσητε,
761 2367 799 2440 μὴ
829 2368 1026 2442 κατοκνήοητε,
1058 2365 1169 2442 μάλλον
1199 2365 1231 2425 δὲ
1265 2366 1303 2440 μὴ
1337 2369 1551 2441 κατοκνήσωμεν,

262 2491 315 2558 έως
341 2489 435 2567 καιρον
464 2487 583 2563 ἔχομεν·
612 2488 707 2566 μικρὸν
734 2487 787 2565 γὰρ
811 2489 873 2546 ὅσον
900 2486 947 2546 καί
973 2491 1019 2547 τοῦ
1047 2488 1106 2560 βίου
1134 2487 1352 2567 ἀπελευσόμεθα,
1377 2489 1472 2568 μικρὸν
1498 2488 1552 2546 Ξσον

263 2605 417 2694 [βλέπομεν
432 2609 466 2667 τὰ
482 2607 580 2667 ἐνθάδε
600 2604 657 2692 καί]
675 2607 839 2682 βλεπόμεθα
863 2655 999 2671 .....
1022 2611 1132 2688 πάντες,
1154 2610 1228 2681 ὅπως
1252 2611 1367 2681 ἕκαστος
1392 2657 1551 2672 ......

264 2774 1248 2794 ...............................
1277 2730 1302 2792 οἱ
1327 2733 1447 2810 πατέρες
1472 2732 1553 2804 ἡμῶν.

261 2849 376 2930 ἀδελφοί
404 2873 472 2930 μου,
495 2844 564 2931 ἑνῇ
594 2853 708 2921 ἕκαστος
736 2847 810 2922 τάξει
837 2849 885 2910 καί
912 2850 1035 2933 διακονίᾳ
1064 2851 1180 2929 ἐκλήθη,
1213 2852 1242 2911 ἐν
1268 2853 1351 2933 ταύτῃ
1382 2851 1429 2911 καί
1457 2853 1553 2927 μενέτω

260 2973 307 3033 καὶ
324 2972 510 3032 έκδουλευέτω
535 3021 541 3034 ,
567 3020 573 3032 .
599 3021 606 3034 .
634 2965 704 3032 ,καί
728 3020 733 3033 .
762 3020 768 3032 .
794 3021 800 3032 .
825 3031 826 3034 ,
827 3018 1254 3034 ..............
1276 2973 1355 3033 οῦδὲν
1371 2975 1552 3052 ῶφελήοομεν.

262 3101 332 3173 μήτε
356 3098 416 3157 ἐνθν
439 3096 587 3166 ἀκινδύνως
611 3144 618 3159 .
644 3145 650 3157 .
676 3095 756 3156 ,σθαι
784 3097 878 3173 ἀρχειν
906 3095 1082 3167 ἐπικινδύνως
1110 3095 1278 3170 ἐπιθυμείτω.
1303 3093 1406 3171 μηθὲὸ
1427 3099 1476 3170 τής
1491 3095 1553 3152 ἀποε

260 3214 1256 3298 ταγήςδρος......καὶτὰ...ουνέχεικαίτὰ...’
1273 3261 1506 3278 ........
1529 3214 1553 3272 ἐν

263 3343 390 3422 φρονήσει
412 3347 466 3400 τῶν
489 3341 564 3415 ἐμῶν
586 3339 681 3417 λόγων
704 3335 751 3396 καί
772 3341 997 3417 προσταγμάτων.
1021 3336 1044 3398 εί
1068 3339 1119 3414 μὲν
1143 3336 1188 3398 οὖν
1211 3337 1346 3417 φυλάξετε
1369 3341 1461 3411 ταῦτα,
1484 3335 1553 3395 καίί
1580 3335 1581 3340 ’

262 3465 325 3533 θεὸς
353 3510 359 3523 .
385 3509 392 3523 .
418 3509 424 3522 .
450 3510 457 3522 .
483 3508 489 3520 .
516 3509 522 3521 .
548 3510 554 3522 .
613 3507 619 3519 .
646 3509 652 3521 .
680 3466 713 3540 τῇ
743 3461 822 3520 αθτοῶ
844 3462 934 3540 χάριτι
958 3451 1104 3538 δι”εθχῶν
1127 3465 1173 3520 τοῦ
1196 3460 1274 3539 ἁγίου
1295 3461 1398 3539 πατρὸς
1419 3461 1511 3534 ήμῶν·
1534 3455 1554 3516 εί

262 3583 287 3642 θ’
311 3585 351 3662 οίι,
375 3584 433 3660 ἐγὼ
456 3582 506 3658 μὲν
529 3582 607 3642 οθθέν
629 3603 652 3640 τι
676 3581 813 3656 ἀπότομον
836 3583 924 3660 λέγω,
949 3583 1016 3642 ἀλλ’
1040 3580 1086 3642 οὖν
1109 3583 1123 3640 θ
1146 3583 1208 3653 θεος
1232 3580 1265 3640 ἐκ
1286 3585 1340 3640 τῶν
1363 3585 1464 3660 χειρῶν
1487 3581 1553 3655 Ιὐμῶν
1578 3635 1581 3648 ,

661 3833 696 3887 In
712 3830 768 3900 fine
791 3833 886 3886 desunt
908 3851 1000 3888 verm
1023 3835 1154 3888 undecim.

369 3973 548 4044 Archetypum
578 3991 637 4027 ουιιι
663 3991 757 4042 parva
787 3973 863 4026 θυίία
889 3975 1019 4043 plumbea
1043 3975 1179 4064 pendfrffi
1196 3989 1242 4066 ἐκ
1258 3971 1308 4041 filo
1334 3973 1423 4041 linteo,
1452 3971 1554 4024 habente

266 4096 298 4132 ex
317 4096 373 4132 ιιιια
388 4084 471 4146 parte
486 4077 629 4148 ιἰιιαμέκειιι
652 4075 745 4130 beatae
765 4075 884 4146 Vz'ryinis
907 4097 967 4132 oum
990 4078 1087 4133 ίίίίονίε
1111 4071 1173 4132 ΜΡ.
1191 4069 1242 4131 ΘΥ
1264 4077 1339 4129 etin
1361 4075 1463 4129 σίσουίο
1490 4114 1496 4127 .
1520 4112 1553 4127 ..

264 4173 376 4254 Kane,
403 4183 433 4234 τι
463 4188 501 4236 «τι
535 4175 666 4236 Mum?
693 4173 795 4265 οιτον
827 4169 1032 4260 [ωωοτομιι
1055 4175 1206 4251 nouom,
1235 4199 1267 4235 a
1297 4179 1385 4234 acm
1418 4179 1553 4250 ιπεμππ

266 4285 697 4422 βαιιησίίίοαιινιίεοτωκίιῖίίοτάεὲ
731 4261 773 4448 ἐξ,
788 4337 813 4385 εί
826 4332 855 4384 in
863 4332 984 4401 πιανφίιιι
995 4323 1232 4383 ΧΡΙΣΤΟΔΟΥΛ
1252 4284 1297 4415 ᾗ,
1318 4329 1348 4382 id
1369 4334 1408 4382 ατί
1430 4321 1554 4392 Ἰωάννης

311 4468 454 4550 Θεολάγος
492 4467 686 4549 Χριστοδοὺλῳ
725 4470 850 4550 μοναχῷ.
887 4477 1029 4532 Sakkelion
1063 4477 1209 4546 σοικμοευίι
1245 4476 1315 4531 hanc
1348 4475 1554 4546 ιἰιεοινριῶηεωε

265 4575 463 4655 Χριστοθοίλου
487 4579 609 4652 μοναχοῶ
631 4572 678 4634 καί
705 4575 911 4653 καθηγουμένου
942 4581 991 4650 τῆς
1014 4580 1100 4650 μονῆς
1124 4574 1248 4651 ἔνταλμα
1270 4574 1337 4654 προς
1359 4574 1421 4645 τοὺς
1445 4573 1474 4632 ἐν
1497 4573 1554 4648 αθτῆ

265 4679 448 4752 ἀσκουμένους
476 4681 503 4737 ἐν
526 4680 564 4756 τῷ
588 4680 754 4757 ἀπέρχεσθαι
783 4681 861 4740 αὐτάν
885 4679 924 4752 εἰς
946 4679 1243 4755 Κωνοταντινοθπολιν,
1271 4685 1418 4754 asseritque
1442 4683 1553 4736 tabulam

466 4799 482 4843 θ
