3228 5294
272 375 294 438 2

273 563 339 644 είεν,
364 567 407 628 ἐπί
429 589 477 628 τινι
499 575 552 628 τῶν
574 569 613 648 τῷ
635 571 746 650 παρόντι
768 571 1021 652 ἀναγεγραμμένων
1043 573 1241 654 χρυσοβσθλλῳ
1256 573 1335 654 λόγῳ
1351 575 1560 654 διαμφιβοὶλλειν

273 687 320 749 καὶ
342 689 447 767 λέγειν,
470 691 509 763 ῶς
531 691 596 750 τάδε
620 692 670 768 μὲν
691 693 774 772 τσίτῳ
796 693 959 772 ἐγέγραπτο,
983 693 1049 753 τάδε
1070 693 1101 754 δέ
1121 695 1348 778 ἀποσεσιῶπηται,
1371 694 1417 756 καὶ
1433 699 1471 768 ὡς
1485 701 1561 757 τοῦτο

272 811 323 886 μέν
347 811 405 888 ἔχει
427 813 563 892 γενέσθαι,
586 817 662 873 τοῦτο
686 813 717 874 δέ
739 811 875 893 οθδαμῶς,
898 813 945 874 καί
967 816 1006 875 ότι
1029 814 1092 876 τόδε
1115 816 1165 892 μὲν
1185 819 1215 877 τδ
1230 820 1388 898 προάστειον
1403 820 1454 898 πρδ
1470 820 1561 878 τούτου

271 935 290 1007 ῆ
317 933 387 1008 μετὰ
414 937 490 993 τοῦτο
516 933 632 1009 ήδθνατο
655 932 783 1008 δέξασθαι
807 933 916 1012 αὔξησιν
939 940 957 1012 ή
979 939 1060 1016 τυχόν
1083 936 1129 998 καὶ
1153 935 1265 1012 ἐδέξατο
1288 937 1334 999 καὶ
1357 939 1420 1000 τόδε
1442 941 1558 1015 ὁμοίως·

271 1052 318 1112 καὶ
341 1053 380 1114 ότι
402 1057 468 1135 πρδς
491 1055 668 1130 ἀντισήκωσιν
690 1053 758 1133 ήσαν
781 1059 950 1136 προαστείων
977 1059 1086 1139 ἐτέρων,
1114 1060 1152 1135 μὴ
1175 1063 1315 1132 σωζόντων
1337 1063 1367 1120 τό
1390 1062 1560 1138 ἐπικείμενον

273 1176 361 1246 σοίτοῑς
375 1173 490 1236 πάκτον·
513 1181 597 1236 ταῦτα
615 1177 669 1258 γὰρ
683 1181 771 1238 πάντα
786 1178 948 1259 ἀνῄρεσενή
967 1179 1097 1251 βασιλεία
1120 1185 1170 1256 μοῶ
1193 1181 1274 1259 ἁπλῷ
1296 1181 1374 1261 λόγῳ
1396 1181 1443 1242 καὶ
1474 1230 1480 1244 .
1513 1231 1520 1244 .
1553 1232 1560 1245 .

271 1295 319 1356 καὶ
338 1292 501 1378 ἀπεριέργῳ,
522 1291 569 1358 καί
589 1297 714 1375 δωρεῖται
730 1299 800 1378 αυτῷ
816 1299 850 1358 τά
865 1299 1024 1376 δηλωθέντα
1038 1302 1106 1381 πρός
1121 1301 1208 1378 όνομα
1222 1305 1368 1382 προάστεια
1384 1303 1453 1378 μετά
1472 1308 1562 1381 πάσης

272 1419 358 1478 αὐτῶν
380 1423 430 1493 τῆς
456 1418 620 1493 όθενδήποτε
648 1419 779 1500 προσόδου
807 1419 853 1480 καὶ
879 1427 931 1480 τῶν
958 1422 1110 1502 προνομίων
1141 1423 1274 1503 ἀπάντων,
1306 1422 1345 1496 εἰς
1375 1425 1483 1500 διενεκῆ
1513 1425 1560 1485 καὶ

271 1538 447 1620 ἀναφαίρετον
474 1541 641 1624 δεσποτείαν,
672 1541 742 1617 μετὰ
768 1543 867 1614 παντός
894 1547 940 1602 τοῦ
969 1545 1069 1624 μέρους
1098 1546 1177 1604 αθτοῦ
1206 1543 1255 1604 καὶ
1282 1551 1335 1604 τῶν
1365 1545 1438 1605 όλων
1468 1547 1561 1605 τούτου

177 1703 179 1710 ·
271 1659 450 1741 κληρονόμων
473 1660 519 1721 καί
541 1661 678 1740 διαδόχων
700 1662 748 1722 καὶ
774 1661 907 1723 παντοίων
936 1663 1116 1745 διακατόχων,
1145 1665 1192 1724 ἀπ’
1213 1668 1295 1743 αὐτῆς
1321 1667 1410 1746 ἀρχῆς
1436 1673 1485 1744 τῆς
1513 1669 1560 1726 έν-

272 1780 389 1857 δεκάτης
405 1780 569 1855 ἰνδικτιῶνος
584 1784 631 1844 καὶ
647 1784 691 1845 ἐπὶ
705 1786 739 1844 τά
755 1786 916 1867 ἔμπροσθεν,
937 1787 990 1857 ἕως
1009 1789 1133 1863 περάτων
1152 1791 1198 1848 τοῦ
1213 1790 1344 1868 παρόντος
1360 1787 1466 1860 αἰῶνος.
1497 1811 1560 1850 πω-

270 1904 350 1980 λήσει
364 1906 418 1985 γάρ
432 1909 525 1984 τσῶτα,
542 1903 719 1984 ἀνταλλάξει,
736 1905 896 1986 δωρήσεται,
917 1907 1047 1987 προικίσει
1069 1905 1115 1966 καὶ
1132 1906 1170 1980 εἰς
1185 1907 1301 1980 οἰκείους
1320 1908 1365 1969 καὶ
1382 1908 1560 1990 ἐξωτερικσὶις

270 2027 456 2107 παραπέμψει,
479 2025 527 2087 καὶ
548 2029 658 2106 τοιούτῳ
681 2028 770 2108 τρόπῳ
792 2027 834 2088 ἐπ’
851 2029 940 2098 αὐτοῖς
959 2031 1089 2106 χρήσεται
1109 2030 1289 2111 ἐκποιήσεως,
1312 2029 1357 2090 καὶ
1374 2033 1412 2104 ὡς
1426 2035 1459 2091 ἀν
1475 2033 1561 2114 ἐθέλῃ

271 2144 446 2229 διαπράξεται
463 2147 505 2207 ἐπὶ
520 2149 622 2222 τοότοις
641 2147 681 2222 είς
702 2150 733 2209 τδ
756 2150 887 2229 διενεκές,
910 2149 981 2208 κατὰ
1001 2150 1112 2220 τελείας
1134 2149 1180 2210 καὶ
1204 2147 1379 2234 ἀναφαιρέτου
1403 2153 1561 2226 δεσποτείας

269 2268 365 2351 λόγον,
388 2269 480 2341 καθὼς
502 2268 549 2330 καὶ
571 2269 596 2330 οί
617 2273 696 2347 νόμοι
719 2269 762 2332 ἐπὶ
781 2273 837 2342 τοῖς
853 2269 930 2342 ἰδίοις
948 2273 1004 2344 τοῖς
1018 2273 1149 2353 καθαροῖς
1164 2272 1306 2345 δεσπόταις
1322 2273 1438 2334 διδόασιν
1455 2269 1560 2355 άδειαν,

270 2389 332 2452 οὔτε
352 2394 464 2472 πάκτον,
487 2389 548 2452 οὔτε
570 2392 710 2466 συνηθείας
733 2391 900 2468 οἱασδήτινος
923 2391 994 2452 δόσιν
1017 2393 1133 2466 ὑποστὰς
1155 2395 1185 2454 τό
1207 2395 1332 2456 σύνολον·
1357 2397 1371 2455 ό
1393 2392 1447 2477 γὰρ
1465 2399 1561 2476 παρὼν

269 2512 476 2594 χρυσόβουλλος
502 2514 588 2594 λόγος
614 2520 663 2590 τῆς
690 2513 834 2589 βασιλείας
861 2533 912 2590 μου
942 2516 972 2574 σὺ
1003 2516 1085 2590 μόνον
1111 2515 1173 2588 τοὺς
1198 2519 1409 2597 προειρημένους
1436 2519 1559 2590 ἅπαντας

270 2635 365 2715 λέγειν
387 2657 411 2696 τι
433 2637 504 2697 κατὰ
526 2643 575 2713 τῆς
597 2637 734 2715 παρούσης
756 2636 863 2716 δωρεάς
889 2636 1012 2717 ἀπείργει
1040 2639 1217 2716 παντάπασιν,
1245 2638 1322 2698 ἀλλά
1347 2637 1394 2698 καὶ
1420 2639 1492 2718 αθτῷ
1520 2640 1560 2719 τῷ

268 2758 317 2834 τὴν
333 2757 438 2840 δωρεὰν
453 2758 608 2838 ἀνειληφότι
622 2762 710 2818 πᾶσαν
727 2757 883 2838 ἐλευθερίαν
900 2760 1069 2834 συζητήσεως
1083 2762 1171 2836 πάσης
1187 2759 1360 2840 ἐπιβραβείιει
1375 2759 1422 2821 καὶ
1438 2759 1556 2824 δίδωσιν.

270 2879 539 2955 ἐξκουοσευθήσσνται
561 2880 614 2960 γὰρ
636 2881 669 2940 τά
692 2880 853 2956 δηλωθέντα
874 2884 1020 2961 προάστεια
1042 2880 1088 2942 καί
1115 2882 1140 2942 οἱ
1168 2883 1196 2941 ἐν
1224 2883 1313 2954 αθτσῑς
1339 2884 1560 2964 προσκαθήμενοι

268 2999 393 3082 πάροικοι
408 3001 461 3062 ἀπό
480 3023 509 3062 τε
534 3008 663 3082 συνωνῆς,
686 3007 825 3080 καπνικσῦ,
851 3005 970 3082 μιτάτου,
995 3003 1145 3082 ἀπλήκτσυ,
1170 3003 1316 3075 ἐπιθέσεως
1338 3008 1559 3084 μονοπρσοῶπων

269 3125 338 3184 νέων
357 3145 387 3183 τε
402 3121 449 3184 καὶ
468 3124 604 3204 παλαιῶν,
629 3124 733 3202 ἀγοράς
753 3123 918 3204 μουλαρίων,
939 3125 1173 3204 μεσομσυλαρίων,
1195 3125 1358 3206 βορδωνίων,
1381 3127 1559 3206 μεσσβορδω-

269 3245 341 3327 νίων,
371 3246 470 3326 ἵππων,
502 3245 663 3326 παριππίων,
696 3245 887 3326 όνοκηλῶνων,
917 3245 1093 3326 όνοθηλειῶν,
1123 3245 1277 3326 φορβάδων,
1308 3246 1379 3320 βοῶν
1408 3247 1559 3327 ἐργατικῶν

268 3365 315 3427 καὶ
338 3367 487 3446 ἀγελαίαν,
509 3366 621 3447 χοίρων,
643 3365 796 3446 προβάτων,
817 3365 911 3444 αἰγῶν,
929 3365 1083 3442 βσυβαλίων
1099 3365 1145 3426 καὶ
1160 3365 1265 3426 λοιπῶν
1280 3367 1453 3448 τετραπόδων
1469 3371 1559 3448 ζώων,

270 3487 435 3562 έξαπλίοεως
450 3487 619 3564 πλωίμωνή
641 3491 812 3568 κονταράτων
835 3491 853 3563 ή
875 3485 1025 3564 τοξοτῶνῆ
1047 3490 1237 3564 ματζσυκάτων
1259 3493 1276 3564 ῆ
1299 3489 1397 3570 ἐτέρων
1418 3498 1558 3572 στρατιῶν,

269 3610 373 3672 πλοίων
393 3616 572 3688 κατασκευῆς,
592 3615 719 3690 παρσχῆς
733 3616 834 3690 χρειῶν
849 3608 896 3670 καὶ
910 3613 1106 3690 χορτασμάτων
1122 3615 1175 3670 τῶν
1190 3613 1403 3692 χορηγουμένων
1420 3611 1560 3686 δικασταῖς

269 3731 316 3792 καὶ
336 3734 497 3813 πράκτορσιν
512 3735 530 3807 ῆ
545 3731 703 3810 πρέσβευσιν
720 3731 804 3791 ἐθνῶν
826 3731 1023 3812 διερχομένοις,
1048 3732 1102 3792 εἴτε
1122 3730 1168 3792 καὶ
1188 3731 1293 3813 στρατῷ
1313 3755 1372 3810 τινι,
1397 3730 1559 3810 ἐξωνήσεως

269 3850 350 3934 σίτου,
373 3855 478 3934 κριθῆς,
501 3853 613 3934 βρόμου,
636 3852 751 3933 ὀσπρίων
772 3851 819 3912 καί
838 3853 972 3913 παντοίων
993 3856 1158 3934 σπερμάτων,
1179 3853 1259 3932 οἴνου,
1282 3854 1386 3935 ἐλαίου,
1407 3861 1494 3936 κρεῶν
1509 3856 1558 3916 καὶ

269 3975 369 4056 ἑτέρων
386 3973 477 4056 εἰδῶν,
499 3981 586 4051 κοπῆς
604 3973 650 4035 καὶ
666 3974 872 4051 καταβιβασμοῦ
892 3958 1061 4050 οἱασδήτινος
1081 3971 1165 4051 ξυλῆς
1188 3973 1234 4035 καί
1257 3975 1445 4052 μετακομιδῆς
1465 3979 1559 4058 ἑτέρου

269 4095 367 4176 είδους,
390 4095 555 4172 καθίπιατος
577 4103 629 4157 τῶν
654 4097 682 4156 ἐν
705 4097 852 4177 ι’ντεροχαῐς
874 4097 1022 4177 ἀρχόντων,
1051 4097 1163 4178 δουκῶν,
1191 4101 1359 4180 κατεπάνων,
1388 4105 1558 4181 στρατηγῶν,

268 4223 376 4298 κριτῶν,
397 4219 529 4300 ἐποπτῶν,
549 4217 683 4301 όρθωτῶν,
704 4219 881 4300 ἀναγραφέων
906 4219 952 4280 καί
968 4220 1071 4280 λοιπῶν
1094 4221 1219 4280 ἀπάντων
1242 4220 1394 4296 ἀπαιτητῶν
1416 4225 1433 4296 ῆ
1457 4222 1560 4302 ἐτέρων

268 4344 321 4400 τῶν
341 4337 515 4416 δημοσιακῶν
534 4343 700 4420 πραγμάτων
716 4341 826 4422 ἔρευναν
849 4343 1095 4421 ἐπιτετραμμένων,
1117 4341 1219 4414 δόσεως
1234 4342 1388 4424 κοινισκίων,
1405 4343 1557 4418 ἀπλήιιτων

268 4463 286 4536 ῆ
314 4461 525 4541 μεσαπλήκτων,
552 4457 724 4538 ἀπαιτήσεως
752 4467 862 4538 μιτάτου
885 4441 1132 4544 Ῥωσοβοιράγγων,
1161 4465 1344 4544 Κουλπίγγων
1371 4468 1388 4540 ῆ
1413 4461 1558 4546 Φράγγων

268 4585 286 4656 ῆ
314 4583 479 4663 Σαρακηνῶν
506 4587 525 4657 ή
552 4585 651 4664 ἑτέρων
679 4585 790 4645 ἐθνικῶν
816 4589 834 4658 ή
858 4585 1018 4664 Ῥωμαίων,
1046 4585 1217 4661 ἀπαιτήσεως
1239 4585 1451 4666 ἀντικανισκίων,
1483 4586 1558 4647 ἀπο-

269 4701 356 4782 δοχῆς
378 4707 508 4784 φοσσάτου
530 4703 576 4764 καὶ
593 4705 737 4786 διατροφῆς
753 4705 796 4767 ἐπὶ
810 4707 933 4782 πόλεμον
949 4707 1080 4768 ἀπιόντων
1095 4711 1113 4782 ή
1129 4709 1354 4788 ἀποστρεφόντων,
1378 4709 1558 4789 μανδατόρων
