3184 5288
267 333 307 398 78

264 526 462 605 φροντιστηρίου
481 526 560 586 τοῦδε
581 527 810 606 προστησομένοις
832 529 1025 602 πνευματικοῖς
1046 529 1163 607 πατράσι
1185 526 1231 586 καὶ
1255 528 1386 608 ἀδελφοῖς
1409 548 1460 603 μου
1481 549 1552 606 φρον-

263 645 359 724 τίζειν,
391 647 430 718 ῶς
458 638 513 704 οἷόν
535 667 580 726 τε,
607 652 661 706 τῶν
690 644 840 726 εόρημένων
867 645 914 706 καὶ
939 651 1064 726 προνοεῖν
1095 645 1142 708 καὶ
1168 648 1254 708 πολὺν
1281 647 1325 708 ἀεί
1351 655 1401 725 τῆς
1423 649 1553 728 φιλοπτω-

263 767 345 844 χείας
366 765 417 826 καὶ
443 767 618 842 μεταδόσεως
644 766 762 827 τίθεσθαι
785 767 881 847 λόγον,
911 767 958 828 καὶ
988 769 1027 844 μὴ
1056 768 1247 844 διαλιμπένειν
1275 769 1465 850 ἀναλογοῦσαν
1491 771 1553 830 έκά-

265 909 344 948 στοτε
366 894 400 970 τῆ
422 894 472 965 τῆς
495 894 581 965 μονῆς
604 886 716 970 εὐπορίᾳ
741 889 875 949 ποιεῖσθαι
903 890 1025 964 τὴντῶν
1045 890 1146 950 ἐνδεῶν
1173 889 1319 972 θεραπείαν
1346 890 1392 952 καὶ
1418 893 1552 974 χορηγίαν.

368 1007 427 1083 σις’.
452 1009 520 1090 Περὶ
549 1015 600 1085 τῆς
633 1009 796 1089 παραδοχῆς
830 1015 883 1070 τῶν
918 1009 972 1070 ἀπδ
1006 1011 1111 1086 κόσμου
1143 1012 1384 1092 παραβαλλόντων
1417 1015 1482 1092 πρδς
1512 1013 1554 1086 τὴν

264 1133 360 1210 μονῆν,
384 1130 425 1208 ἐφ’
448 1125 471 1212 ᾧ
494 1127 681 1202 ἀποτάξασθαι
702 1128 749 1190 καί
775 1133 820 1191 τόν
852 1131 997 1208 ἀσκητικδν
1024 1132 1207 1194 ἐπανελέσθαι
1237 1133 1296 1210 βίον
1323 1134 1395 1194 κατά
1416 1134 1465 1207 τὰς
1487 1131 1553 1192 ἀνω-

264 1253 335 1332 τέρω
358 1250 532 1326 δηλωθείσας
553 1252 745 1332 ὑποτυπώσεις,
769 1252 919 1330 ἀναγκαῖον
943 1250 1036 1313 εἰπεῖν.
1061 1254 1142 1314 όπότε
1164 1275 1204 1328 τις
1227 1253 1347 1333 ἀφίκοιτο
1370 1256 1468 1328 λαῖκδς
1486 1256 1552 1314 ἀντι·

265 1375 358 1450 βολῶν
382 1372 513 1452 δεχθῆναι
537 1370 576 1444 είς
598 1373 647 1449 τὴν
671 1375 767 1448 μονήν,
792 1374 830 1444 ῶς
845 1374 875 1432 τδ
897 1379 947 1450 τῆς
970 1374 1109 1453 ὑποταγῆς
1132 1373 1176 1434 διὰ
1198 1375 1313 1456 Χριστόν
1334 1376 1478 1436 ὑπεισιέναι
1493 1377 1551 1452 βου-

265 1497 386 1571 λόμενος
415 1493 538 1574 στάδιον,
569 1495 783 1574 προηγουμένως
813 1495 863 1554 ὕπο
893 1499 939 1555 τοῦ
964 1495 1173 1575 καθηγουμένου
1202 1495 1264 1578 περὶ
1293 1503 1347 1557 τῶν
1376 1499 1440 1558 καθ’
1470 1499 1552 1556 ἑαστὲν

266 1617 408 1692 ἐπιμελῶς
436 1616 615 1697 ἀνερωτάσθω
645 1614 692 1676 καὶ
715 1615 837 1698 ἀκριβῶς
858 1616 1153 1698 πολυπραγμονείσθω,
1181 1621 1220 1694 μή
1246 1639 1313 1679 ποτε
1340 1619 1370 1680 σίν
1391 1619 1462 1679 κατὰ
1483 1619 1551 1698 φιλο-

265 1733 340 1798 θείαν
371 1739 468 1811 ἀπλῶς
497 1737 545 1798 καί
574 1742 693 1816 ψυχικῆς
723 1737 858 1820 σωτηρίας
890 1739 992 1818 ἔφεσιν,
1027 1739 1106 1799 ἀλλά
1135 1742 1206 1800 κατά
1235 1760 1296 1800 τινα
1326 1740 1454 1816 βιωτικὴν
1482 1761 1551 1818 περι-

264 1862 374 1920 πέτειαν
397 1861 447 1919 ίνπδ
471 1860 617 1920 δανειστῶν
640 1862 720 1938 τυχόν
743 1863 761 1935 ἢ
784 1859 879 1932 πενίας
907 1861 994 1941 ἀκρας
1020 1857 1067 1919 καὶ
1093 1861 1162 1940 πρός
1187 1862 1218 1922 τό
1245 1861 1407 1941 ἐργάζεσθαι
1431 1861 1552 1944 ῥᾳθυμίας

265 1981 480 2058 ηπολυτεκνίας
502 1981 520 2057 ἡ
541 2001 613 2052 τινος
635 1981 753 2040 τοιοίντου
776 1980 1008 2055 συνελαυνόμενος
1032 1981 1153 2056 ἐλήλυθε
1176 1982 1244 2062 πρδς
1265 1983 1314 2058 τὴν
1329 1985 1425 2063 μονήν,
1440 1984 1553 2059 καθάπερ

266 2102 305 2174 είς
327 2124 351 2163 τι
374 2104 557 2183 κρησφίνγετον
586 2103 738 2184 ποριστικὸν
761 2103 902 2184 ῥᾳστώνης
928 2100 976 2162 καὶ
1004 2103 1103 2163 ἀπόνου
1127 2103 1255 2175 ἀνέσεως.
1280 2102 1304 2162 εί
1327 2102 1372 2163 οὖν
1394 2105 1498 2178 τοιαύτη
1519 2124 1552 2172 τις

266 2223 332 2284 οὖσα
355 2221 600 2303 διαγινώσκοιτοή
628 2222 727 2304 κρηπὶς
756 2229 806 2300 τῆς
833 2225 913 2284 αὺτοῦ
941 2223 1137 2304 ἐγχειρήσεως,
1161 2223 1208 2283 καὶ
1231 2225 1300 2284 οὕτω
1323 2225 1411 2306 σαθρὰ
1432 2224 1477 2285 καί
1498 2223 1551 2284 δια-

265 2345 409 2422 λελυμένα
435 2348 534 2424 γεῖσσα
559 2351 592 2427 τῇ
619 2345 789 2424 πολυμόχθῳ
816 2351 866 2420 τῆς
893 2345 992 2424 ἀρετῆς
1020 2343 1153 2426 οἰκοδομῇ
1180 2340 1331 2424 ὑποτίθησι,
1360 2346 1402 2405 δεῖ
1424 2353 1472 2422 τῆς
1492 2345 1552 2404 κατὰ

266 2467 379 2542 δύναμιν
410 2467 598 2543 ἐλεημοσύνης
629 2468 707 2526 αίντδν
737 2464 829 2539 ἀξιοῦν
859 2465 906 2526 καὶ
937 2466 1041 2547 ἱλαρῶς
1071 2468 1131 2541 μετ’
1156 2468 1274 2539 εἰνποιίας
1303 2465 1350 2528 καὶ
1380 2473 1430 2542 τῆς
1459 2487 1551 2548 προση-

265 2590 366 2664 κοίνσης
387 2590 575 2670 παραινέσεως
598 2589 786 2663 ἀποπέμπειν·
810 2586 834 2646 εί
858 2587 889 2648 δὲ
912 2590 972 2660 ταῖς
994 2589 1138 2664 ἀληθείαις
1160 2589 1255 2667 φανείη
1282 2588 1463 2666 κατὰλόγον
1485 2589 1552 2668 ἀρθὲν

266 2709 313 2770 καὶ
335 2711 448 2790 θεοφιλῆ
473 2710 573 2770 σκοπόν
596 2711 611 2768 ό
633 2711 854 2788 προσερχόμενος
877 2709 1054 2789 ἀφικόμενος,
1078 2709 1275 2790 προσδεχέσθω
1297 2710 1369 2770 κατά
1391 2710 1454 2782 τοίνς
1476 2709 1552 2788 ἱεροὺς

265 2833 383 2902 κανόνας
411 2829 457 2890 καὶ
486 2832 554 2912 προς
575 2830 637 2902 τοὺς
662 2836 712 2905 τῆς
739 2829 901 2906 δοκιμασίας
929 2830 1029 2902 ἀθλους
1056 2830 1223 2890 ἀποδυέσθω.
1238 2814 1299 2889 ’καὶ
1321 2831 1392 2902 τέως
1416 2831 1466 2906 μὲν
1490 2831 1553 2897 ἐντός

264 2955 468 3034 τεσσαράκοντα
489 2954 601 3033 ἡμερῶν
623 2951 787 3033 παραινείτω
811 2949 882 3031 αἰντῷ
904 2953 920 3010 δ
942 2951 1082 3032 προεστὼς
1106 2957 1240 3032 συνεχῶς,
1265 2949 1458 3030 είοηγοόμενός
1480 2971 1507 3010 τε
1526 2949 1553 3008 τί

267 3073 329 3156 περὶ
352 3079 397 3134 τοῦ
419 3076 482 3134 καθ’
504 3075 579 3150 ἡμᾶς
607 3073 665 3148 βίου
692 3073 739 3135 καὶ
766 3071 1032 3154 ἐξασφαλιζόμενος,
1062 3069 1121 3132 εἶτα
1147 3073 1279 3155 παρουσίᾳ
1305 3079 1354 3150 τῆς
1381 3073 1552 3152 ἀδελφότητῠέ

267 3197 435 3275 ότανοιγνοὶνς
457 3194 528 3274 αὐτῷ
550 3197 580 3255 τδ
604 3196 636 3253 ἐκ
658 3201 711 3256 τῶν
734 3195 896 3273 λεγομένων
920 3196 1034 3276 Μικρῶν
1050 3196 1219 3272 Ἀσκητικῶν
1242 3197 1386 3275 τριάκοντα
1407 3193 1552 3273 κεφαλαίων

266 3322 313 3376 τοῖν
344 3317 470 3396 μεγάλου
500 3315 647 3376 Βασιλείου
679 3315 925 3395 ἑπτακαιδέκατον,
956 3309 987 3375 οὗ
1016 3318 1034 3392 ἡ
1065 3317 1154 3397 ἀρχή·
1183 3317 1260 3396 «χρὴ
1292 3318 1383 3391 μέντοι
1413 3313 1459 3376 καί
1488 3319 1552 3374 τοῦτο

265 3439 407 3498 πεπεῖσθαι
436 3442 541 3516 σαφῶς,
570 3439 610 3496 ότι
636 3437 651 3495 ό
674 3433 747 3509 ἅπαξ
775 3435 815 3509 εἰς
844 3438 990 3512 σύνδεσμον
1018 3435 1064 3496 καί
1092 3439 1234 3516 συνάφειαν
1264 3437 1354 3497 ἐλθὼν
1380 3439 1551 3512 πνευματικῆς

267 3557 463 3638 ἀδελφότητος,
480 3559 530 3635 οῖνχ
550 3550 607 3630 οἷός
629 3559 652 3617 τ’
671 3560 703 3616 ἀν
726 3557 769 3634 σίη
794 3558 991 3618 ἀποκόπτεσθαι
1013 3557 1060 3618 καί
1082 3557 1247 3638 χωρίζεσθαι
1268 3559 1378 3640 τούτων,
1402 3550 1443 3630 οἷς
1465 3576 1551 3634 συνηρ-

267 3682 397 3760 μόσθη»,
425 3678 471 3740 καὶ
498 3677 618 3755 καθεξῆς
644 3681 674 3739 τδ
702 3680 768 3740 όλον
795 3681 959 3760 κεφάλαιον,
988 3681 1071 3752 οὕτως
1099 3681 1265 3759 ἀμφιεννίνιω
1289 3681 1367 3739 αθτδν
1389 3681 1419 3739 τδ
1443 3677 1551 3756 εἰσαγω-

265 3803 343 3880 γικδν
375 3802 482 3878 ἔσθημα
512 3799 559 3860 καὶ
589 3803 618 3860 τδ
649 3801 739 3877 μέλαν
769 3807 818 3876 τῆς
847 3799 974 3882 κεφαλῆς
1002 3800 1212 3882 περικάλυμμα.
1243 3799 1290 3862 καὶ
1321 3800 1440 3879 διαγέτω
1470 3800 1550 3858 ἔκτοτε

266 3916 343 3994 οὗτος
367 3922 395 3981 ἐν
417 3921 456 4000 τῷ
479 3920 653 4001 ἀποτακτικῷ
676 3921 842 4002 καλουμένῳ
864 3922 939 4004 παρὰ
961 3929 1015 3982 τῶν
1037 3925 1163 4003 πατέρων
1186 3921 1327 4000 ἐνδύμασι,
1350 3923 1406 3994 τοῖς
1428 3928 1477 3998 τῆς
1496 3921 1550 3978 ίνπο·

265 4050 353 4121 τκγῆς
377 4045 467 4123 ἔργοις
490 4043 739 4123 ἐγγυμναζόμενος,
765 4044 844 4124 ἀχρις
873 4045 906 4104 διν
930 4045 944 4104 ό
966 4050 1016 4120 τῆς
1043 4045 1224 4124 ἀποκάρσεως
1250 4046 1350 4125 χρόνος
1378 4044 1470 4126 ἑνστῆ,
1491 4039 1551 4102 κατὰ

265 4166 314 4243 τὴν
342 4163 514 4240 οἰκονομικὴν
542 4165 671 4245 διαφορὰν
699 4164 746 4225 καὶ
773 4165 844 4225 κατά
873 4171 962 4226 πᾶσαν
990 4166 1089 4238 ἀπλῶς
1115 4165 1163 4241 τἠν
1191 4163 1336 4246 περίληψιν
1368 4169 1415 4226 τοῦ
1442 4166 1550 4240 πέμπτον

266 4289 380 4358 κανόνος
402 4291 451 4362 τῆς
475 4287 503 4346 ἐν
525 4288 564 4367 τῲ
586 4289 729 4366 πανσέπτῳ
753 4287 810 4366 ναῷ
832 4294 887 4346 τῶν
908 4285 989 4366 ίερῶν
1013 4287 1173 4348 ἀποστόλων
1196 4285 1429 4366 συναθροισθείσης
1454 4282 1550 4367 πρώτης

266 4407 313 4467 καὶ
329 4407 457 4488 δευτέρας
473 4408 593 4488 συνόδου,
614 4415 706 4488 σαφῶς
729 4408 825 4468 οὑτωσί
848 4408 1013 4484 δηλοῦντοςε
1041 4411 1161 4490 «ῶρισεν
1184 4411 1201 4484 ἡ
1225 4408 1290 4487 ἀγία
1313 4407 1434 4488 σόνοδος,
1458 4407 1550 4484 μηδένα

266 4533 313 4588 τοῦ
335 4534 486 4607 μοναχικοϋ
507 4527 698 4602 καταξιοῶσθαι
721 4533 874 4611 σχήματος,
897 4529 957 4610 πρὶν
981 4533 1014 4590 ἀν
1037 4530 1052 4589 ό
1073 4537 1123 4607 τῆς
1145 4530 1262 4610 τριετίας
1284 4532 1384 4610 χρόνος
1407 4529 1447 4602 εἰς
1468 4533 1549 4610 πεῖραν

267 4651 357 4721 αὐτοῖς
384 4649 493 4728 ἀφεθείς
524 4645 653 4726 δοκίμους
680 4651 775 4722 αὐτοὺς
801 4649 848 4710 καί
876 4647 968 4724 ἀξίους
995 4657 1044 4727 τῆς
1071 4652 1238 4727 τηλικαθιης
1266 4649 1359 4728 βιοτῆς
1385 4654 1548 4732 παραστήσῃ.
