3160 5292
251 360 315 426 268

252 552 327 616 εἶπεν
349 558 365 616 ό
386 559 477 637 ιιὺριος
503 558 592 618 τόπου
615 555 647 617 δέ
670 554 720 617 είσί
742 558 904 635 συνηγμένοι
928 556 974 617 δόο
995 558 1014 632 ή
1036 559 1108 637 τρεῖς
1136 554 1175 628 είς
1200 558 1231 618 τό
1259 557 1326 631 έμδν
1352 555 1450 637 όνομα,
1480 557 1535 616 ἐκεῖ

252 676 307 752 είμί
335 679 364 739 ἐν
392 679 467 757 μέσῳ
495 681 612 740 αίιτῶνν.
639 678 739 758 πολλῷ
767 679 877 754 μᾶλλον
905 677 944 750 είς
970 679 1031 750 τσίις
1053 679 1186 758 πολλοὺς,
1215 678 1309 754 ἐπειδὴ
1333 678 1387 738 άττδ
1409 678 1470 750 τοίις
1491 677 1534 738 δύο

253 797 372 880 άρχησεν
396 799 436 873 είς
462 800 523 872 τοὺς
548 803 620 880 τρεῖς
648 799 692 860 διὰ
717 801 747 860 τό
776 801 919 879 κοινόβισν,
952 799 1093 860 αἰνίττεται
1119 802 1137 874 ή
1168 800 1229 860 θεία
1257 799 1332 880 φωνή
1362 805 1409 860 τοῦ
1440 801 1533 880 κυρίου.

250 927 334 984 ταῦτα
354 923 402 983 καὶ
424 924 439 983 ό
460 925 599 1002 προφήτης
613 921 701 996 όαβὶδ
723 925 894 1000 καθεκάοτην
916 922 1013 1002 λέγει·
1040 920 1115 984 είδοίι
1135 922 1170 998 δὴ
1189 921 1214 982 τί
1229 921 1317 982 καλόν
1336 925 1355 998 η
1373 921 1399 982 τί
1418 926 1534 1002 τεριινόν,

252 1044 318 1106 ἀλλ’
342 1048 360 1117 η
381 1046 411 1106 τό
433 1047 567 1106 κατοικεῖν
590 1043 725 1124 ἀδελφοὺς
749 1046 836 1120 ἅμα.»
862 1044 910 1106 καί
931 1064 996 1106 ποτε
1019 1048 1065 1106 τοῦ
1087 1043 1161 1118 άββά
1183 1043 1335 1122 Παχωμίου
1357 1045 1536 1120 καθεζομένω

252 1168 326 1247 ῶφθη
347 1167 418 1245 αυτῷ
441 1167 564 1247 άγγελσς
586 1167 686 1247 κυρίου,
709 1165 756 1228 καὶ
778 1165 858 1246 λέγει
880 1165 967 1247 αίιτῷ·
995 1167 1160 1248 «Παχιίιμιε,
1181 1167 1216 1228 τὰ
1234 1161 1306 1226 κατὰ
1321 1167 1417 1226 σαυτόν
1432 1169 1535 1246 κατόρ-

252 1291 350 1362 θωσσις.
379 1291 502 1369 περιττός
524 1288 570 1351 οὖν
592 1291 696 1372 καθέίη
724 1290 752 1350 ἐν
774 1289 813 1368 τῷ
835 1289 963 1369 σπηλαίῳ
989 1290 1083 1370 τοίιτῳ.
1112 1290 1191 1370 δεῖιρο
1214 1289 1299 1351 τοίνυν
1327 1287 1450 1362 ἐξελθὼν
1477 1310 1535 1350 συν-

253 1409 341 1492 άγαγε
371 1415 474 1483 πάντας
506 1411 568 1485 τσίις
596 1414 744 1494 νεωτέρους
775 1415 942 1488 μσνάζοντας
974 1411 1020 1474 καί
1050 1411 1159 1488 οίκησον
1189 1413 1250 1489 μετ’
1281 1409 1368 1472 σίιτῶν
1395 1412 1464 1487 όμοῖι
1493 1411 1536 1472 καί

251 1533 389 1596 κατὰτόν
412 1535 501 1616 τόπον,
528 1535 558 1594 δν
581 1533 678 1610 δίδωμί
700 1555 752 1615 σοι,
779 1535 863 1608 οότως
885 1534 975 1607 αυτοῖς
996 1536 1191 1616 νομοθέτησσν,
1218 1533 1265 1596 καί
1286 1536 1304 1610 ή
1326 1535 1411 1615 τροφὴ
1434 1537 1536 1594 πάντεσι

252 1656 302 1716 ίνιτδ
324 1658 374 1716 ένα
395 1651 470 1716 οίκον
496 1655 631 1727 έταζέοθω
657 1655 705 1718 καί
730 1658 825 1736 φαγεῖν
852 1653 899 1716 καί
924 1658 1018 1717 πιεῖν»
1043 1655 1090 1716 καί
1111 1655 1146 1716 τά
1168 1653 1233 1733 έξής
1255 1659 1301 1718 τοῦ
1322 1655 1469 1735 κσινοβίου,
1491 1657 1537 1716 ὅσα

253 1777 325 1858 αὐτῷ
351 1779 366 1838 ό
389 1773 515 1858 άγγελος
537 1777 655 1860 εἴρηκεν.
687 1776 735 1838 καί
762 1779 791 1838 ἐν
818 1776 857 1856 τῷ
884 1779 943 1853 ἅμα
968 1784 1018 1856 τῆς
1044 1779 1118 1860 ῖιρος
1145 1777 1252 1854 ἐκείνης
1279 1774 1397 1855 ἐξῆλθεν
1425 1779 1538 1858 όόγιος

253 1900 305 1962 άπδ
329 1905 376 1962 τοῦ
399 1900 534 1976 σπηλαίου
561 1898 608 1960 καί
632 1900 802 1981 έουνάθροισε
823 1902 927 1972 πάντας
948 1900 1010 1974 τσίις
1032 1902 1199 1976 μονάζοντες
1220 1899 1292 1960 κατίι
1311 1900 1362 1975 τήν
1384 1901 1475 1977 φωνὴν
1497 1905 1538 1960 τοῦ

253 2021 384 2102 ἀγγέλου.
408 2023 438 2082 τό
466 2021 498 2082 δέ
524 2022 631 2099 πλῆθος
656 2027 710 2082 τῶν
737 2022 908 2096 μοναζόντων
933 2020 980 2080 καί
1003 2021 1199 2101 μονασιηρίων,
1227 2023 1297 2100 άπερ
1323 2015 1537 2101 ᾠκοδομήθησαν

252 2146 314 2204 τότε
339 2143 452 2226 προνοίᾳ
478 2145 540 2204 θεοῦ
563 2142 608 2203 διά
629 2147 675 2204 τοῦ
697 2142 775 2222 ἁγίου
797 2144 845 2218 τὴν
868 2143 1018 2223 συνδρομὴν
1047 2141 1086 2215 είς
1112 2142 1246 2216 κοινόβισν
1274 2141 1303 2202 ἐν
1325 2142 1424 2224 Λιβύη,
1449 2141 1539 2202 Αίθισ-

252 2265 301 2346 πίᾳ
322 2262 369 2324 καί
390 2263 567 2345 τήλίγόπτῳ
593 2266 678 2346 πάσῃ,
707 2269 755 2341 τῆς
781 2233 856 2344 ὥρας
883 2265 914 2324 οὒ
941 2264 1056 2344 διαρκεῖ,
1083 2264 1127 2324 ἵνα
1149 2263 1195 2324 καὶ
1217 2267 1300 2324 ταῦτα
1324 2247 1450 2340 δηλῶσαι
1472 2265 1539 2342 ὑμῖν,

254 2387 320 2448 διότι
346 2388 364 2462 τί,
392 2385 458 2465 άγῖα
490 2389 536 2446 τοῦ
564 2387 627 2446 θεοῦ
655 2387 735 2462 ήμῶν
768 2385 904 2462 ἐκκλησία
937 2388 1132 2462 κεκοσμημένη
1163 2385 1220 2446 ἐστί
1252 2383 1299 2446 καί
1333 2389 1539 2464 κατεστρωμένη

254 2510 360 2568 άτασαν
383 2507 498 2588 ἱστορίαν
521 2505 568 2567 καί
590 2504 710 2586 ἀγῶνοις
731 2505 778 2568 καί
794 2504 867 2568 ἆθλα
888 2514 942 2568 τῶν
964 2507 1044 2568 όσίων
1066 2509 1201 2587 πατέρων,
1224 2507 1254 2567 ἐν
1276 2499 1317 2580 οἷς
1340 2507 1490 2568 ἐκοπίασεν
1513 2508 1539 2566 ἐν

254 2633 310 2702 τοῖς
332 2629 476 2705 κοινοβίοις
501 2628 548 2690 καί
572 2630 600 2689 ἐν
624 2630 723 2712 ἐρημίᾳ
744 2629 815 2690 κατὰ
838 2631 923 2705 μόνας
946 2631 1020 2709 μόνῳ
1046 2629 1101 2709 θεῷ
1128 2628 1356 2708 προοομιλοῖισαν,
1387 2631 1462 2701 ὅπως
1487 2630 1540 2709 χρὴ
1573 2675 1574 2678 ¹

256 2755 371 2823 ἕκαστος
391 2747 426 2810 νά
448 2754 569 2828 μιμεῖται
592 2754 678 2812 αίιτῶν
701 2752 749 2828 τὴν
772 2751 967 2833 ἀκριβεστάτην
995 2750 1042 2810 καὶ
1069 2746 1178 2830 αἰρίστην
1204 2750 1359 2812 πολιτείαν·
1386 2751 1539 2826 «κοινόβιον

254 2877 307 2952 γάρ
342 2873 412 2933 ἐστιν
446 2873 566 2951 ἐπίγειος
600 2873 748 2954 οὐρανός»,
782 2871 859 2953 φησίν
892 2872 907 2930 ό
935 2878 984 2948 τῆς
1011 2872 1158 2947 Κλίμακος
1190 2873 1278 2951 πατὴρ
1311 2870 1359 2932 καί
1392 2869 1541 2950 ίσάγγελος

256 2995 395 3073 Ἰωάννης,
422 2993 491 3056 «καί
513 2994 577 3068 όδδς
601 2995 717 3074 εὐχερής
740 2995 785 3056 διὰ
808 2993 915 3074 ἰσχυρόν
937 2991 983 3054 καί
1007 2993 1158 3074 άνίτχυρσν,
1182 2997 1256 3065 ὅπως
1278 2994 1425 3074 ἀμφότεροι
1449 3014 1541 3068 συντη-

255 3121 396 3198 ροῦνται».
426 3117 467 3178 διδ
489 3118 506 3192 ή
530 3119 673 3197 μετριότης
695 3118 774 3192 ἡμῶν
802 3116 873 3176 κατὰ
898 3117 929 3176 τδ
953 3114 1127 3191 ἑμπιστευθέν
1154 3117 1220 3198 αίιιή
1246 3116 1321 3197 παρίι
1346 3117 1412 3176 θεοῦ
1438 3117 1539 3176 ταλάν-

255 3260 310 3299 τιον
337 3240 440 3318 ὀφείλει
468 3237 605 3299 διδάσκειν
631 3237 677 3300 καί
700 3239 839 3318 κηρόττειν
861 3240 906 3298 τδν
928 3239 1015 3316 λόγον
1036 3242 1083 3298 τοῦ
1104 3237 1195 3316 κυρίου
1216 3239 1295 3314 ήμῶν
1317 3231 1408 3313 Ἰησοῦ
1432 3239 1541 3318 Χριστοῦ

257 3361 390 3437 ἐμμελῶς
417 3359 464 3420 καὶ
486 3363 644 3440 στερεῶνειν
666 3360 700 3420 τὰ
721 3361 782 3420 θεῖα
806 3359 931 3437 δόγματα
952 3357 999 3420 καὶ
1022 3361 1128 3422 άτασαν
1153 3360 1322 3440 διατύπωσιν,
1344 3362 1378 3436 ἢν
1402 3360 1540 3436 ἐλάβομεν

255 3482 330 3562 παρὰ
351 3487 405 3541 τῶν
428 3479 514 3561 άγίων
541 3481 700 3544 ἀποστόλων
732 3481 779 3542 καί
806 3479 890 3552 θείοις
917 3484 1042 3561 πατράσι,
1072 3479 1119 3542 καί
1147 3484 1325 3560 περιποιεῖται
1355 3482 1464 3542 πάντων
1493 3487 1540 3540 τῶν

258 3599 409 3684 όρθοδόξων
439 3603 484 3664 διὰ
515 3603 563 3678 την
594 3604 696 3664 ἑαυτῶν
726 3603 869 3683 σωτηρίαν,
903 3605 988 3684 ήνπερ
1019 3603 1062 3664 διίι
1092 3604 1140 3679 τήν
1170 3604 1303 3682 ὑμετέραν
1333 3603 1470 3683 ὠφέλειαν
1502 3602 1541 3662 καὶ

259 3723 398 3803 διόρθωσιν
430 3729 479 3800 τῆς
512 3724 593 3803 ἁγίας
626 3730 712 3803 μονῆς
744 3726 843 3800 ταότης
875 3726 1024 3805 πλεότερον
1054 3724 1182 3804 κήδεται,
1216 3727 1255 3797 ὡς
1285 3727 1299 3784 ό
1330 3725 1469 3802 ἀλάθητος
1500 3722 1541 3783 καὶ

259 3843 407 3921 ἀκοίμητσς
427 3844 567 3924 όφθαλμδς
589 3851 634 3906 τοῦ
656 3845 747 3926 κυρίου
776 3841 844 3925 οίδε,
869 3846 1003 3922 δεομένης
1026 3846 1184 3924 ἐνδελεχῶς
1205 3850 1252 3906 τοιῖ
1274 3846 1466 3927 φιλανθρώπου
1487 3847 1540 3904 θεοῦ

260 3967 304 4027 διὰ
330 3971 379 4042 τῆς
405 3969 595 4047 παναχράντσυ
624 3969 703 4028 αὑτοῦ
730 3970 832 4048 μητρός
858 3967 905 4027 καί
932 3967 976 4028 διό
1001 3969 1152 4049 πρεσβειῶν
1174 3973 1221 4028 τοῦ
1244 3968 1407 4048 ἐπιστηθίου,
1436 3969 1541 4048 ἀγαπη-

260 4092 342 4168 μένου
372 4092 449 4151 αυτοῦ
481 4091 602 4166 μαθητοῦ
631 4089 678 4150 καί
704 4095 750 4151 τοῦ
777 4089 850 4151 όσίου
873 4089 1071 4170 Χριστοδοόλου
1100 4083 1157 4170 δῴη
1186 4088 1225 4163 εἰς
1252 4089 1300 4162 τὰς
1329 4089 1447 4170 καρδίας
1475 4091 1541 4164 ὑμῶν

260 4214 362 4274 σύνεσιν
390 4213 495 4292 άγαθῖην
522 4211 569 4273 καὶ
597 4213 726 4290 βούλησιν
752 4213 820 4293 πρός
847 4213 877 4272 τό
904 4216 950 4272 τοῦ
972 4213 1105 4288 κοινσβίου
1127 4212 1301 4292 κατόρθωμα,
1325 4213 1359 4272 δι’
1382 4206 1428 4292 ἧς,
1453 4213 1495 4290 ἀφ’
1516 4203 1541 4270 οὗ

261 4334 384 4410 ἐπῆλθεν
413 4336 503 4396 αίιτόθι
532 4338 609 4395 τοῦτο
640 4335 804 4414 ἀδολεσχεῖν
834 4333 881 4396 καί
910 4335 1041 4416 μελετᾶν,
1072 4336 1146 4406 ὅπως
1172 4334 1283 4412 γένηται
1312 4333 1373 4409 ὑμῖν
1403 4333 1540 4410 κοινόβιον,

259 4455 314 4532 ήδη
336 4458 404 4537 πρός
427 4454 573 4517 τοῦτοκαὶ
596 4457 609 4516 ό
632 4459 792 4532 τιμιώτατος
818 4455 847 4515 ἐν
870 4455 1072 4537 ίερομανάχοις,
1096 4457 1226 4534 ὑμέτερος
1249 4454 1378 4536 ἀδελφός,
1402 4462 1479 4516 παπά
1499 4458 1541 4532 κόρ

261 4576 372 4657 Ἰωσήφ,
402 4579 434 4651 δς
464 4577 508 4638 διὰ
534 4581 614 4657 χάριν
645 4580 852 4658 προσκυνήσεως
882 4581 928 4638 τοῦ
956 4578 1033 4658 άγίου
1063 4575 1109 4638 καὶ
1138 4578 1278 4654 ζωοδόχσυ
1308 4579 1391 4656 τάφου
1421 4576 1468 4638 καί
1495 4579 1541 4646 τοῖς

260 4701 367 4772 λοιποῖς
393 4699 476 4780 ἱεροῖς
504 4701 597 4772 τόποις
627 4698 716 4760 ἐλθὼν
751 4699 779 4759 έν
808 4700 989 4781 Ἰερουσαλὴμ
1021 4697 1068 4760 καί
1098 4697 1208 4772 ένωθεὶς
1237 4705 1269 4782 τῇ
1302 4699 1356 4782 ἐμῇ
1388 4701 1540 4782 μετριότητι,
