3160 5292
257 347 318 412 192

256 543 369 624 ἀρεστόν
393 545 432 623 ἕν,
456 541 495 616 εἰς
517 543 654 624 ὑπέρπυρα
675 541 736 623 τρία
759 541 807 604 καὶ
829 544 970 624 μοχθηρόν
992 545 1031 623 ἓν,
1054 544 1121 624 ὅπερ
1147 541 1234 619 καὶὴ
1262 542 1423 620 συμβίβασπ
1449 544 1556 604 τούτων

255 664 309 724 άπδ
331 670 380 740 τῆς
402 664 583 742 ἡγουμενείας
609 667 655 726 τοῦ
683 668 807 742 μοναχσῖι
833 669 914 746 κυροῖ
936 665 1069 741 Ευθυμίου
1095 669 1141 726 τοῦ
1163 665 1334 747 Καρδακάρη
1363 666 1475 743 ἐγένετο
1499 667 1558 744 πρὸ

252 789 360 866 χρόνων
390 785 459 847 εἴδει
487 788 626 866 τεσσάρων
656 787 723 866 ἔχον
751 787 817 868 ἄρτι.
852 785 899 848 καὶ
926 788 960 862 δὴ
986 787 1058 848 κατὰ
1083 789 1132 862 τήν
1158 790 1278 868 σήμερον
1305 789 1493 869 πιπράσκσμεν
1523 789 1557 846 τό

253 911 370 968 τοιοῦτον
389 909 528 990 χωράφιον
547 909 615 989 πρός
634 909 683 984 τἠν
702 909 752 968 ὑπό
772 908 803 968 οὲ
823 907 903 987 άγίαν
919 909 1006 984 μονὴν
1021 912 1067 969 τοῦ
1090 909 1165 987 ἔχειν
1189 910 1253 970 οιίτδ
1275 908 1316 982 εἰς
1339 907 1405 986 όῌγς
1427 911 1557 980 ἅπαντας

253 1029 300 1090 καὶ
324 1030 459 1107 διηνεκεῖς
482 1033 597 1110 χρόνους
619 1031 690 1092 κατὰ
712 1030 821 1091 τελείαν
844 1029 891 1092 καὶ
919 1026 1095 1110 ἀναφαίρετον
1122 1031 1281 1094 δεσποτείαν
1309 1031 1348 1104 εἰς
1374 1033 1405 1092 τό
1432 1031 1556 1109 πωλεῖν,

253 1153 384 1234 χαρίζειν,
412 1153 618 1232 άνταλλάττειν,
648 1153 750 1234 ἐριμεῖν
776 1151 823 1214 καί
850 1152 969 1226 βελτιεῖν
995 1151 1044 1214 καὶ
1068 1155 1157 1214 πάντα
1183 1155 1308 1230 πράττειν
1332 1153 1376 1214 ἐπ’
1400 1155 1475 1232 αῖιτό,
1502 1156 1557 1213 όσσι

254 1274 280 1334 οῖ
309 1277 375 1335 θεῖοι
402 1275 481 1352 νόμοι
509 1277 565 1346 τοῖς
595 1273 706 1348 οἰκείοις
736 1245 879 1348 δεσπόταις
908 1273 948 1346 εἰς
977 1276 1011 1334 τὰ
1043 1275 1144 1336 ἑαυτῶν
1174 1278 1299 1357 πράττειν
1331 1273 1556 1356 διακελεύονται,

252 1399 327 1477 παρά
348 1417 421 1470 τινος
448 1397 486 1473 μὴ
509 1395 690 1476 κωλυόμενοι,
713 1399 743 1457 σὺ
765 1395 1039 1478 παρεμποδιζόμενοι,
1064 1398 1094 1457 σὺ
1115 1398 1179 1476 παρ’
1199 1398 1289 1477 ήμῶν,
1313 1395 1377 1458 οίιδὲ
1399 1396 1475 1476 παρὰ
1498 1402 1556 1455 τῶν

253 1517 381 1598 ἀδελφῶν
406 1519 486 1594 ήμῶν
512 1522 530 1594 ἡ
559 1518 735 1594 ουναδὲλφων
761 1522 779 1593 ή
808 1517 995 1598 διακατόχων,
1024 1519 1090 1580 ἀλλ’
1115 1519 1186 1589 ὅστις
1213 1521 1246 1576 ἂν
1273 1519 1319 1578 καὶ
1347 1517 1390 1594 εἴη
1417 1519 1555 1598 όλὲγων

254 1638 317 1721 περὶ
340 1641 441 1723 τούτου,
465 1642 496 1700 σὺ
519 1642 635 1722 μετέχῃ,
658 1639 704 1700 καὶ
731 1641 813 1718 ἡμεῖς
840 1641 985 1717 μέλλομεν
1008 1641 1156 1702 άπσπαὺειν
1182 1643 1283 1704 τοῦτον.
1308 1638 1333 1700 εἰ
1356 1639 1387 1700 δὲ
1409 1640 1556 1711 πολλάκις

252 1763 334 1838 ἡμεῖς
356 1761 431 1822 αὐτοὶ
453 1761 505 1840 όψέ
522 1783 589 1823 ποτε
612 1763 766 1838 μετάμελσι
787 1763 934 1840 γενώμεθα
956 1769 1005 1838 τῆς
1026 1763 1166 1843 παρούσης
1187 1763 1314 1842 πράσεως
1335 1762 1415 1837 ἡμῶν
1438 1760 1488 1822 καὶ
1514 1759 1554 1833 εἰς

253 1883 405 1963 ἀνατροπὴν
426 1884 600 1964 χωρηόῶμεν
622 1885 640 1958 ή
664 1883 851 1964 εὑρεσιλογῖοιν
866 1883 925 1944 τινὰ
947 1882 1134 1964 προβαλωμεν
1157 1883 1378 1965 προσβοηθσιῖσαν
1400 1884 1479 1963 ἡμῖν,
1508 1883 1552 1943 ἵνα

253 2005 292 2082 μὴ
316 2003 532 2082 εἰσακουώμεθα.
556 2005 597 2084 ἐφ’
622 1998 661 2078 οῖς
684 2007 717 2063 ἂν
739 2003 786 2066 καὶ
807 2006 937 2084 λέγωμεν
966 2005 1050 2085 ἔχειν,
1078 2005 1157 2066 ἀλλὰ
1178 2003 1212 2064 νὰ
1239 2003 1467 2082 ἀποπεμπώρεθα
1498 2005 1552 2065 άπδ

252 2128 353 2200 παντός
375 2127 546 2208 δικαστηρίου
569 2125 615 2188 καὶ
639 2129 723 2204 νόμου
745 2124 792 2187 καί
813 2127 934 2209 ἄρχουσι,
957 2127 1132 2203 ἐπισταίμεθα
1154 2124 1201 2188 καὶ
1223 2127 1273 2200 τὰς
1295 2126 1364 2206 ἀράς
1385 2132 1438 2187 τῶν
1462 2127 1554 2205 ἁγίων

253 2245 304 2324 τιη’
327 2251 464 2330 θεοφόρων
486 2249 611 2330 πατέρων
637 2254 691 2309 τῶν
715 2249 744 2310 ἐν
766 2249 869 2333 Νικαίφι
895 2247 941 2310 καὶ
963 2251 1031 2330 πρός
1052 2252 1097 2310 τόν
1121 2250 1250 2327 δημόσιον
1277 2250 1441 2326 ζημιώμεθσ
1462 2250 1552 2330 ὑπέρ-

253 2391 323 2452 πυρα
340 2369 386 2446 ιβ’·
410 2369 454 2430 διόι
468 2371 523 2452 γάρ
538 2374 614 2430 τοῦτο
631 2370 755 2450 ἐγεγόνει
769 2371 832 2452 παρ’
848 2371 928 2448 ήμῶν
942 2373 960 2447 ή
976 2376 1099 2452 παροῦσα
1118 2371 1221 2452 φανερὰ
1238 2377 1335 2452 προῖσις
1358 2371 1473 2432 ἐνώπιον
1497 2378 1553 2431 τῶν

252 2493 466 2572 ὐπογροιψάντων
482 2492 631 2573 μσρτόρων.
657 2484 735 2568 μηνί
753 2491 970 2574 φεβρουαρίῳ,
991 2491 1200 2565 ίνδικτιῶνος
1219 2490 1257 2574 η’,
1274 2493 1367 2564 ἔτους
1381 2491 1505 2574 ,ςψνηζ
1531 2493 1552 2571 †

356 2633 651 2712 ήΚωνσταντῖνος
680 2631 789 2712 ίερεὶις
818 2632 833 2690 ό
863 2632 993 2712 Γαβροῖς
1021 2629 1080 2692 καὶ
1107 2638 1329 2714 πρωτοπαπᾶς
1358 2637 1416 2708 τῆς
1446 2632 1551 2710 ἁγιω-

252 2756 354 2830 τάτης
369 2754 610 2833 μητροπόλεως
626 2754 787 2834 Μιλήτου,
804 2755 846 2826 ὡς
860 2755 895 2814 τό
910 2755 986 2834 ίόφσς
1007 2754 1116 2836 δηλοῖ,
1137 2760 1307 2834 μαρτυρῶν
1327 2755 1513 2834 ὑπέγραψα.
1531 2755 1552 2831 †

357 2893 542 2973 ήΜιχαὴλ
576 2892 684 2975 ῖερεὶις
718 2893 732 2950 ό
768 2891 933 2968 ίίησσίτης
971 2890 1026 2951 καὶ
1063 2893 1226 2974 κληρικδς
1264 2898 1321 2969 τῆς
1359 2892 1551 2970 ἁγιωτάτης

253 3016 495 3098 μητροπόλεως
530 3016 682 3090 Μιλήτου
717 3007 769 3074 ἐπὶ
801 3017 836 3075 τό
869 3015 972 3096 παρόν
1005 3017 1189 3095 πρατήριον
1224 3014 1406 3094 ἔγγραφον,
1437 3015 1483 3086 ὡς
1517 3015 1550 3072 τδ

251 3139 329 3217 όφος
352 3137 464 3218 δηλοῖ,
488 3143 658 3218 μαρτυρῶν
682 3131 933 3220 [ὑπέγραψαίή

356 3278 377 3356 †
400 3277 568 3356 Γεώργιος
582 3275 720 3355 ἱερεόςό
738 3249 1009 3355 Ἀρμενόπόυλος
1024 3273 1078 3336 καὶ
1094 3275 1257 3356 κληρικδς
1276 3279 1334 3350 τῆς
1357 3275 1551 3352 ἁγιωτάτης

219 3421 222 3425 ·
252 3399 495 3479 μητροπόλεως
528 3397 679 3473 Μιλήτου
715 3395 776 3457 καῖ
814 3398 923 3478 αίιτός,
957 3397 1001 3469 ὡς
1038 3397 1074 3457 τ“ο
1111 3397 1188 3476 όφος
1225 3395 1337 3476 δηλοῖ,
1375 3401 1549 3476 μαρτυρῶν

252 3521 435 3601 ὑπέγραψα.
459 3521 480 3600 †

356 3659 650 3738 ήΚωνσταντῖνος
682 3658 697 3716 ό
731 3659 1002 3739 Ἀρμενόπσυλσς
1038 3655 1094 3718 καὶ
1128 3657 1223 3730 αἰντδς
1260 3662 1431 3740 μαρτυρῶν
1471 3657 1548 3716 όπέ-

251 3783 416 3862 κρανεῖ

357 3922 377 4000 †
401 3919 542 3998 Μιχαὴλ
571 3921 586 3979 ό
613 3920 874 4000 Μεγαλιόματης
903 3918 958 3980 καὶ
986 3920 1082 3993 αἰετός
1109 3925 1280 4002 μαρτυρῶν
1311 3920 1498 4000 ὑπέγραψα.
1528 3919 1547 3996 †

356 4061 376 4139 †
400 4060 566 4138 Γειόργιος
589 4059 603 4118 ό
626 4057 891 4134 Εῖνδαιμσνίτζης
917 4058 973 4120 καὶ
995 4060 1093 4132 αὐτδς
1120 4064 1293 4140 μαρτυρῶν
1316 4059 1503 4139 ὑπέγραψα
1528 4057 1546 4136 †

267 4251 364 4328 Σίγνον
385 4249 388 4334 ί
406 4249 609 4312 Κωνσταντίνου
631 4255 677 4311 τοῦ
775 4249 871 4331 Σίγνον
893 4289 896 4294 ·
919 4253 1045 4311 Ἰωάννου
1067 4255 1112 4311 τοῦ
1164 4249 1261 4330 Σίγνον
1283 4248 1487 4310 Κωνσταντίνου
1501 4253 1544 4308 τοῦ

357 4339 702 4350 ——--—-——
747 4341 901 4348 ————
1215 4341 1266 4348 ⁴—-

261 4373 371 4432 Μοιιαν-
494 4373 593 4452 δρινοῦ.
757 4375 889 4453 Τζαγγρ-
980 4377 1053 4437 ουνοῖ.
1175 4374 1256 4448 Σαμ-
1288 4339 1517 4450 ww

303 4655 316 4660 -
329 4567 429 4662 {Q
445 4566 462 4669 γ
545 4566 613 4626 Δισ-
751 4565 903 4662 Q
926 4568 1045 4640 Λέοντος
1066 4569 1113 4626 τοῦ
1205 4564 1302 4644 Σίγνον
1342 4565 1498 4662 Q

916 4653 1331 4662 ——dffl

300 4690 387 4748 νυσῖου
407 4697 456 4764 τῆς
471 4689 696 4768 Κουτρούβαινας.
787 4689 866 4748 Μοό-
994 4710 1050 4750 σου.
1195 4691 1240 4747 τοῦ
1265 4688 1317 4746 [12—
1379 4685 1458 4750 νακά.
