3184 5288
238 345 298 408 146

234 540 263 598 ἐν
286 539 324 618 τῷ
347 533 481 617 μαγειρίῳ
503 538 519 596 6
542 537 690 616 Μελέτιος,
714 535 784 611 μετὰ
807 535 838 594 δὲ
857 540 904 594 τοὺ
927 539 1051 612 μοναχοὺ
1070 534 1209 613 Ζαχαρίου
1233 535 1302 592 ἔστω
1321 535 1336 592 6
1357 534 1528 610 Λουμτῆνος,

233 659 296 720 ὑδὲ
319 659 438 738 ἀδελφός
459 677 520 739 μου,
544 659 667 736 μοναχὺς
688 661 763 739 κὺρις
786 659 906 738 ψώτιος,
930 657 1000 717 ἔστω
1023 657 1162 732 μυλωνοῖς.
1191 657 1236 716 τὺν
1259 655 1292 716 δὲ
1314 656 1437 735 μοναχὸν
1458 660 1528 735 κὺριν

234 784 418 864 Μητροφάνην
445 780 493 841 καί
519 779 640 860 ἀδελφόν
664 801 715 856 μου
742 779 814 856 μετὰ
839 783 886 840 τοὺ
913 783 1009 861 μικροὺ
1035 783 1211 859 χειραγωγοῦ
1239 777 1318 838 αὑτοῦ
1345 779 1449 854 Κοσμά
1473 799 1528 853 μη-

234 904 292 978 δεὶς
322 905 480 982 σκωπτέτω,
515 900 614 980 μηθείς
646 901 863 980 ἐπιπληττέσθω,
896 899 974 961 ἀλλὰ
1005 901 1115 977 μᾶλλον
1144 900 1335 982 παρακαλεῖτε
1361 897 1409 958 καὶ
1436 899 1529 958 νουθε-

234 1030 305 1087 τεῖτε
333 1025 405 1106 αὑτῷ
432 1025 479 1086 καὶ
507 1025 632 1104 ἀγαπᾶτε
658 1023 705 1084 καὶ
731 1023 865 1096 παντοίως
891 1021 1057 1093 σπουδάζετε
1083 1021 1213 1101 κερδᾶναι
1241 1023 1380 1093 ἅπαντας·
1408 1019 1530 1100 θφείλετε

234 1153 298 1230 γάρ,
319 1148 429 1224 μᾶλλον
454 1147 485 1208 δὲ
511 1147 681 1226 «ὀφείλομεν
703 1147 784 1222 ἡμεῖς
806 1145 831 1206 οἱ
854 1144 961 1206 δυνατοὶ
982 1145 1017 1204 τὰ
1039 1145 1217 1220 ἀσθηνήματα
1239 1150 1293 1204 τῶν
1315 1143 1454 1204 ἀδυνάτων
1476 1143 1530 1217 βα-

234 1272 376 1342 στάζειν».
393 1269 517 1350 ἐφειλετε
540 1268 571 1328 δέ
593 1271 639 1329 τον
662 1267 805 1348 εἰρημένον
828 1267 948 1348 ἀδελφὺν
971 1273 1080 1342 ποιῆσαι
1104 1267 1198 1342 ἱμάτια
1221 1267 1265 1326 σὺν
1288 1265 1327 1344 τῷ
1351 1267 1431 1326 αὑτοῦ
1452 1285 1530 1344 χειρ-

236 1392 349 1472 αγωγῷ,
373 1394 403 1464 θς
430 1389 476 1451 καί
499 1393 687 1452 ὑποτασσέσθω
711 1390 783 1469 αὑτῷ
805 1389 902 1460 καλῶς
924 1391 953 1449 ἐν
975 1395 1064 1448 πᾶσιν.
1089 1387 1214 1466 ὀφείλετε
1237 1387 1269 1448 δὲ
1291 1386 1468 1464 ποιῆσαικαὶ
1486 1389 1531 1447 τὺν

196 1510 202 1521 ’
235 1516 357 1593 μοναχὸν
378 1514 518 1574 Ματθαῖον
541 1512 633 1588 ἱμάτια
656 1513 702 1571 οὑν
724 1511 762 1590 τῷ
787 1510 901 1591 μονοχῷ
923 1509 996 1592 κυρῷ
1021 1510 1124 1590 Ποὺλῳ
1146 1507 1193 1568 καί
1216 1507 1332 1589 μοναχῷ
1354 1508 1428 1588 κυρῷ
1447 1511 1529 1570 Ματ-

233 1638 311 1716 θαίῳ,
335 1631 372 1714 τῷ
396 1635 464 1714 ἱερεῖ
484 1633 531 1694 καί
554 1633 669 1712 μοναχῷ
685 1631 797 1712 Φωτίῳ,
820 1630 867 1692 καί
889 1633 919 1692 ὃν
941 1632 1019 1707 ὑμεῖς
1041 1633 1128 1691 νοεῖτε
1149 1631 1196 1691 καὶ
1219 1624 1276 1704 οἷος
1298 1633 1455 1712 ὑπερεῖσαι.
1481 1633 1530 1691 έκ-

233 1759 407 1838 κλησιάρχης
435 1755 466 1816 δὲ
495 1757 563 1815 έστω
586 1755 600 1813 6
624 1755 747 1833 μοναχὺς
772 1758 848 1836 κὺρις
875 1755 1027 1835 Ματθαῖος,
1056 1757 1110 1826 ἕως
1137 1755 1199 1814 ὅτου
1222 1755 1360 1834 βοὺλεται,
1387 1751 1434 1814 καί
1462 1754 1532 1830 μετὰ

233 1885 325 1941 τοῦτον
354 1877 542 1959 παραλαβέτω
573 1879 621 1952 τὴν
649 1877 798 1952 ἐκκλησίαν
825 1877 840 1934 6
868 1877 991 1954 μσναχθς
1019 1879 1094 1958 κὺρις
1125 1876 1274 1948 Μεθέδισς.
1305 1877 1319 1936 6
1350 1875 1382 1935 δὲ
1409 1877 1533 1953 μοναχές

234 2003 374 2072 Φίλιππος
401 2001 416 2060 6
439 2004 477 2060 ὢν
505 2000 534 2059 ἐν
560 2005 594 2082 τῇ
622 1997 733 2079 Λειψῷ,
762 1999 868 2059 ἐλθέτω
895 2000 962 2080 πρὸς
989 1999 1019 2058 τὺ
1045 1999 1110 2078 παρ’
1135 1998 1249 2058 ἐνταῖθοι
1277 1997 1324 2058 καὶ
1352 1997 1421 2058 ἔστω
1449 1999 1533 2076 μέχρι

125 2159 128 2166 -
233 2129 279 2184 τοὺ
302 2125 396 2201 θέρους
418 2120 465 2181 καὶ
486 2123 554 2202 προς
576 2122 624 2196 τὴν
648 2120 798 2197 ἐκκλησίαν
821 2123 860 2192 ιὺς
882 2122 1014 2202 ἐρχάριος
1037 2121 1133 2201 μικρὸν
1156 2119 1323 2201 ἐφεδρευέτω
1344 2121 1426 2200 χάριν
1448 2123 1532 2198 ψυχι-

233 2251 285 2321 κῆς
315 2243 462 2324 ὠφελείας,
496 2243 525 2302 έν
550 2243 580 2302 δὲ
609 2240 648 2320 τῷ
678 2243 765 2323 καιρῷ
797 2248 843 2303 τοὺ
873 2243 987 2324 άμητοὺ,
1016 2243 1102 2321 ἤγουν
1132 2246 1178 2301 τοὺ
1207 2243 1312 2322 θέρους,
1344 2241 1489 2301 ἀπελθέτω
1518 2242 1533 2299 6

234 2365 327 2447 ῥηθεὶς
350 2366 493 2436 Φίλιππος
520 2363 559 2436 είς
584 2363 620 2423 τὰ
641 2365 761 2439 Τεμένια
788 2365 858 2440 μετὰ
884 2369 930 2426 τοὺ
958 2369 1080 2443 μοναχοὺ
1107 2363 1220 2446 Νείλου,
1248 2361 1295 2424 καὶ
1321 2362 1534 2440 συμλείσαντες

234 2489 390 2568 ἀμφότεροι,
418 2485 446 2545 εῖ
465 2507 489 2546 τι
515 2487 618 2562 πέμψει
641 2486 655 2544 6
678 2486 750 2566 θεός,
777 2485 824 2545 καὶ
852 2487 922 2561 μετὰ
944 2490 1020 2546 τοῦτο
1044 2485 1149 2546 ἐλθέτω
1172 2486 1187 2544 6
1211 2487 1333 2563 μοναχὺς
1355 2483 1461 2556 Νεῖλος
1485 2485 1532 2542 ἐν-

234 2611 328 2689 ταὺθα,
357 2607 416 2667 ἐπεὶ
444 2610 585 2688 γεγήρακε
612 2605 659 2667 καί
684 2607 837 2684 ἠδυνάτησε
863 2610 988 2688 πάμπαν,
1011 2604 1057 2668 καὶ
1080 2607 1157 2666 θέλω
1178 2606 1222 2666 ἵνα
1245 2607 1417 2683 ἀναπαὺσητε
1441 2607 1532 2684 αὑτὸν,

233 2729 281 2790 καὶ
305 2729 343 2802 εἰς
367 2729 425 2790 σῖαν
448 2727 586 2790 διακονίαν
610 2729 728 2808 θὺνοιται,
751 2726 915 2808 κληρώσατε
938 2730 1027 2792 αὑτόν.
1050 2730 1065 2787 6
1088 2729 1120 2789 δὲ
1144 2729 1267 2807 μοναχὺς
1290 2729 1431 2801 Φίλιππος
1453 2727 1534 2789 οἰκο-

233 2853 349 2928 νομείτω
369 2849 416 2910 καὶ
430 2851 604 2930 φυλαττέσθω
623 2851 654 2910 τὺ
676 2853 836 2930 προάστειον
858 2849 905 2911 καὶ
928 2851 998 2911 ἔστω
1022 2851 1113 2912 έκεῖσε
1137 2853 1236 2930 μέχρις
1258 2853 1319 2910 ὅτου
1341 2850 1389 2911 καὶ
1412 2847 1533 2923 ἐξέλθω.

234 2973 304 3049 μετὰ
327 2973 358 3032 δέ
380 2977 426 3033 τοῦ
454 2977 576 3050 μοναχοὺ
603 2975 683 3052 κυροῦ
707 2967 856 3052 Γρηγορίου
882 2977 928 3032 τοὺ
952 2973 1140 3053 Παρθενιὺτου
1163 2969 1309 3032 ἀπελθέτω
1333 2971 1362 3032 ἐν
1384 2973 1422 3052 τῷ
1444 2972 1534 3051 καιρῷ

233 3099 279 3155 τοὺ
301 3095 486 3172 συγκλεισμοὺ
508 3095 523 3152 6
546 3094 670 3171 μοναχὺς
692 3094 836 3166 Ματθαῖος
862 3095 929 3173 προς
957 3094 1106 3173 συνεὺρεσιν
1128 3091 1175 3154 καὶ
1197 3094 1280 3154 πάλιν
1303 3094 1496 3174 ὑποστρεψάτω
1520 3095 1534 3152 6

232 3221 350 3288 τοιοὺτος
365 3215 411 3276 καὶ
427 3215 456 3274 ἐν
472 3221 506 3296 τῇ
522 3220 592 3296 μονῇ
608 3214 776 3296 διακονείτω,
793 3217 808 3273 6
823 3214 870 3274 καὶ
889 3218 934 3275 νῦν
957 3215 1064 3297 ἐνεργεῖ
1086 3217 1101 3275 ὑ
1125 3213 1156 3274 δὲ
1180 3216 1301 3293 μοναχος
1323 3219 1399 3294 κὺρις
1422 3215 1533 3296 Γρηγο-

235 3359 292 3420 ριος
318 3337 553 3418 προσκαρτερείτω
582 3336 673 3396 ἐκεῖσε
701 3339 798 3418 μέχρις
825 3337 872 3397 καί
900 3335 1091 3414 έξελεὺσομαι.
1122 3338 1189 3417 προς
1217 3338 1248 3398 δὲ
1270 3338 1319 3413 τ’φν
1342 3338 1438 3416 Λειψὺι
1462 3339 1535 3413 μετὰ

233 3465 279 3520 τοὺ
309 3459 396 3535 τιμίου
427 3459 565 3538 γέροντος,
598 3463 721 3537 μοναχοὺ
743 3463 824 3540 κυρσὺ
847 3459 1015 3540 Ἱλαρίωνος,
1048 3457 1193 3520 ἀπελθέτω
1220 3462 1235 3518 6
1258 3459 1409 3546 Νικόλαος,
1438 3459 1468 3518 ἐν
1494 3459 1535 3540 τῷ

233 3579 320 3660 καιρῷ
348 3579 476 3656 δηλονότι
503 3584 549 3640 τοὺ
576 3581 670 3661 θέρους
697 3579 744 3640 καὶ
772 3579 847 3650 αὑθις
875 3581 1060 3662 ἐπιστρεψάτω
1088 3583 1212 3644 ἐνταῦθα.
1241 3581 1256 3640 6
1283 3581 1315 3641 δὲ
1342 3583 1431 3662 γέρων
1464 3582 1535 3642 ἔστω

235 3703 334 3782 ἐκεῖσε,
363 3703 417 3774 έως
444 3705 476 3762 άν
503 3701 550 3762 καὶ
576 3703 611 3762 τὰ
633 3703 747 3763 ἐνταῦθα
769 3704 931 3783 καταλάβω,
961 3702 1020 3782 είγε
1042 3701 1090 3763 καὶ
1112 3704 1175 3776 θεὸς
1198 3703 1336 3779 βοὺλεται.
1360 3705 1390 3763 πθ
1413 3703 1444 3762 δὲ
1467 3701 1535 3774 ἐξε-

233 3826 373 3903 λαστικάν,
402 3823 484 3898 ἡνίκα
510 3830 543 3908 τῇ
571 3829 617 3885 τοὺ
645 3827 707 3885 θεοὺ
735 3825 848 3908 βοηθείᾳ
877 3825 1036 3906 ὑποστρέψω
1064 3825 1097 3886 ἐκ
1126 3829 1174 3902 τῆς
1196 3826 1381 3905 θεοφυλάκτου
1405 3823 1535 3898 Πόλεως,

233 3945 447 4006 κατευωθιὺσατε
478 3942 552 4018 αὖθις
582 3948 656 4026 αὑτά,
688 3947 843 4022 βάλλοντες
873 3949 903 4007 τέ
933 3947 1020 4028 τυρίον
1050 3947 1118 4008 ὅλον
1147 3954 1196 4024 τῆς
1228 3953 1398 4028 σαρακοστῖγς
1427 3941 1476 4007 καί
1501 3951 1534 4008 τ“ο

234 4068 361 4128 ἀπέκτιον
391 4067 461 4142 μετὰ
487 4071 540 4154 τοὺ
561 4072 684 4146 μοναχοὺ
706 4073 786 4149 κυρσὺ
809 4069 922 4128 Παὺλου
944 4067 991 4128 καὶ
1013 4068 1191 4129 πωλείτωσαν
1212 4071 1281 4150 πρὺς
1302 4070 1337 4128 τὰ
1358 4069 1462 4129 Στενά·
1486 4069 1536 4128 καὶ

235 4187 265 4262 ἐξ
289 4183 326 4248 ὑν
348 4192 444 4268 νοεῖτε,
468 4191 523 4249 ὅτι
538 4191 655 4270 χρῄζετε
674 4191 743 4270 προς
762 4191 811 4265 τὴν
834 4192 929 4270 μονήν,
953 4191 1179 4274 ἀγορασάτωσαν,
1199 4190 1245 4250 καί
1262 4183 1302 4262 εἷς
1317 4191 1351 4251 ἐκ
1371 4196 1425 4250 τῶν
1448 4190 1536 4252 ὄντων

234 4311 264 4369 ἐν
287 4309 325 4390 τῷ
347 4310 438 4388 πλοίῳ
461 4310 567 4371 ἐλθέτω
589 4311 657 4391 πρὸς
679 4313 727 4386 τὴν
744 4309 831 4372 Πόλιν
851 4315 918 4392 πρὸς
934 4333 980 4392 με,
1004 4313 1088 4394 ὅπως,
1113 4311 1136 4372 εί
1160 4313 1267 4388 ἕτοιμός
1290 4309 1346 4388 εἰμι
1368 4309 1458 4392 κάγώ,
1484 4312 1536 4387 ἐξ-

234 4433 310 4491 έλθω
333 4433 392 4508 μετ’
417 4435 513 4492 αὑτῶν.
537 4436 620 4492 ταῦτα
642 4436 730 4493 πάντα
756 4431 804 4493 καί
829 4428 901 4494 οὑτοι
924 4436 1041 4507 ἅπαντες
1067 4431 1142 4515 παρὰ
1163 4439 1219 4514 σοῖν,
1243 4431 1266 4494 ὦ
1287 4438 1346 4515 κῖρι
1373 4433 1465 4513 Σάβα,
1488 4436 1537 4496 καὶ

233 4559 278 4614 τοὺ
302 4559 425 4634 μοναχοὺ
456 4559 537 4633 κυροὺ
561 4555 661 4632 Ἰωσὴφ
692 4555 844 4634 ὀφείλουσιν
877 4556 1046 4636 ἐνεργεῖσθαι
1074 4555 1121 4616 καὶ
1151 4555 1359 4631 οἰκονομεῖσθαι,
1389 4558 1429 4628 ὡς
1460 4557 1538 4620 αὑτοὶ

233 4679 331 4737 νοεῖτε,
343 4677 437 4735 τεκνία
450 4697 512 4756 μου,
526 4677 636 4750 μᾶλλον
653 4675 683 4736 δὲ
699 4679 815 4755 πατέρες
830 4675 878 4736 καὶ
894 4677 1008 4756 ἀδελφοί
1020 4698 1072 4753 μου
1088 4675 1170 4759 (οὑτω
1181 4677 1234 4757 γὰρ
1248 4676 1331 4736 εἰπεῖν
1343 4676 1537 4764 οἰκειότερον),
