3228 5294
260 351 337 407 VIII

261 535 329 599 fere
350 537 529 600 innotuerat
546 537 688 600 maxima
707 534 869 600 Floridem
889 558 962 600 cum
983 535 1145 622 diligentia
1166 537 1383 622 descripsisse,
1402 561 1556 620 magnum

259 637 389 725 quidem
412 649 444 703 et
466 637 651 704 diuturnum
679 661 771 724 opus,
801 661 863 725 quo
887 641 1043 725 insignem
1066 641 1118 704 ille
1141 643 1255 705 meruit
1277 641 1414 706 laudem.
1450 643 1557 706 Maior

258 745 343 808 enim
367 753 399 808 et
421 766 572 808 numerus
596 743 777 809 tabularum
801 755 832 808 et
855 743 1028 829 amplitudo
1052 758 1130 829 erat,
1153 768 1250 832 quam
1273 767 1355 831 quae
1375 769 1395 808 a
1414 745 1556 832 quodam

258 850 456 931 nostratium,
484 849 577 913 brevi
601 851 751 935 temporis
784 849 895 934 spatio,
927 850 1012 935 quod
1043 849 1086 915 illi
1113 850 1289 934 itineribus,
1319 872 1401 936 quac
1424 863 1557 938 propter

258 953 420 1018 doctrinae
444 977 586 1018 amorem
610 956 834 1040 suscipiuntur,
859 953 946 1038 dant,
979 967 1233 1041 tempestateque
1260 954 1321 1038 illa,
1346 977 1409 1042 qua
1436 957 1556 1020 morari

258 1059 289 1120 in
317 1057 469 1122 coenobio
501 1057 611 1140 solent,
643 1079 752 1122 omnes
783 1057 922 1122 describi
955 1071 1092 1144 possent.
1128 1057 1317 1124 Sakkelioni
1339 1069 1446 1124 autem
1470 1082 1555 1146 quac

258 1161 471 1247 descripserat
502 1161 600 1227 edere
629 1164 661 1227 iu
693 1165 798 1228 animo
829 1173 912 1246 erat3
941 1161 998 1226 sed
1029 1185 1113 1246 cum,
1141 1185 1223 1248 quac
1254 1162 1361 1247 vellet,
1395 1164 1555 1250 perficere

257 1265 363 1330 adhuc
398 1289 461 1332 non
497 1269 650 1353 potuisset
682 1267 912 1352 doctmumquc
942 1269 1083 1332 virorum
1114 1266 1272 1332 desiderio
1302 1266 1406 1334 nullus
1438 1267 1555 1332 obvius

256 1371 326 1434 fieri
356 1371 529 1456 videretur,
561 1371 727 1436 consilium
757 1371 849 1436 nobis
876 1371 944 1454 fuit,
977 1382 1011 1435 ut
1037 1371 1089 1435 ille
1118 1371 1210 1435 nobis
1237 1371 1444 1457 exemplaria,
1468 1395 1554 1457 quae

256 1477 325 1561 ipse
356 1476 559 1559 confecisset,
583 1475 738 1559 traderet,
771 1497 853 1560 quae
884 1498 947 1540 non
978 1475 1179 1560 confecisset,
1211 1499 1269 1562 per
1299 1475 1458 1540 eruditum
1488 1499 1554 1540 mo-

257 1580 396 1644 nachum
431 1579 645 1646 describenda
679 1589 815 1646 curaret.
852 1579 937 1644 Nam
971 1579 1149 1645 Sakhelion
1185 1603 1240 1645 eas
1274 1591 1398 1646 tantum
1424 1580 1555 1645 tabulas

257 1683 392 1770 collegit,
425 1707 507 1769 quae
534 1707 636 1771 usque
659 1684 702 1749 ad
725 1685 896 1772 Byzantini
923 1686 1045 1771 imperii
1070 1707 1179 1748 casum
1207 1685 1411 1770 pertinerent,
1439 1687 1555 1772 paucis

256 1787 431 1853 admodum
454 1788 570 1854 additis
593 1791 779 1855 recentioris
801 1791 923 1856 aetatis.
960 1787 1103 1853 Tabulas
1125 1811 1202 1853 vero
1225 1811 1335 1854 omnes
1358 1788 1455 1853 edere
1478 1811 1554 1875 ope-

256 1916 310 1956 rae
334 1895 471 1979 pretium
494 1916 567 1959 eum
590 1894 754 1960 videretur
776 1917 902 1980 unoque
926 1893 1086 1959 volumine
1109 1895 1273 1978 contineri,
1296 1893 1472 1959 monachus
1487 1893 1553 1976 ille,

257 2021 352 2083 quem
381 1997 530 2083 diximus,
553 2001 747 2064 recentiores
777 1997 903 2064 tabidas
935 1997 1113 2084 descripsit,
1144 2021 1217 2064 cum
1247 2008 1363 2085 pactae
1394 1997 1553 2063 condicio-

256 2124 314 2166 nes
337 2102 525 2168 Sakkelioni
549 2104 751 2189 placuissent.
787 2103 846 2167 His
869 2101 994 2167 tabulas
1017 2101 1147 2188 adiungi
1177 2103 1333 2167 voluimus
1364 2103 1423 2166 alio
1454 2125 1554 2188 quam

255 2229 372 2292 graeco
393 2229 539 2272 sermone
561 2207 731 2290 confectas,
756 2229 813 2292 per
832 2229 889 2271 nos
910 2205 952 2270 ad
968 2205 1130 2270 meliorem
1145 2206 1313 2272 lectionem
1330 2205 1502 2292 perductas
1519 2217 1553 2269 ct

256 2314 377 2376 ratione
397 2323 576 2397 temporum
593 2323 624 2376 et
640 2311 750 2375 ordine
767 2311 944 2397 dispositas,
969 2333 1011 2375 ex
1034 2309 1149 2396 quibus
1165 2321 1261 2396 patet,
1287 2333 1446 2397 quaeres,
1468 2312 1555 2374 inter

257 2418 484 2481 monasterium
508 2428 539 2481 et
561 2415 722 2480 Romanos
744 2415 920 2500 pontifices,
944 2415 1107 2498 Venetias,
1138 2414 1243 2479 Rhodi
1273 2415 1395 2480 insulae
1426 2417 1553 2500 equites

256 2521 396 2607 aliosque
413 2521 538 2586 illarum
557 2523 734 2606 regionum,
759 2543 841 2606 quae
864 2520 906 2584 ad
930 2519 1130 2585 occidentem
1154 2519 1252 2584 solem
1275 2519 1443 2604 pertinent,
1467 2521 1553 2604 prin-

256 2627 343 2711 cipes
366 2627 610 2690 intercesserint.
639 2625 707 2690 Has
730 2625 793 2689 iam
817 2623 985 2690 ediderant
1007 2625 1120 2710 Bayet‚
1145 2623 1182 2688 Ο.
1201 2624 1316 2710 Rayet,
1340 2621 1552 2688 Sebastianus

256 2729 363 2794 Pauli:
380 2739 444 2793 'nos
465 2752 560 2794 unam
581 2729 722 2794 tabulam
739 2727 932 2813 addidimus,
950 2752 1032 2816 qnae
1048 2727 1190 2793 nondum
1206 2729 1239 2794 in
1254 2727 1359 2793 lucem
1376 2725 1551 2813 prodierat.

356 2833 468 2898 Doctis
498 2836 573 2898 viris
600 2837 696 2918 igitur
725 2855 836 2898 omnes
864 2833 1053 2899 Patmiensis
1080 2834 1264 2897 monasterii
1292 2831 1482 2896 exhibemus
1505 2841 1552 2895 ta-

255 2937 347 3003 bulas
369 2939 474 3006 multis
506 2936 633 3025 perlatis
664 2937 826 3002 laboribus
859 2937 1164 3022 difficultatibusque
1192 2937 1347 3022 superatis
1354 2987 1362 3019 ,
1393 2947 1428 3000 ut
1456 2958 1552 2999 accu-

256 3053 356 3108 ratam
378 3044 546 3108 editionem
567 3044 722 3130 perlicere
743 3065 917 3128 possemus
944 3042 1039 3122 Quod
1054 3063 1134 3126 opus
1151 3053 1184 3104 ut
1199 3041 1242 3105 ad
1258 3043 1380 3105 exitum
1395 3039 1552 3126 perduce—
1597 3089 1606 3108 .,

256 3171 373 3232 remus,
397 3171 568 3214 caesareae
589 3146 830 3212 Vindobonensi
853 3146 1038 3211 academiae
1066 3145 1243 3212 litterarum
1266 3146 1377 3210 merito
1407 3142 1551 3209 tribuere

256 3251 422 3337 debemus,
446 3276 508 3338 qua
524 3255 663 3339 auspice,
693 3264 728 3317 ut
749 3254 854 3337 priora
877 3252 970 3315 huius
994 3255 1134 3336 corporis
1157 3251 1328 3333 volumina,
1356 3251 1401 3312 sic
1425 3260 1456 3312 et
1478 3271 1552 3312 sex-

254 3368 322 3422 tum
333 3358 393 3422 hoc
410 3361 441 3422 in
457 3357 561 3422 lucem
577 3358 691 3444 prodit.
710 3357 793 3421 Huic
809 3358 903 3441 igitur
919 3356 1105 3421 academiae
1117 3357 1275 3420 maximas
1290 3356 1414 3439 agimus
1429 3355 1552 3438 gratias

256 3461 465 3548 omnibusque
497 3462 596 3526 doctis
624 3464 710 3548 viris,
740 3483 871 3548 quorum
900 3460 1026 3525 auxiliis
1050 3459 1137 3524 licuit
1159 3462 1214 3544 uti,
1242 3459 1430 3545 praesertim
1453 3456 1552 3542 Spiri-

258 3565 341 3630 dioni
365 3565 533 3648 LambroS,
558 3569 589 3630 in
613 3565 780 3631 Athenaeo
805 3564 982 3630 atheniensi
1003 3563 1130 3650 publice
1155 3563 1316 3628 historiam
1338 3561 1474 3645 docenti,
1495 3565 1551 3646 qui

255 3675 287 3736 in
311 3671 371 3735 hoe
396 3694 493 3757 opere
517 3671 729 3755 conficiendo,
760 3680 795 3736 ut
822 3681 871 3734 est
893 3670 984 3734 nobis
1008 3671 1233 3751 amicissimus,
1264 3669 1431 3752 egregium
1458 3664 1553 3730 nobis

253 3777 402 3863 praebuit
425 3777 588 3860 auxilium,
613 3789 698 3842 certe
721 3779 747 3841 si
770 3779 796 3840 is
819 3774 910 3840 nobis
933 3797 995 3838 non
1019 3773 1183 3855 adfuisset,
1207 3795 1288 3857 quae
1313 3772 1372 3834 hoc
1388 3770 1552 3836 volumine

254 3881 383 3946 tabulae
407 3885 616 3964 continentur,
640 3881 778 3946 ineditae
802 3879 909 3944 adhuc
932 3879 1137 3964 manerent.¹)

353 4009 544 4067 vindobonae
555 4016 585 4066 et
595 4014 744 4082 Augustae
753 4007 957 4077 Taurinorum,
968 4028 1066 4065 mense
1076 4005 1227 4064 novembri
1238 4003 1551 4062 MDCGCLXXXI'X.

1260 4235 1444 4302 Editores.

256 4433 460 4448 -,,,.-,.,.....-.

361 4523 379 4585 ¹)
398 4520 447 4570 Hir
471 4515 569 4568 rabuli·
587 4513 727 4564 Eduardus
746 4514 784 4563 Le
808 4512 917 4562 Barbier
941 4527 1003 4561 usus
1028 4515 1076 4572 est,
1099 4511 1126 4558 in
1149 4510 1241 4575 primis
1263 4506 1345 4556 bullis
1363 4506 1459 4568 aureis,
1482 4521 1553 4566 quaa

255 4611 371 4676 inspexit
388 4623 459 4658 anno
481 4607 555 4667 1863,
574 4605 601 4652 in
621 4599 721 4663 libello,
741 4603 785 4665 qui
805 4599 969 4648 inscribitur:
987 4599 1063 4649 Saint
1076 4595 1262 4646 Christodonle
1281 4601 1308 4644 et
1327 4594 1353 4643 la
1371 4589 1484 4642 reformo
1503 4592 1553 4641 des

254 4703 383 4748 conventa
395 4709 471 4761 greca
490 4708 524 4742 ao
537 4691 589 4741 XI¹·
601 4688 680 4740 since.
700 4688 783 4748 Paris,
799 4689 872 4737 1863.
891 4686 968 4736 Parvi
983 4691 1072 4735 tamen
1086 4689 1125 4732 est
1138 4683 1246 4732 libellus
1258 4682 1395 4741 momenti,
1415 4681 1456 4728 eui
1476 4677 1553 4728 lmurl

254 4787 378 4850 exiguum
399 4783 588 4831 detrimentum
608 4777 741 4842 scriptoris
760 4776 857 4825 levitas
875 4773 974 4824 attulit.
