3184 5288
185 730 262 794 XX.
287 731 512 816 6601—1093,
537 733 588 797 die
615 733 655 798 10
678 745 709 800 εί
735 735 774 799 15
797 738 914 800 mensis
939 739 1052 819 martii,
1076 738 1139 802 ind.
1164 739 1189 803 I.

324 881 520 936 Testamentum
544 891 567 937 σί
590 884 729 938 codicillus
753 884 850 938 Sancti
872 886 1044 940 Οίινίείοάτιίί.

167 1069 176 1081 ·
261 1045 285 1108 Ι.
311 1049 462 1122 Μυστικὴ
487 1049 629 1125 διαθήκη
653 1055 707 1110 τοῦ
730 1047 819 1110 ὁσίου
843 1051 1102 1130 Χριστοὸοῦλου.

133 1189 157 1264 †
181 1185 435 1266 Χριστὸδουλος
458 1191 608 1266 μοναχὸς
629 1192 643 1248 ὁ
663 1194 718 1249 τοῦ
733 1191 862 1270 Λάτρου
885 1189 996 1274 οἰκείᾳ
1018 1191 1106 1270 χειρὶ
1128 1190 1332 1273 προέταξαγ

136 1307 232 1388 Οίμοι,
256 1313 315 1380 πῶς
339 1308 508 1384 ἁπατῶμεθα
531 1309 556 1370 οί
580 1311 682 1390 ἁθλιοι,
707 1317 766 1384 πῶς
789 1315 877 1387 μάτην
899 1319 1037 1392 πονῶμεν,
1058 1312 1104 1372 καὶ
1125 1314 1333 1394 θπερφρονῶμεν

24 1427 54 1485 :i
80 1429 208 1508 οὐράνια,
230 1435 285 1490 τῶν
308 1430 334 1489 δ’
343 1429 472 1509 ἐπιγείων
496 1427 696 1505 ἁντιποιώμεθα
720 1479 1147 1498 ..............
1173 1434 1218 1494 διὰ
1237 1435 1268 1494 τὸ
1286 1438 1333 1495 τοῦ

26 1597 267 1612 ........
292 1554 436 1631 ίωθτίθιον
461 1603 466 1615 .
492 1598 499 1612 .
524 1598 531 1612 .
557 1601 564 1614 .
588 1547 636 1613 καί
657 1555 674 1628 ή
697 1560 746 1628 τῆς
769 1561 859 1632 ψυχῆς
883 1556 916 1614 ἐκ
937 1561 984 1616 τοῦ
1007 1552 1133 1631 σώματος
1161 1556 1236 1630 βιαία
1259 1556 1330 1616 ἀπό-

27 1669 121 1743 ζευξις
146 1721 153 1732 .
179 1719 185 1731 .
211 1721 218 1736 .
245 1721 252 1733 .
277 1720 283 1732 .
309 1719 316 1734 .
339 1673 411 1732 κατὰ
433 1675 478 1733 τόν
500 1676 637 1752 προφήτην
660 1677 705 1734 τὸν
728 1675 863 1752 λέγοντα1
892 1673 936 1736 «ὦ
953 1678 1035 1754 κῦριε,
1062 1677 1177 1751 ἐλέησόν
1201 1699 1236 1750 με
1260 1724 1266 1736 .
1293 1724 1299 1738 .
1325 1725 1331 1739 .

28 1841 33 1852 .
58 1843 65 1855 .
96 1842 103 1854 .
131 1841 137 1854 .
164 1796 203 1868 μὴ
234 1796 343 1876 ἁρπάσῃ
371 1797 409 1865 ῶς
432 1796 505 1855 λέων
531 1797 580 1870 τὴν
603 1800 691 1874 ψυχήν
715 1817 775 1876 μου,
804 1799 842 1873 μὴ
871 1799 947 1870 ὁντσς
974 1800 1156 1877 λυτρουμένου
1181 1799 1253 1873 μηδὲ
1274 1803 1330 1860 σῶ-

27 1918 133 1996 ζοντος,
158 1918 198 1976 ὅτι
221 1919 270 1976 οῦκ
294 1919 363 1978 ἔστιν
386 1920 537 1998 ἁνθρωπος,
562 1921 592 1992 ὁς
613 1922 721 1994 ζήσεται
744 1921 790 1981 καί
811 1923 860 1980 οθκ
881 1923 973 1998 όψεται
993 1923 1143 2002 θάνατον.»
1166 1923 1228 1980 ὅθεν
1252 1921 1330 1998 κάγὼ

28 2037 40 2094 ό
68 2037 100 2094 ἐν
130 2041 264 2116 μοναχοῑς
291 2041 417 2111 ταπεινός
444 2040 644 2120 Χριστὸδουλος
672 2043 687 2100 ὁ
710 2041 866 2122 Λατρηνός,
891 2043 919 2100 έν
948 2043 1083 2124 ἀρρωστίᾳ
1111 2043 1162 2116 μὲν
1190 2047 1331 2122 σωματικῇ

28 2160 220 2240 κατακλιθείς,
248 2165 278 2221 οῦ
305 2163 359 2237 μὴν
388 2162 419 2222 δὲ
445 2163 494 2234 τὰς
520 2167 619 2244 φρένας
646 2163 839 2242 παραβλαβείς
866 2169 883 2238 ἢ
911 2159 1109 2244 παραοφαλείς,
1139 2162 1216 2222 ἀλλὰ
1242 2166 1332 2241 χάριτι

29 2288 73 2341 τοῦ
102 2282 195 2361 κυρίου
221 2285 301 2358 ήμῶν
324 2285 413 2360 Ἰησοῦ
440 2285 557 2364 Χριστοῦ
585 2281 658 2356 σώας
684 2285 731 2344 καὶ
759 2285 916 2366 ἐρρωμένας
943 2287 1041 2356 ταθιας
1063 2287 1209 2362 κέκτημαι,
1232 2283 1331 2344 πτοοῦ-

30 2425 114 2478 μενος
136 2407 168 2464 τὸ
190 2409 235 2465 τοῦ
258 2407 374 2466 θανάτου
398 2405 503 2481 ἁδηλον
529 2407 612 2478 τέλος
637 2405 684 2466 καί
712 2408 905 2487 ἀπαραίτητον,
934 2411 1042 2486 μήπως,
1070 2407 1108 2477 ὡς
1134 2409 1191 2478 τοῖς
1213 2404 1332 2476 πολλοῖς

31 2571 268 2588 ........
284 2575 291 2607 ,
321 2526 445 2587 ἐπελθὼν
471 2533 525 2587 τῶν
552 2530 674 2588 ἐντεῦθεν
703 2527 828 2610 διαζεθξη
856 2550 893 2604 με
920 2529 949 2588 ἐν
975 2531 1067 2610 ἡμέρᾳ
1093 2526 1141 2588 καί
1168 2530 1237 2608 ῶρᾳ,
1260 2521 1278 2608 ᾗ
1302 2527 1332 2586 σθ

30 2647 187 2726 προσδοκῶ,
215 2649 264 2723 τήν
290 2653 427 2730 παροῦσαν
459 2649 596 2729 ἔγγραφον
622 2649 668 2710 καί
697 2651 880 2730 ἐνυπὸγραφον
907 2648 968 2729 περὶ
991 2657 1044 2709 τῶν
1066 2651 1126 2710 κατ’
1152 2648 1202 2722 ἐμὲ
1224 2651 1332 2708 πάντων

33 2769 195 2830 διελθόντων
223 2771 374 2845 βασιλικῶς
406 2771 559 2847 διατίθεμαι
587 2773 691 2844 οῦτως’
719 2771 766 2831 καί
793 2773 847 2851 γὰρ
875 2772 903 2831 αί
929 2771 975 2831 διἰο
1002 2778 1078 2847 νῆσοι
1107 2769 1137 2843 ἐξ
1163 2771 1331 2850 ὁλοκλήρου,

31 2893 94 2963 ἦτε
118 2891 233 2966 Πάτμος
255 2891 302 2952 καί
324 2893 453 2970 ήΛειψὼ
476 2894 548 2968 μετὰ
569 2892 615 2953 καί
638 2899 691 2953 τῶν
715 2895 760 2954 ὁὸο
775 2893 942 2974 προαστείων
964 2897 1017 2952 τῶν
1042 2895 1070 2952 ἑν
1092 2899 1125 2975 τῇ
1149 2895 1222 2972 νήσῳ
1238 2895 1330 2972 Λέρῳ,

31 3017 76 3070 τοῦ
97 3033 128 3071 τε
152 3013 301 3093 Παρθενίου
328 3013 442 3075 καὶτοῦ
465 3015 608 3095 Τεμενίου,
635 3013 682 3074 καί
706 3017 791 3074 αθτῶν
816 3011 846 3086 ἐξ
869 3015 1027 3095 ὁλοκλήρου
1054 3015 1260 3094 προσελθόντων
1284 3035 1331 3088 μοι

34 3133 76 3190 διὰ
107 3135 289 3214 θωρεαστικοῦ
319 3131 397 3213 ἁγίου
427 3135 474 3195 καί
501 3141 684 3220 προσκυνητοῦ
714 3137 920 3216 χρυσοβοῦλλσυ
948 3139 993 3196 τοῦ
1023 3139 1152 3215 κραταιοῦ
1178 3133 1224 3194 καί
1252 3135 1331 3213 ἁγίου

35 3257 110 3329 ἡμῶν
134 3257 284 3336 βασιλέως,
307 3261 389 3337 κυροῦ
408 3256 533 3330 Ἀλεξίου
555 3263 602 3318 τοῦ
621 3259 777 3336 Κομνηνοῦ,
798 3257 949 3335 λογισίμων
968 3278 999 3317 τε
1017 3256 1063 3315 καὶ
1080 3257 1331 3331 συμπεποιθημένων

37 3377 243 3454 φυλαττομένων
267 3373 312 3437 διὰ
334 3385 384 3454 τῆς
407 3379 579 3456 ἀντιλήψεως
602 3385 652 3454 τῆς
671 3379 755 3456 Ιἁγίας
778 3379 857 3437 αὐτοῦ
881 3378 1034 3456 βασιλείας,
1058 3379 1096 3448 ῶς
1118 3379 1148 3436 τό
1172 3377 1235 3436 αῦτὸ
1258 3378 1331 3436 θεῖον

37 3501 239 3576 γρυοόβουλλον
274 3502 436 3581 σαφέστερον
469 3503 635 3582 παρίστησιν.
671 3501 699 3560 ἐν
733 3501 841 3572 ταῦταις
874 3497 919 3559 οῦν
952 3502 1012 3570 ταῖς
1045 3501 1135 3573 νήσοις
1168 3499 1330 3578 προσπελά-

40 3625 129 3692 εαντὸς
152 3643 219 3702 μου,
242 3623 288 3681 ἁτε
310 3621 357 3682 καί
380 3623 410 3681 τὸ
438 3625 618 3702 προσκυνητὸν
641 3622 847 3718 χρυσὸβουλλον
871 3619 999 3702 ἐπορίσθη
1027 3642 1083 3701 μοι,
1107 3619 1275 3695 βουλόμενος
1299 3619 1331 3680 δὲ

41 3742 85 3814 τὴν
110 3743 151 3802 ἐπ’
180 3743 291 3818 ὀνόματι
318 3747 476 3820 τιμωμένην
502 3748 548 3804 τοῦ
575 3745 769 3822 ήγαπημένου,
800 3745 974 3821 πανευφήμου
1002 3741 1167 3820 ἀποστόλου,
1198 3743 1332 3820 παρθένου

43 3863 87 3920 κοί
108 3865 304 3942 εθτγγελιστοῦ
328 3865 454 3924 Ἰωάννου
476 3869 521 3924 τοῦ
545 3863 689 3944 Θεολὸγου
713 3863 862 3940 ἐκκλησίαν
885 3863 997 3944 ἱδρῦσαι,
1020 3865 1068 3938 τήν
1093 3863 1121 3921 έν
1150 3863 1263 3942 Πάτμῳ,
1286 3861 1333 3922 καί

45 3989 213 4066 μονοσιήρισν
236 3987 322 4066 τοῦτῳ
346 3981 493 4066 ἀφιερῶσαι
518 3985 643 4060 εθλαβῶν
668 3986 773 4068 ἀνδρῶν
798 4031 1033 4048 ........
1056 3982 1187 4054 καὶτοὺς
1214 3983 1256 4042 ὑπ’
1282 3983 1333 4058 ἐμὲ

46 4107 172 4183 μοναχῶς
203 4107 252 4167 καί
281 4107 427 4186 ἁδελφοῦς.
463 4105 648 4188 ἐναρξάμενος
679 4109 709 4168 δὲ
745 4110 875 4189 πρότερον
909 4105 1075 4167 καστέλλιον
1105 4105 1152 4164 καὶ
1182 4104 1333 4180 ἀνεβίβασε

46 4228 128 4306 τοῦτο,
154 4231 216 4289 ὁσον
244 4229 396 4306 ἠδυνήθην,
428 4228 601 4306 καταλείψας
628 4233 706 4289 τοῦτο
735 4230 849 4308 ἀτελές,
883 4228 927 4288 διὰ
953 4231 984 4288 τὸ
1011 4227 1190 4306 ἀποχωρῆσαί
1217 4246 1253 4300 με
1279 4230 1332 4284 τῶν

49 4345 137 4428 ἐκεῖσε,
160 4352 198 4422 ῶς
220 4351 273 4410 ἀπὸ
295 4355 345 4425 τῆς
372 4351 525 4428 γενομένης
552 4349 702 4430 ἐπιδρομῆς
729 4356 781 4410 τῶν
809 4350 897 4409 ἀθέων
923 4350 1051 4430 Τοθρκων
1075 4346 1115 4420 εἰς
1137 4348 1186 4419 τὰς
1209 4347 1333 4419 τοιαῦτας

49 4468 146 4549 νήσους,
172 4472 390 4550 ἀπολειφθέντων
416 4519 584 4534 ......
607 4474 715 4530 πάντων
744 4473 773 4530 ἐν
800 4475 859 4543 ταῖς
885 4471 1020 4542 τοιαῦταις
1046 4473 1136 4544 νήσοις
1161 4515 1331 4530 ......

53 4635 59 4644 -
84 4633 89 4644 ·
112 4593 273 4654 ..λεπτῶν
303 4595 381 4664 ζώων
408 4592 455 4652 καί
482 4594 582 4668 λοιπῆς
608 4592 763 4674 ὑπάρξεως,
794 4589 828 4670 ἧς
853 4639 1085 4656 ........
1110 4598 1158 4668 τῆς
1186 4590 1333 4670 εἰρημένης

52 4712 165 4786 γενέσθαι
187 4719 281 4790 μονῆς.
304 4715 352 4774 καὶ
375 4713 452 4774 θέλω
473 4714 520 4774 καί
544 4716 681 4791 βούλομαι
706 4715 739 4773 ἐκ
760 4716 859 4774 τοῦτων
881 4717 989 4775 πάντων
1016 4721 1069 4774 τῶν
1096 4714 1333 4792 καταλειφθέντων

1108 4836 1124 4884 6
