3228 5294
262 322 306 387 64

263 517 381 592 συμβαίη
404 516 463 576 τινὰ
485 525 531 576 τοῦ
552 522 670 596 πονηροῦ
692 520 748 588 τοῖς
771 517 868 594 λόχοις
894 523 1083 597 περιπαρῆναι,
1111 516 1158 576 καὶ
1186 519 1244 590 ταῖς
1272 515 1377 578 ἐκείνου
1404 515 1481 600 (φεῦ)
1512 537 1560 594 γε-

224 645 227 650 ’
262 639 354 698 νέσθαι
380 641 483 716 πάγαις
513 639 669 721 άλιίισιμον,
703 639 750 698 καί
779 659 813 716 γε
848 637 956 716 «ψυχὴν
985 638 1001 698 ό
1030 637 1119 711 τάλας
1149 639 1374 718 ζημιωθήσομαι,
1405 631 1440 713 ἧς
1468 637 1560 698 σὐδ’ό

262 761 366 837 κόσμος
389 760 472 840 ἅπας,
495 759 566 820 κατὰ
588 761 618 819 τδ
642 759 714 838 ίερδν
737 759 784 820 καὶ
807 761 879 821 θεῖον
903 760 978 838 ἔπος,
1000 761 1118 839 πέφυκεν
1141 757 1321 832 ἰσοστάσιος».
1346 753 1424 832 οὗτος
1440 760 1454 820 δ
1469 759 1560 839 φόβος,

262 885 340 942 τοῦτο
362 883 394 942 τδ
417 881 480 954 δέος
503 881 586 957 αὐτῆς
609 901 661 956 μου
684 882 771 958 μέσης
792 883 894 958 ἥπτετο
917 887 966 958 τῆς
988 879 1114 962 καρδίας,
1134 882 1181 942 καί
1201 903 1248 959 μοι
1271 881 1409 963 συνέτριβέ
1432 881 1467 941 τά
1489 879 1560 957 δστᾶ,

265 1001 383 1080 ἐξεμῦζα
407 1001 438 1064 δὲ
461 1001 592 1076 καὶτοὺς
614 1003 743 1084 μυελοὺς,
766 1002 813 1064 καί
835 1004 932 1066 διέσπα
955 1005 988 1064 τά
1010 1009 1102 1086 νεῦρα,
1125 1003 1237 1076 καὶτὰς
1258 1006 1363 1084 σάρκας
1384 1002 1561 1084 διεμερίζετο,

263 1123 310 1184 καὶ
325 1130 447 1202 συνεχῶς
464 1125 565 1206 ἐπῇδον
588 1127 650 1185 κατ’
671 1125 796 1202 ἐμαυτοῦ·
825 1126 1051 1203 «μεταναστείιου,
1074 1127 1174 1204 τάλαν,
1205 1127 1244 1198 ῶς
1266 1125 1421 1203 στρουθίον»
1449 1122 1495 1184 ἐπὶ
1516 1123 1562 1194 τὰς

264 1247 407 1320 ἀοικήτους
436 1249 525 1330 πάντῃ
555 1245 603 1307 καὶ
631 1249 819 1327 πανερήμους·
850 1249 881 1308 οίι
910 1249 964 1326 γάρ
996 1247 1076 1328 ἐστιν,
1108 1247 1158 1306 οῦκ
1187 1247 1257 1306 ἐστιν
1287 1246 1390 1325 ἤρεμον
1418 1245 1511 1306 ἀνῦοαί
1534 1266 1561 1303 σε

265 1366 367 1446 βιοτήν,
396 1369 449 1440 ἕως
477 1361 507 1429 οὗ
536 1368 616 1449 εθρῃς
637 1371 721 1428 τόπον
750 1374 888 1444 κοσμικῶν
919 1366 1056 1443 ἐπιμιξίας
1085 1367 1183 1428 τέλεον
1215 1367 1401 1445 ἀνεπίδεκτον,
1432 1369 1563 1442 σκήνωμα

263 1489 379 1567 ἡσυχίας
405 1488 494 1568 σαυτῷ
525 1487 572 1548 καί
598 1491 655 1562 τοῖς
683 1489 752 1564 μετά
779 1494 827 1551 σοῦ
857 1489 903 1550 καί
930 1488 1072 1552 κατοικίαν
1098 1490 1166 1569 πρδς
1195 1491 1225 1550 τδ
1247 1495 1296 1565 τῆς
1319 1487 1453 1568 σωτηρίας
1485 1488 1561 1568 ἔργον

265 1609 449 1671 συντείνουσαν
472 1611 502 1684 ἐς
524 1611 558 1671 τὰ
580 1612 711 1687 μάλιστα.

368 1731 403 1792 θ’.
427 1733 521 1792 Ταῦτα
543 1730 696 1809 διανοηθεὶς
718 1732 764 1792 καὶ
786 1732 848 1806 τοῦς
870 1731 1006 1812 ἀδελφούς
1029 1753 1081 1808 μου
1102 1730 1211 1811 συνιρδοί
1234 1753 1279 1808 μοι
1302 1729 1364 1813 περί
1392 1731 1494 1794 τοίτυιν
1517 1733 1562 1790 εῦ-

264 1852 357 1932 ρηκὼς
383 1855 612 1935 προαιρουμένους
638 1875 668 1914 τε
695 1851 742 1914 καὶ
770 1854 998 1934 διαλεγομένους,
1027 1851 1237 1934 εἰσηγουμένους
1258 1874 1289 1913 τε
1316 1852 1378 1933 περὶ
1404 1857 1451 1914 τοῦ
1472 1853 1562 1928 νησίον

243 1977 311 2034 ’τοῦ
339 1976 406 2054 πρδς
437 1977 475 2035 έω
503 1975 553 2049 μὲν
581 1977 708 2050 κειμένου
734 1978 781 2036 τοῦ
806 1977 903 2036 πόντου
931 1980 976 2036 τοῦ
1004 1975 1132 2055 Ἰκαρίου,
1158 1981 1208 2054 τῆς
1234 1974 1347 2056 ἠπείρου
1379 1973 1410 2034 δὲ
1438 1974 1486 2034 καὶ
1512 1973 1567 2034 τῶνΙ

264 2095 456 2176 περιβλέπτων
467 2099 556 2192 νήσων
568 2099 682 2172 πάμπαν
695 2097 895 2176 ἀπῳκισμένου,
912 2095 1039 2178 (Πάτμος
1054 2099 1073 2174 ή
1087 2096 1186 2174 κλῆσις
1201 2096 1240 2175 τῷ
1253 2093 1391 2180 νησιδίῳ),
1408 2097 1446 2168 ὡς
1463 2097 1563 2175 ἔρημος

266 2217 317 2292 μὲν
351 2217 500 2298 ἀνθρώπων
529 2218 547 2292 ή
580 2215 703 2296 ἐσχατιά,
735 2218 868 2298 ἀθόρυβος
898 2217 930 2278 δὲ
959 2219 977 2292 ή
1009 2217 1126 2292 διαμονή
1156 2215 1204 2278 καί
1234 2217 1418 2298 ἀπαρόδευτος
1452 2219 1564 2296 ήμέροις

264 2337 413 2414 πλοίοιςή
447 2338 626 2418 ἐλλιμένισις,
657 2338 724 2410 δλος
752 2339 888 2416 ἐγενόμην
914 2345 964 2415 τῆς
991 2343 1037 2398 τοῦ
1065 2337 1156 2416 νησίου
1182 2339 1261 2399 τοῦδε
1289 2339 1417 2418 ἐφέσεως.
1447 2339 1564 2398 ἐπέτεινε

267 2459 298 2519 δέ
325 2481 371 2534 μοι
398 2462 443 2522 τδν
465 2461 548 2522 πόθον
571 2459 617 2522 καὶ
640 2462 658 2535 ἡ
683 2461 712 2520 ἐν
735 2459 807 2539 αίπῷ
829 2464 876 2520 τοῦ
899 2460 927 2519 ἐν
955 2460 1118 2532 ἀποστόλοις
1145 2459 1286 2538 ἀγαπητοῦ
1311 2459 1350 2538 τῷ
1378 2461 1496 2540 Χριστῷ,
1523 2465 1566 2520 τοῦ

267 2583 463 2661 εῦαγγελιστοῦ
489 2579 536 2640 καὶ
562 2583 695 2662 παρθένου
728 2580 952 2662 ἐμφιλοχῶρησις
974 2581 1021 2642 καί
1047 2583 1066 2659 ἡ
1089 2582 1212 2659 ἀοίδιμος
1239 2581 1353 2642 θπτασία
1381 2581 1426 2644 καὶ
1448 2603 1564 2659 παμμα-

266 2707 393 2784 κάριστος
416 2703 522 2764 ἐκείνου
546 2703 669 2775 ἔκστασις
694 2702 741 2764 καί
768 2703 929 2782 ἀλλοίωσις,
952 2706 970 2780 ἧ
994 2725 1023 2764 τε
1046 2709 1095 2780 τῆς
1122 2704 1270 2783 θεολογίας
1297 2703 1390 2782 ῦήηλὴ
1413 2703 1461 2763 καὶ
1484 2704 1565 2781 οῦρά-

266 2845 323 2896 νιος
351 2825 528 2904 μυσταγωγία
551 2823 597 2884 καὶ
624 2827 710 2902 ήτοῦ
738 2826 903 2904 εῦαγγελίου
926 2822 1083 2906 βροντώδης
1105 2823 1151 2886 καί
1181 2827 1347 2905 θεόφθογγος
1378 2825 1563 2905 θταγόρευοις,

267 2948 336 3007 δι’ἀ
359 2949 447 3008 πάντα
470 2945 517 3006 καί
540 2947 578 3026 τῷ
601 2947 701 3026 Σιναίῳ
715 2947 907 3028 παραβάλλων
922 2948 971 3022 τήν
989 2948 1112 3028 Πάτμον,
1137 2945 1241 3007 ἐκείνου
1265 2948 1362 3023 ταύτην
1385 2946 1564 3026 ῦπερετίθουν,

266 3069 337 3129 κατά
363 3073 489 3130 τοσοῦτον
516 3070 546 3128 τό
575 3072 707 3150 πρωτεῖον
737 3069 820 3152 ταίιιη
851 3069 996 3143 ἐπιδιδοὺς,
1035 3069 1097 3130 καθ’
1121 3071 1182 3130 όσον
1209 3069 1406 3149 προτιμοτέραν
1429 3063 1492 3128 οἶδα
1519 3075 1565 3142 τῆς

267 3196 345 3262 σκιάς
367 3192 416 3266 τὴν
438 3193 518 3270 χάριν
541 3189 587 3250 καί
610 3190 663 3250 τῶν
688 3192 831 3271 ἐμφάσεων
854 3191 902 3268 τῆν
925 3191 1069 3271 ἀλήθειαν,
1092 3195 1139 3252 τοῦ
1161 3192 1324 3271 γράμματός
1353 3211 1383 3250 τε
1391 3191 1437 3250 ’τό
1459 3193 1564 3264 πνεῦμα

267 3311 313 3372 καὶ
332 3318 383 3389 τῆς
399 3313 428 3372 ἐν
450 3310 537 3386 πλαξὶ
560 3311 722 3387 νομοθεσίας
744 3315 775 3373 τό
799 3313 972 3392 εῦαγγέλιον.
1003 3313 1105 3388 ἀμέλει
1126 3310 1174 3372 καί
1195 3312 1244 3388 τὴν
1268 3313 1372 3372 ἀνωθεν
1395 3311 1480 3391 βοπήν
1503 3331 1565 3369 σιν-

196 3424 200 3432 ’
268 3435 356 3514 έριθον
394 3434 630 3510 ἐπικαλεσάμενος
665 3435 825 3514 ἀφικνοῦμαι
855 3435 923 3514 πρός
956 3435 1001 3494 τδν
1036 3435 1134 3510 εῦσεβῆ
1165 3431 1212 3494 καί
1241 3432 1455 3513 θεοκυβέρνητον
1488 3432 1565 3508 ήμῶν

268 3556 462 3636 αῦτοκράτορα,
490 3557 535 3615 τόν
566 3557 655 3634 μέγαν
685 3555 714 3615 ἐν
745 3555 901 3629 βασιλεῦσιν
929 3557 1006 3635 κῦριν
1037 3553 1168 3628 Ἀλέξιον.
1205 3553 1349 3634 είσάγομαι
1379 3555 1448 3634 πρός
1478 3555 1564 3630 αῦτόν,

268 3675 361 3750 δεξιάς
390 3674 517 3753 ἀξιοῦμαι
543 3683 593 3754 τῆς
620 3677 769 3758 ὑποδοχῆς,
797 3677 908 3752 ἀμέσως
939 3678 1096 3756 ἐντυγχάνω
1124 3675 1162 3755 τῷ
1192 3676 1322 3757 θειοτάτῳ
1352 3679 1446 3758 κράτει
1478 3676 1564 3754 αότοῦ,

266 3803 408 3876 κοινοῦμαι
437 3798 486 3876 τῆν
516 3802 639 3880 γνώμην,
667 3800 794 3879 ἀναφέρω
821 3799 856 3858 τά
880 3803 927 3860 τοῦ
954 3802 1065 3880 σκοποῦ,
1093 3797 1276 3859 ἀνακαλῦπτω
1303 3797 1337 3858 τὰ
1362 3804 1413 3874 τῆς
1436 3798 1563 3877 ἐφέσεως,

267 3921 376 4001 θερμῶς
392 3917 529 3995 ἀντιβολῶ
544 3919 605 4002 περὶ
621 3924 667 3981 τοῦ
682 3919 772 3996 νησίον
795 3927 843 3997 τῆς
865 3921 987 4000 Πάτμου,
1009 3918 1056 3980 καὶ
1079 3920 1177 3996 λαβεῖν
1201 3921 1265 3980 οιύτδ
1288 3920 1333 3980 διά
1356 3919 1463 4000 δωρεάς
1486 3919 1563 3994 βασι-

267 4041 350 4118 λικῆς
380 4043 596 4123 παντελείιθερον
620 4041 729 4116 ἐξαιτῶ.
764 4043 863 4103 ἀλλ’δ
885 4063 920 4120 γε
942 4044 1084 4122 κράτιστος
1112 4041 1242 4116 βασιλεῦς
1264 4042 1298 4102 τὰ
1320 4041 1371 4118 μὲν
1393 4047 1444 4117 τῆς
1466 4039 1565 4110 οἰκείας

268 4163 412 4240 είιμενείας
435 4164 586 4238 βασιλικῶς
608 4166 673 4240 ήμῖν
697 4164 788 4225 ἐδίδου
802 4162 849 4224 καὶ
866 4163 1001 4244 δαψιλῶς,
1027 4163 1151 4244 ἐλιπάρει
1176 4162 1200 4224 δ’
1218 4161 1264 4224 οὖν
1287 4165 1364 4238 ὅμως
1386 4163 1435 4240 τήν
1458 4161 1563 4242 οἰκτρό-

266 4307 336 4363 τητα
361 4287 411 4364 τήν
438 4285 507 4362 ἐμὴν
537 4288 652 4362 μονονοῦ
678 4285 724 4348 καὶ
752 4286 835 4362 αῦπὴν
862 4286 910 4362 τῆν
937 4286 1102 4366 στεφηφόρον
1124 4285 1278 4345 ὐποκλίνων
1301 4305 1348 4360 μοι
1370 4285 1506 4364 κεφαλήν,
1530 4285 1564 4354 ὡς

267 4409 306 4484 μὴ
329 4408 399 4468 κατά
420 4409 469 4484 τῆν
495 4409 604 4485 Πάτμον
629 4409 776 4489 ἐκπεράναι
794 4408 829 4468 τά
852 4411 897 4468 τοῦ
916 4411 1028 4486 σκοποῦ,
1051 4405 1235 4480 ἀναδέξασθαι
1259 4405 1290 4466 δέ
1311 4407 1361 4482 τήν
1383 4425 1456 4478 τινος
1479 4404 1564 4485 ὄρους,

267 4525 291 4609 ᾧ
312 4529 411 4605 κλῆσις
433 4527 467 4607 ἦν
491 4531 604 4590 Κελλία
625 4530 673 4590 καί
695 4531 808 4610 Ζαγορά
830 4526 980 4614 (μοναχοῖς
1003 4527 1034 4589 δὲ
1059 4530 1112 4610 ἀρα
1138 4533 1215 4590 τοῦτο
1242 4529 1330 4590 παλαι
1355 4531 1475 4607 πέφυκεν
1497 4527 1564 4588 ἀνα-

267 4649 407 4736 κείμενον)
430 4652 602 4732 πρσοτασίαν.
637 4653 684 4712 καί
719 4673 755 4728 με
778 4651 844 4724 ἴσως
864 4653 994 4711 πέπεικεν
1017 4653 1050 4710 ἀν
1070 4653 1088 4726 ή
1107 4657 1157 4728 τῆς
1180 4651 1326 4728 βασιλικῆς
1350 4651 1564 4729 μεγαλειότητος
1595 4723 1596 4726 ¹
