3228 5294
270 340 311 406 10

268 533 418 615 ἀπέρχεται
441 531 480 605 εἰς
496 537 587 614 ἕτερον
602 535 677 594 λίθον
694 533 846 594 ἐπίπλακον
861 536 933 615 δρον,
956 533 1001 593 τδν
1018 534 1213 609 ἀποβλέποντα
1231 533 1297 613 πρδς
1316 533 1462 612 ἀνατολάς,
1488 534 1516 593 έν
1538 528 1561 612 ᾧ

268 655 314 716 καὶ
337 656 458 736 άνθόριον
483 657 562 736 ἐστίν,
586 657 660 734 ἔχων
683 659 736 729 ἕως
757 661 811 715 τῶν
835 657 924 716 ἐκεῖσε
947 658 1069 736 σωκάρια
1092 654 1134 716 ιδ’.
1173 649 1232 714 εἶτα
1259 657 1378 731 κάμπτει
1399 656 1467 734 πρὸς
1489 655 1560 714 ἀνα-

267 778 362 856 τολάς,
393 775 439 838 καὶ
466 777 610 860 ἀνέρχεται
633 774 733 850 ἔξωθεν
760 783 814 837 τῶν
840 777 967 837 παλαιῶν
996 777 1122 858 μανδρῶν
1152 780 1197 836 τοῦ
1222 778 1448 858 Βαρσακουτινοϋ,
1479 778 1562 855 έτερα

268 902 390 976 σωκάρια
411 898 448 978 κ’,
477 899 505 958 ἐν
528 894 551 978 ᾧ
574 900 669 979 εὑρέθη
696 898 743 959 καὶ
764 899 867 971 λίθινος
890 902 992 979 μαϋρος
1014 900 1087 980 ὅρος,
1116 900 1237 978 σωκάρια
1258 896 1308 959 νθ’.
1352 887 1471 972 κάμπτει
1491 898 1562 976 πρδς

268 1023 354 1102 νότον,
385 1022 533 1103 ἀπέρχεται
561 1022 621 1081 κατ’
646 1023 749 1082 εδθείαν
777 1022 885 1102 άντικρυ
907 1025 953 1080 τοῦ
974 1021 1094 1081 παλαιοῦ
1115 1023 1237 1094 ποταμοῦ
1267 1017 1306 1092 εἰς
1337 1021 1427 1098 ἕτερον
1457 1018 1561 1089 λίθινον

268 1147 369 1223 μοιΰρον
392 1145 463 1223 όρσν,
486 1144 629 1222 ἀνέρχεται
651 1143 712 1202 κατ’
729 1144 833 1204 εὐθεῑαν
855 1143 922 1222 πρός
944 1145 1021 1202 νότον
1042 1140 1081 1212 εἰς
1100 1141 1149 1216 τὴν
1165 1141 1249 1219 ὄχθην
1271 1144 1315 1200 τοῦ
1333 1141 1452 1200 παλαιοῦ
1471 1161 1560 1206 ποτα-

269 1268 331 1344 μοῦ,
355 1267 407 1335 έως
429 1270 483 1324 τῶν
511 1264 578 1344 ἐκεῖ,
610 1267 733 1346 σωκάρια
765 1262 823 1345 μα’,
855 1265 884 1324 ἐν
914 1259 937 1344 ᾧ
969 1265 1065 1344 εὑρέθη
1094 1263 1214 1335 παλαιδς
1239 1261 1318 1334 λίθος
1340 1265 1444 1342 μοιῡροςΙ
1464 1264 1562 1340 μαρδς

269 1389 346 1467 όρος,
379 1385 549 1468 διαχωρίζων
580 1381 656 1458 δεξιά
686 1387 737 1462 μὲν
763 1388 809 1446 τδν
836 1387 955 1446 παλαιόν
978 1385 1115 1464 ποταμόν,
1146 1382 1192 1444 καὶ
1223 1382 1374 1464 εἰσέρχεται
1405 1385 1484 1444 αυτδν
1499 1381 1562 1446 -,καὶ

268 1510 362 1588 κρατεῖ
383 1509 414 1567 τδ
437 1508 500 1568 ου’ντδ
523 1511 719 1587 παραπόταμον
741 1505 788 1568 καὶ
810 1508 859 1580 τὰς
881 1507 955 1579 δίνας
979 1507 1064 1586 δίνας,
1086 1505 1259 1586 περικυκλῶν
1285 1509 1390 1586 τοῦτον,Ι
1410 1505 1561 1585 ἀπέρχεται

269 1632 351 1710 μέχρι
366 1634 415 1706 τῆς
431 1629 563 1706 δημοσίας
578 1629 642 1689 ὁδοῦ
656 1635 706 1705 της
719 1629 834 1706 πλησίον
850 1633 896 1689 τοῦ
911 1625 1092 1710 ξενοδοχείου,
1112 1630 1179 1708 πρδς
1193 1629 1238 1688 τόν
1253 1627 1378 1708 πρόποδα
1392 1617 1438 1687 τοῦ
1454 1627 1561 1706 βουνοῦη

269 1753 342 1830 ἔχων
365 1752 535 1823 ἀνατολικιῖις
558 1754 679 1831 σωκάρια
702 1747 754 1832 ρκ’.
794 1746 852 1811 εἶτα
866 1755 984 1827 κάμπτει
1003 1751 1070 1829 πρδς
1090 1750 1163 1812 διἰσιν
1185 1747 1231 1810 καὶ
1254 1751 1348 1828 κρατεῖ
1362 1749 1414 1813 ,τόν
1436 1747 1563 1828 πρόποδα

267 1878 313 1935 τοῦ
336 1873 415 1934 α’ντοῦ
438 1873 541 1951 βουνοῦ,
572 1873 758 1934 ἐναποκλείων
786 1875 887 1936 ἔσωθεν
914 1875 945 1933 τδ
968 1871 1185 1953 οἰκοπροάστειον
1208 1877 1258 1948 τῆς
1280 1873 1404 1951 Βάρεως,
1433 1868 1481 1930 καί
1504 1870 1566 1929 ἆσέ

269 1999 379 2077 ε’ρχεται
402 1995 441 2067 εἰς
464 1996 494 2055 τδ
518 1995 705 2076 άκρομίντισμα
727 2000 773 2055 τοῦ
796 1995 890 2069 βουνοῦ
916 1998 962 2054 τοῦ
988 1995 1141 2072 λεγομένου
1168 1995 1296 2074 Πελάκη,
1327 1991 1366 2064 είς
1392 1994 1423 2052 τ“ο
1443 1973 1563 2073 Ισίνορόν

267 2121 313 2178 τοῦ
335 2119 504 2198 προαστείου,
532 2118 597 2176 ἔνθα
617 2115 665 2177 καὶ
686 2113 798 2197 ἤρξατο,
827 2117 899 2196 έχων
921 2116 1015 2188 νοπῖως
1037 2118 1159 2194 σωκοίρια
1181 2113 1233 2193 ρα’.
1272 2117 1340 2192 ὁμοῦ
1362 2114 1476 2190 πλάτος,
1501 2113 1563 2188 ἤτοι

269 2241 354 2320 βορρᾶ
376 2238 422 2299 καὶ
444 2241 530 2318 νότου,
562 2241 682 2319 οωκάρια
709 2235 777 2318 ρνη’,
818 2239 849 2298 τδ
877 2240 959 2314 ἥμισυ
987 2238 1087 2297 τούτων
1116 2239 1238 2317 οωκάρια
1268 2234 1317 2296 σθ’.
1363 2231 1484 2310 ἀνατολὴ
1515 2234 1563 2295 καὶ

269 2361 342 2434 δόσις
368 2363 489 2440 σωκάρια
515 2359 587 2440 σπδ’,
614 2361 644 2420 τδ
671 2363 753 2436 ἣμισυ
775 2361 866 2422 τούτου
888 2361 1009 2439 σωκάρια
1032 2357 1106 2440 ρμβ’·
1145 2361 1212 2434 ὁμοῦ
1233 2356 1339 2432 πλάτος
1361 2361 1482 2438 σωκάρια
1510 2358 1563 2438 σθ’,

269 2489 358 2559 μῆκος
373 2484 494 2562 οωκάρια
509 2478 583 2562 ρμβ’,
600 2481 702 2558 μοδίων
721 2481 948 2559 πεντακισχιλίων
969 2477 1117 2554 ἑξακοσίων
1134 2481 1223 2560 ἐννέα,
1242 2479 1288 2540 σὺν
1302 2486 1352 2556 τἠς
1368 2476 1564 2562 ἀναρυσθείσης

270 2612 323 2684 γῆς
344 2605 419 2684 παρὰ
441 2609 487 2664 τοῦ
509 2602 653 2680 οἰκονόμου
676 2604 728 2664 ἀπδ
751 2607 796 2663 τοῦ
823 2602 981 2684 προαστείου
1004 2601 1136 2677 Λιβαδίου
1164 2608 1249 2679 μονῆς
1275 2609 1329 2662 τῶν
1349 2601 1485 2683 Ὀρόβων,
1515 2601 1564 2662 καὶ

269 2728 533 2810 συμπεριοριοθείσης
548 2727 594 2788 καὶ
611 2727 800 2809 μετρηθείσης,
818 2727 912 2806 εὑρέθη
930 2727 1030 2803 ἔχουσα
1046 2725 1151 2798 πλάτος
1166 2725 1234 2804 πρὸς
1251 2724 1350 2804 βορρᾶν
1370 2727 1492 2803 σωκάρια
1515 2723 1564 2803 ιη’,
1603 2757 1604 2762 1

270 2853 345 2912 νότον
368 2853 490 2930 σωκάριοι
504 2849 546 2931 ς’,
570 2854 659 2925 μῆνας
673 2850 744 2909 κατὰ
760 2848 930 2928 μεσημβρίαν
947 2849 1069 2928 σωκοίρια
1085 2844 1140 2908 λε’.
1176 2847 1243 2922 δμοῡ
1256 2846 1362 2918 πλάτος
1376 2849 1498 2927 σωκάριοι
1516 2845 1564 2927 ιβ’,

270 2980 359 3052 μῆκος
381 2977 504 3054 σωκάρια
524 2969 587 3053 λς’,
610 2971 711 3047 μοδίων
734 2968 801 3046 σις’.
844 2971 925 3050 έτέρα
946 2975 983 3048 γῆ
1008 2966 1107 3041 ἔξωθεν
1130 2971 1176 3028 τοῦ
1198 2968 1316 3028 τοιοίιτου
1337 2969 1564 3048 περιορισμοῦ,’ἡ

270 3097 410 3175 λεγομένη
433 3099 482 3170 τῆς
505 3093 617 3172 Γωνίας,
641 3091 688 3153 καὶ
711 3094 839 3172 σόνεγγυς
863 3093 961 3173 μέρους
983 3094 1030 3150 τοῦ
1045 3090 1181 3150 Ὀλύνθου
1202 3089 1371 3169 διακειμένη,
1395 3089 1498 3164 μοδίων
1522 3087 1563 3162 ξζ’

269 3220 360 3294 ἥμισυ.
399 3217 466 3292 ὁμοῦ
491 3217 510 3292 ἡ
538 3213 630 3275 άπασα
656 3219 692 3293 γῆ
719 3215 836 3293 ίιπεργος
865 3216 912 3274 τοῦ
942 3209 1161 3293 οίκοπροαοτείου
1191 3217 1241 3289 τῆς
1269 3213 1392 3292 Βάρεως,
1424 3213 1487 3272 άνευ
1517 3217 1564 3272 τοῦ

271 3339 358 3418 δρους,
383 3337 483 3413 μοδίων
504 3331 594 3418 ,εχος’
615 3337 709 3411 ἥμισυ·
735 3336 811 3406 έντδς
834 3335 866 3394 δέ
888 3338 934 3396 τοῦ
955 3333 1073 3394 τοιούτου
1095 3337 1268 3413 περιορισμοῦ
1290 3331 1336 3392 καὶ
1358 3339 1411 3392 τῶν
1435 3332 1492 3408 σις’
1508 3355 1564 3408 μο-

272 3460 336 3520 δίων
362 3463 412 3535 τῆς
439 3457 632 3538 οἰναρυσθείοης
658 3462 712 3534 γῆς
739 3456 813 3539 παρὰ
839 3461 886 3516 τοῦ
913 3455 1056 3531 οἰκονόμου
1087 3455 1140 3514 άπδ
1169 3460 1222 3514 τῶν
1253 3455 1364 3515 δικαίων
1391 3439 1480 3532 μονῆς
1509 3462 1565 3538 τῷν

272 3581 396 3661 Ὀρόβων
427 3581 523 3660 εὑρέθη
554 3581 763 3659 καθαρπαγεῑσα
790 3585 826 3658 γῆ
849 3579 923 3658 παρὰ
945 3583 995 3653 τῆς
1019 3577 1101 3652 αὐτῆς
1125 3582 1220 3655 μονῆς,
1249 3577 1287 3648 ὡς
1314 3575 1339 3637 οἱ
1364 3579 1500 3656 πάροικοι
1516 3575 1566 3638 κὀιὶ

272 3705 287 3762 ό
314 3701 494 3783 πρεσβύτερος
522 3701 636 3777 Μόσχος
665 3699 712 3760 καὶ
742 3701 757 3760 ό
787 3702 1018 3781 πρωτσκουράτωρ
1047 3702 1094 3758 τοῦ
1123 3698 1198 3758 οἴκου
1226 3705 1275 3774 τῆς
1302 3695 1415 3778 Βάρεως
1444 3679 1565 3775 ἐξεῖπον,

271 3827 330 3900 ἥτις
352 3823 399 3883 καὶ
419 3821 482 3902 παρ’
498 3805 577 3898 ἡμῶν
600 3824 649 3882 οὒκ
671 3822 855 3902 ἁνεμετρήθη·
880 3821 983 3901 έρειλει
1005 3821 1037 3880 δὲ
1057 3821 1182 3899 γενέσθαι
1204 3821 1308 3900 ἔρευνα,
1331 3819 1378 3880 καὶ
1396 3821 1566 3901 χωρισθῆναι

272 3949 286 4007 ό
308 3955 426 4017 τοιοῦτος
448 3946 529 4016 τόπος
552 3944 622 4020 μετὰ
643 3944 730 4018 τιμίου
752 3947 874 4023 σταυροῦ,
897 3940 943 4002 καὶ
965 3940 1152 4022 παραδοθῆναι
1171 3939 1218 4000 καὶ
1236 3942 1333 4017 ταύτην
1352 3929 1419 4023 πρός
1434 3942 1464 4003 τό
1480 3943 1566 4020 μέρος

271 4073 317 4129 τοῦ
340 4069 466 4129 αθθέντου
487 4069 576 4147 ἡμῶν,
599 4067 692 4138 καθὼς
714 4063 950 4146 προσετάχθημεν.
985 4065 1041 4125 ἔστι
1056 4063 1102 4124 καί
1118 4065 1133 4124 ὁ
1147 4065 1319 4143 περιορισμδς
1338 4069 1387 4138 τῆς
1401 4061 1566 4139 νομαδιαίας

272 4190 318 4250 καὶ
341 4190 449 4270 όρεινῆς
470 4195 523 4268 γῆς
545 4193 590 4248 τοῦ
613 4191 692 4249 αὺτοῦ
715 4187 935 4268 οίκσπροαστείου
958 4181 1050 4258 οὗτος·
1079 4187 1192 4266 άρχετοιι
1220 4186 1273 4245 ἀπό
1299 4190 1353 4244 τῶν
1378 4164 1495 4265 συνόρων
1517 4177 1565 4245 τοῦ

273 4313 433 4393 προαστείου
458 4312 591 4373 Ὀλύνθου
618 4310 664 4372 καὶ
692 4311 745 4371 ἀπό
772 4317 825 4370 τῶν
851 4309 977 4369 παλαιῶν
1005 4309 1141 4388 άλωνίων,
1170 4308 1198 4366 έν
1222 4300 1244 4386 ᾧ
1266 4304 1313 4366 καὶ
1337 4288 1456 4386 ρίζιμαία
1477 4278 1566 4386 πέτρα

274 4435 385 4512 μεγάλη
408 4433 522 4514 ἵσταται,
545 4435 686 4513 λεγομένη
702 4433 786 4507 Καλὴ
804 4432 904 4511 Πέτρα,
931 4429 978 4491 καὶ
1001 4430 1151 4510 ἀπέρχεται
1173 4429 1203 4488 τ“ο
1227 4429 1395 4508 ἀναρρίιακον
1418 4426 1494 4506 όλον,
1515 4427 1566 4486 καὶ

275 4557 425 4636 ἀπέρχεται
447 4557 529 4636 μέχρι
551 4559 596 4615 τοῦ
618 4557 700 4614 πάτου
722 4557 768 4613 τοῦ
789 4553 944 4632 λεγομένου
968 4551 1153 4632 Ἀγριοελαία,
1177 4552 1206 4610 ἐν
1229 4545 1251 4630 ᾧ
1273 4547 1320 4610 καὶ
1341 4551 1427 4629 πέτρα
1450 4549 1564 4626 μεγάλη

272 4679 378 4739 ίσταται
400 4675 439 4750 είς
461 4677 509 4753 τὴν
532 4676 606 4757 ῥίζαν
628 4681 678 4752 τῆς
699 4675 874 4755 ἀγριελαίας·
900 4669 958 4734 εἶτα
980 4675 1097 4748 κάμπτει
1118 4675 1186 4754 πρός
1206 4672 1290 4754 δόσιν,
1313 4675 1408 4752 κρατεῖ
1427 4672 1457 4730 τδ
1477 4670 1564 4750 ἀναρ-
