3186 5286
1265 381 1329 447 385

51 577 249 656 όακρινομένη,
280 577 319 646 ῶς
347 574 544 648 αὑτοδέσποτσς
571 573 619 636 καί
645 574 815 648 σὺτεξοὺοιος
841 577 900 650 ἅμα
929 581 963 658 πή
992 577 1069 654 νήσῳ
1097 579 1170 658 πάσῃ
1200 575 1248 636 καί
1273 581 1330 649 τοῖς

49 697 108 758 κατὰ
133 697 278 776 διαφόρους
304 697 402 769 τόπους
429 696 630 780 εὑρισκομένοις
656 695 796 776 μετοχίοις
823 699 906 772 αὑτῆς
933 697 1110 780 διατελοὺσα,
1141 697 1215 758 καθά
1240 697 1288 759 καὶ
1314 699 1329 756 ό

48 820 107 879 κατὰ
129 819 241 900 καιροὺς
262 820 470 899 καθηγούμενος
493 821 576 894 αὑτῆς
598 816 696 894 μηδενὶ
719 814 803 898 οἷλλῳ
826 819 1004 896 ὑποκείμενος
1024 815 1161 900 προσάκιῳ
1186 819 1329 900 ἱερωμένῳ

47 943 212 1022 ήκοσμικῷ,
240 941 317 1002 ἀλλὰ
338 943 387 1017 τὴν
409 942 608 1022 πατριαρχικήν
636 943 722 1018 μόνην
750 941 954 1020 μεγαλειότητα
980 942 1106 1022 κεφαλὴν
1133 942 1329 1022 ἐπιγινώσκων,

47 1062 171 1144 διεξάγων
193 1083 224 1124 τε
246 1061 437 1138 πνευματικῶς
459 1065 520 1134 τοὺς
539 1085 570 1124 τε
593 1065 824 1139 ουνασκουμένους
848 1063 877 1122 ἐν
897 1069 931 1146 τῇ
954 1069 1024 1146 μονῇ
1047 1064 1167 1144 πατέρας
1188 1066 1235 1122 καὶ
1257 1065 1328 1124 ποίν-

45 1207 84 1256 τας
111 1187 174 1257 τοὺς
206 1185 289 1260 αὑτήν
318 1186 368 1260 τήν
397 1191 479 1260 νῆσον
509 1183 650 1257 οἰκοῦντος
683 1184 729 1245 καί
760 1185 822 1258 τοὺς
851 1185 1093 1266 προοκαόημένους
1132 1186 1160 1245 ἐν
1195 1187 1251 1258 τοῖς
1279 1191 1329 1262 τῆς

45 1313 121 1383 μονής
147 1310 269 1383 κτήμασι
296 1305 344 1368 καὶ
369 1309 511 1388 πράγμασι
532 1305 579 1366 καὶ
607 1308 656 1381 τήν
682 1307 867 1383 πνευματικήν
893 1308 993 1367 τοὺτων
1021 1309 1094 1386 ἔχων
1120 1307 1256 1387 ἀνάκρισιν
1282 1305 1330 1366 καὶ

45 1429 165 1506 διοίκησιν
192 1427 240 1490 καί
265 1429 415 1505 ποιμαίνων
438 1429 533 1500 αὑτοὺς
556 1427 790 1506 ἐκκλησιαστικῶς
811 1430 883 1490 κατὰ
904 1429 953 1506 τὴν
977 1430 1089 1490 ἐνοῦσαν
1112 1429 1183 1510 αὑτῷ
1206 1429 1328 1506 δὺναμιν.

44 1553 98 1610 όταν
121 1551 153 1612 δὲ
179 1551 264 1632 χρεία
285 1553 397 1630 γε’νςται
424 1552 601 1630 χειροτονίας,
630 1553 729 1628 ἔχωσιν
756 1551 798 1612 ἐπ’
823 1551 918 1623 ἀδείας
944 1551 969 1614 οἱ
993 1553 1186 1630 ἐνασκοὺμενοι
1214 1554 1330 1632 πατέρες

43 1676 213 1754 προσκαλεῖν,
239 1676 270 1734 όν
297 1677 329 1733 άν
357 1673 525 1750 ἐθελήσωσιν
553 1673 586 1734 ἐκ
607 1679 661 1734 τῶν
685 1673 835 1754 ἀρχιερέων
859 1672 902 1734 ἐπὶ
924 1672 962 1753 τῷ
987 1675 1111 1735 ἐκτελεῖν
1133 1675 1183 1748 τὰς
1204 1696 1328 1755 χειροτο-

42 1795 93 1868 νίας
109 1799 196 1856 αἰτῶν
212 1796 283 1872 μετὰ
302 1799 392 1870 πάσής
412 1801 463 1872 τής
484 1802 630 1872 κανονικῆς
651 1799 879 1876 παρατηρήσεως,
902 1795 1041 1856 ἀλλὰκαὶ
1058 1797 1087 1856 ἐν
1101 1799 1226 1876 στερήσει
1242 1798 1328 1875 ήγου-

43 1920 117 1991 μένου
142 1921 288 1998 γενόμενοι
319 1917 446 1996 ἐκλέγειν
472 1918 535 1976 καθ’
563 1917 674 1989 ἐαυτοὺς
700 1915 747 1977 καὶ
773 1917 952 1998 προχειρίζειν
982 1923 1060 1999 κοινῇ
1087 1919 1186 2000 γνώμῃ
1218 1919 1265 1978 ἕνα
1297 1919 1329 1978 ἐκ

42 2046 85 2116 τῆς
113 2039 238 2110 συνοδίας
268 2038 364 2118 αὑτῶν,
395 2041 440 2098 τόν
471 2037 545 2111 άξισν
577 2035 814 2119 ἀναρανησόμενον
845 2037 891 2098 καί
917 2043 1009 2099 τοῦτον
1037 2039 1220 2100 ἀποκαθιστᾶν
1242 2041 1329 2120 ήγοὺ-

42 2183 118 2234 μενον
146 2161 265 2238 μηδενός
292 2163 322 2220 τό
348 2163 476 2240 παράπαν
505 2158 606 2233 ἔξωθεν
635 2161 834 2242 ἐπιχειροῦντος
860 2160 1090 2238 κατεπεμβαίνειν
1117 2165 1257 2224 όπιὺοποτε
1279 2168 1329 2240 τῆς

41 2290 121 2360 μονῆς
148 2285 258 2363 ταὺτής,
287 2284 414 2362 ἐνοχλεῖν
436 2303 466 2344 τε
493 2282 540 2342 καί
567 2285 728 2366 ἐπηρεάζειν
756 2283 892 2364 οίῳδήτινι
919 2287 1009 2366 τρόπῳ
1031 2285 1093 2358 τοὺς
1115 2285 1329 2362 ἐνασκουμένους

40 2407 155 2486 πατέρας
184 2405 232 2466 καὶ
261 2405 382 2466 ἐπαιτεῖν
408 2405 479 2466 πολὺ
506 2408 524 2480 ἢ
552 2405 648 2485 ὀλίγον
675 2409 694 2482 ή
722 2406 755 2466 ἐκ
780 2412 834 2466 τῶν
862 2407 1056 2488 άριερωμάτων
1086 2405 1132 2466 καὶ
1161 2409 1330 2488 πραγμάτων

42 2527 83 2586 καὶ
104 2527 246 2608 προσόδων
268 2533 318 2602 τῆς
341 2533 427 2602 μονής
448 2529 588 2608 ἅπτεσθαι,
611 2529 650 2600 ὡς
673 2529 821 2606 βασιλικῆς
842 2527 890 2590 καί
912 2534 1111 2610 πατριαρχικῆς
1132 2526 1180 2588 καί
1202 2529 1330 2590 ἀσυδότου

42 2647 84 2708 καὶ
112 2650 263 2730 ἐλευθέρας
292 2647 388 2730 οὔσης,
418 2649 490 2708 καθά
513 2647 729 2726 διαλαμβάνουσι
759 2651 793 2710 τὰ
821 2649 883 2731 περὶ
913 2651 997 2728 αὑτῆς
1028 2650 1221 2732 ὑπομνήματα,
1257 2650 1331 2728 ήδέ

41 2771 141 2846 όσιότης
174 2772 262 2831 αὑτῶν
292 2771 389 2854 όρείλῃ
418 2771 606 2832 πολιτεύεσθαι
637 2773 783 2846 εὑτάκτως,
817 2775 955 2852 σορρόνως
987 2793 1017 2832 τε
1050 2771 1098 2833 καί
1130 2773 1252 2848 κοσμίως
1283 2770 1331 2831 καὶ

40 2893 106 2952 κατά
133 2893 180 2953 τόν
210 2893 291 2953 τὺπον
317 2896 365 2952 τοὺ
394 2893 542 2970 μοναδικοὺ
571 2895 657 2954 αὑτῶν
688 2893 902 2972 ἐπαγγέλματος
931 2892 978 2953 καί
1008 2895 1235 2971 συναγωνίζεσθαι
1263 2893 1330 2973 ὑπὲρ

39 3021 85 3092 τῆς
111 3015 286 3090 βελτιώσεως
312 3013 360 3075 καί
388 3012 528 3090 αὑξήσεως
549 3021 599 3092 τῆς
622 3015 768 3091 μετανοίας
790 3016 877 3074 αὑτῶν
901 3021 1096 3096 σεμνοπρεπῶς
1118 3016 1331 3090 ὑποτασσόμενοι

38 3157 75 3214 τῳ
100 3137 302 3217 καθηγουμένῳ
329 3138 415 3196 αὑτῶν
443 3135 490 3197 καὶ
512 3137 577 3217 παρ’
600 3137 711 3210 οὑδενός
734 3137 824 3198 άλλου
846 3137 1061 3218 ἐπηρεαζόμενοι
1087 3136 1159 3196 κατὰ
1180 3135 1229 3207 τὰς
1251 3133 1330 3218 πἐρι-

38 3259 135 3338 λήψεις
161 3265 216 3320 τῶν
242 3260 419 3338 παλαιγενῶν
446 3259 597 3335 βασιλικῶν
624 3258 838 3340 χρυσοβοὺλλων
864 3257 910 3320 καὶ
937 3264 991 3318 τῶν
1012 3264 1214 3340 πατριαρχικῶν
1237 3259 1330 3338 σιγιλ-

38 3381 145 3442 λιωδῶν
160 3383 343 3462 γραμμάτων,
367 3382 444 3440 άτινα
467 3379 555 3453 ἕξουσι
576 3381 607 3440 τό
631 3385 710 3460 κῦρος
731 3378 779 3440 καί
802 3381 850 3456 τήν
873 3379 950 3459 ίοχὺν
973 3379 1013 3453 είς
1037 3377 1123 3440 αίῶνα
1144 3381 1190 3440 τὀν
1214 3381 1329 3444 ἅπαντα.

37 3503 68 3574 ’ἐς
91 3502 113 3562 δ’
130 3504 164 3562 άν
187 3502 235 3563 καὶ
257 3504 350 3574 όποῖος
371 3509 425 3562 τῶν
448 3502 572 3562 ἁπάντων
594 3502 722 3584 τολμήσῃ
745 3501 876 3578 άόετήσαί
897 3521 922 3562 τι
943 3507 997 3562 τῶν
1021 3503 1050 3562 ἐν
1072 3500 1111 3581 τῷ
1132 3505 1244 3584 παρόντι
1266 3523 1330 3562 συν-

38 3623 136 3697 οδικῶς
164 3625 378 3705 ἐκπερασμένων
406 3621 455 3684 καί
485 3625 547 3683 καθ’
571 3622 722 3700 οίονόήτινα
752 3624 850 3704 τρόπον
876 3623 1033 3704 παραβῆναι
1063 3622 1111 3684 καί
1141 3624 1250 3702 βλάβην
1273 3625 1332 3686 τινὰ

37 3745 84 3804 καί
110 3747 241 3826 ἐπήρειαν
264 3745 425 3827 ἐπιχειρήσῃ
447 3742 613 3826 προξενήσαι
635 3745 674 3824 τῷ
697 3744 761 3825 ἱερῷ
784 3747 868 3826 τούτῳ
890 3745 1057 3826 καταγωγίῳ
1080 3750 1098 3823 ή
1120 3749 1176 3819 τοῖς
1199 3747 1331 3806 ἐνασκου-

38 3871 130 3942 μένοις
162 3869 321 3940 όσιωτάτοις
353 3869 469 3949 πατράσι
502 3865 550 3928 καί
588 3865 663 3939 όλως
701 3867 882 3946 παραβλάψαι
915 3867 949 3928 τά
983 3867 1209 3947 ἐπιχορηγημένα
1242 3868 1332 3940 αὑτοῖς

37 3989 189 4064 βασιλικῶς
203 4010 234 4050 τε
256 3989 304 4050 καί
326 3989 559 4065 ἐκκλησιαστικῶς
580 3988 723 4068 προκόμια,
747 3991 762 4048 ό
785 3993 903 4062 τοιοῦτος
926 3991 965 4063 ὡς
986 3989 1174 4068 κακόβουλος,
1198 3988 1331 4069 ἰδιόρρυὺ-

37 4133 89 4186 μος
118 4111 166 4172 καί
195 4113 367 4191 κακότροπος
398 4108 583 4190 ἀφωρισμένος
612 4110 722 4194 ὑπάρχῃ
751 4112 826 4192 παρὰ
854 4118 905 4190 τής
931 4111 1012 4192 άγίας
1041 4111 1089 4172 καί
1114 4112 1256 4188 όμοουσίου
1285 4111 1332 4172 καὶ

36 4237 170 4305 ζωαποιοῦ
192 4233 239 4294 καί
260 4233 412 4315 ἀδιαιρέτου
429 4233 567 4314 μακαρίας
589 4233 698 4313 τριάδος
719 4231 767 4292 καί
788 4237 978 4314 κατηραμένος
999 4233 1046 4295 καί
1069 4235 1264 4316 ἀσυγχώρητος
1286 4232 1332 4293 καί

35 4359 136 4430 πάσαις
157 4359 218 4428 ταῖς
239 4359 382 4437 πατρικαῖς
403 4353 451 4415 καὶ
473 4355 627 4426 συναδικαῖς
650 4353 727 4435 ἀραῖς
750 4355 892 4426 ὑπεύθυνος
918 4352 966 4414 καὶ
990 4355 1086 4434 ἔνοχος
1112 4360 1157 4415 τοῦ
1179 4358 1261 4437 πυρός
1283 4361 1332 4431 τῆς

34 4479 153 4557 γεέννης
179 4476 227 4538 καὶ
254 4477 293 4558 τῷ
320 4475 420 4558 αἰωνίῳ
448 4476 596 4553 άναθέματι
628 4477 763 4550 ὑπόδικος.
795 4477 856 4537 όθεν
885 4474 923 4547 εἰς
952 4473 1064 4549 ἔνδειξιν
1093 4477 1203 4556 ἐγένετο
1229 4475 1276 4538 καὶ
1302 4479 1332 4538 τό

33 4603 124 4680 παρὀν
150 4600 286 4679 ἡμέτερον
312 4601 508 4680 πατριαρχικόν
534 4599 582 4658 καί
608 4598 745 4658 συνοδικόν
774 4599 963 4680 ἐπικυρωτικόν
991 4599 1167 4679 σιγιλλιῶδες
1197 4601 1226 4659 ἐν
1256 4621 1332 4678 μεμ-

34 4719 152 4802 βράνας
178 4723 296 4801 γράμμα
325 4720 377 4780 κόν
404 4721 442 4800 τῷ
470 4719 534 4800 ἱερῷ
561 4721 752 4800 καταστρωὺὲν
782 4721 879 4782 κὼόικι
908 4728 959 4799 τῆς
985 4725 1032 4782 τοὺ
1059 4723 1173 4803 Χριστοῦ
1203 4724 1334 4802 μεγάλης

1145 4827 1178 4876 25
