3184 5288
220 356 283 420 132

218 547 262 608 ἐπὶ
285 547 323 626 τῷ
345 545 457 625 τοιούτῳ
479 546 607 624 ἀκινήτῳ,
632 545 709 604 ἀλλά
733 543 806 620 μηδὲ
830 543 871 623 ἐφ’
894 543 1025 627 σίφιδήτινι
1048 543 1162 626 ἐπηρείᾳ
1184 543 1285 603 τοότων
1308 541 1520 619 ἐπηρεάζεσθαι.

218 669 265 729 καί
286 669 380 728 τούτου
401 669 551 744 γενομένου
573 668 604 727 οὺ
626 665 786 740 παυσόμεθα
813 665 1007 744 θπερεὺχεοθαι
1034 669 1084 738 τῆς
1105 669 1239 744 κραταιᾶς
1260 661 1307 724 καί
1331 661 1413 740 ἁγίας
1436 661 1519 734 βασι-

219 791 299 862 λείας
321 811 378 868 σου,
399 782 435 864 ἧς
458 791 496 860 ὡς
519 787 612 848 δοῦλοι
635 785 740 860 ἀνάξιοι
762 784 951 862 τολμήσαντες
976 785 1139 862 ἐδεήθημεν.
1163 787 1185 865 †

221 1001 321 1070 Λόσις
349 1001 407 1056 τοῦ
436 999 680 1077 αὐτοκράτορος
711 992 860 1067 Ἀλεξίου
890 993 917 1071 γ’
942 995 1118 1070 Κομνηνοῦ
1153 995 1362 1054 ἀπολυθεῖσα
1396 990 1449 1052 έπί
1481 999 1523 1072 τῆ

309 1120 492 1193 ὑπομνήσει
516 1117 680 1196 Ἀρσενίου
703 1107 852 1194 μοναχοῦ
873 1117 931 1176 καί
952 1117 1208 1196 καθηγουμένου
1231 1121 1290 1193 τῆς
1313 1121 1429 1190 μονῆς.

326 1278 347 1355 †
370 1276 405 1334 ‘H
429 1271 558 1348 βασιλεία
580 1293 633 1347 μου
656 1274 714 1347 ἅμα
737 1272 788 1348 μὲν
810 1271 857 1332 καί
879 1271 928 1346 τῆν
950 1273 1013 1331 καθ’
1029 1272 1101 1347 ὑμαῖς
1123 1271 1275 1348 σεβασμίων
1299 1272 1384 1346 μονήν
1407 1269 1525 1344 ἐμπλα-

223 1399 345 1456 τόνεοθαι
374 1396 505 1474 θέλουσα,
536 1396 595 1469 ἅμα
625 1393 656 1453 δὲ
686 1391 732 1454 καί
762 1395 792 1453 τδ
823 1393 900 1464 ἐντός
930 1393 1101 1469 δηλούμενον
1131 1393 1311 1473 ἀνεγερθῆναι
1341 1393 1525 1470 μοναστήριον

222 1518 296 1598 παρά
326 1523 373 1577 τοῦ
406 1517 614 1596 θεοφιλεστάτου
649 1513 754 1574 ἐκείνου
788 1513 935 1574 ἐπισκόπου
962 1514 1139 1592 Καλαμνῶν,
1171 1519 1217 1574 τοῦ
1248 1515 1332 1594 Ἀρά,
1368 1517 1527 1590 μοναχικῆς

227 1639 393 1710 ἀκολουθίας
424 1636 580 1713 βουλομένη
610 1638 720 1716 κρατεῖν
753 1634 800 1694 καί
830 1636 868 1710 μὴ
899 1635 974 1715 παρὰ
999 1643 1138 1710 κοσμικῶν
1165 1634 1212 1694 καὶ
1238 1634 1345 1694 λαῖκῶν
1373 1635 1527 1713 ἀνθρώπων

226 1758 411 1839 διεξάγεσθαι,
435 1759 465 1832 ἐξ
488 1754 525 1818 ιῖιν
548 1760 676 1838 ὑφορᾶται
698 1757 819 1838 γίνεσθαι
843 1755 886 1816 ἐπὶ
908 1760 965 1828 τοῖς
986 1757 1124 1836 τοιούτοις,
1148 1756 1300 1818 τοίιναντίον
1323 1755 1355 1816 δέ
1384 1803 1527 1817 .....

227 1884 344 1963 ἀφορίζει
368 1882 431 1941 αἰκιό
446 1902 476 1940 τε
498 1881 529 1940 τδ
552 1883 731 1960 μοναστήριον
752 1877 800 1939 καί
821 1881 851 1938 τδ
874 1877 917 1939 ὑπ’
934 1880 997 1939 αθτδ
1021 1879 1157 1960 ἀκίνητον,
1179 1881 1210 1938 τδ
1233 1879 1403 1954 καλοίιμενον
1427 1877 1528 1954 Νησίν,

225 2010 260 2088 τῆ
280 2004 343 2064 καθ’
359 2005 435 2078 ἡμᾶς
456 2002 594 2083 σεβασμίᾳ
617 2009 687 2084 μονῇ
711 2001 781 2076 μετὰ
803 2003 893 2075 πάσης
914 2007 964 2078 τῆς
985 2007 1118 2080 περιοχῆς
1141 2001 1227 2060 αἰιτῶν
1249 1999 1297 2059 καὶ
1320 2000 1530 2079 διανρατήσεως

149 2171 154 2180 .
226 2124 274 2184 καί
299 2131 353 2183 τῶν
381 2125 455 2184 όλων
482 2125 582 2183 τούτων
610 2122 721 2182 δικαίων
748 2121 795 2181 καί
821 2123 974 2202 προνομίων
997 2121 1044 2180 καί
1066 2127 1116 2198 τῆς
1137 2129 1191 2182 τῶν
1213 2119 1391 2196 τελεσμάτων
1414 2141 1529 2195 συμποι-

228 2248 304 2317 θείας
325 2251 385 2322 τῆς,
402 2247 441 2316 ὡς
456 2245 638 2324 θπεμνήσατε,
663 2243 707 2303 διά
728 2241 936 2322 χρυσοβοίιλλου
958 2243 1045 2320 λόγου
1067 2247 1113 2302 τοῦ
1134 2242 1419 2323 προβεβασιλευκότος
1443 2243 1530 2301 αὑτα-

229 2368 331 2446 δέλφου
366 2373 416 2441 τῆς
454 2363 597 2439 βασιλείας
632 2385 683 2440 μου
725 2364 969 2440 ἀπονενεμημένης
1006 2363 1097 2442 αἰιτῷ·
1135 2363 1182 2423 καὶ
1219 2363 1361 2445 διορίζεται
1399 2363 1444 2423 διὰ
1481 2369 1532 2438 τῆς

228 2489 366 2567 παρούσης
387 2484 572 2566 προστάξεως,
595 2487 646 2545 ὑπό
668 2487 716 2560 τὴν
739 2487 802 2545 καθ’
825 2486 896 2560 ὑμᾶς
923 2487 1009 2562 μονὴν
1035 2489 1082 2545 τοῦ
1104 2487 1284 2563 ῆγαπημένσυ
1308 2485 1452 2564 Θεολόγου
1484 2485 1534 2544 καί

229 2613 312 2669 ταῦτα
338 2608 430 2667 τελεῖν
457 2605 503 2666 καὶ
529 2607 604 2688 παρά
624 2581 677 2668 ’τοῦ
705 2608 805 2688 μέρους
833 2608 914 2682 αἰιτῆς
942 2608 1100 2666 διοικεῖσθαι
1126 2609 1157 2666 τδ
1184 2607 1237 2666 ἀπό
1265 2607 1344 2668 τοῦδε
1365 2604 1413 2666 καί
1436 2603 1479 2678 εἰς
1502 2607 1534 2665 τ“ο

234 2728 308 2809 έξῆς,
332 2731 485 2808 θεαρέστως
508 2730 600 2803 μέντοι
626 2727 672 2787 καί
699 2729 770 2788 κατὰ
794 2729 948 2805 μοναχικῆν
974 2731 1168 2806 παρατήρησιν,
1196 2725 1243 2788 καί
1264 2723 1386 2805 γίνεσθαι
1409 2726 1461 2802 μὲν
1486 2727 1534 2786 καί

231 2855 280 2926 τὴν
299 2855 346 2911 τοῦ
362 2849 542 2930 μοναστηρίου
558 2848 713 2925 οἰκονομίαν
738 2851 845 2909 ἀπασαν
867 2849 1059 2928 φωταγωγίαν,
1082 2844 1251 2927 λυχνοκαίαν
1273 2847 1320 2909 καὶ
1342 2847 1443 2923 λοιπὴν
1469 2849 1533 2908 ἑπι-

233 2973 349 3048 μέλειαν
379 2978 428 3047 τῆς
454 2992 484 3030 τε
513 2970 663 3047 ἐκκλησίας
693 2969 739 3030 καί
770 2977 824 3030 τῶν
855 2971 985 3050 μοναχιῖιν
1018 2972 1071 3031 ἀπδ
1100 2977 1150 3048 τῆς
1180 2970 1285 3032 εἰσόδου
1314 2975 1360 3031 τοῦ
1390 2971 1434 3030 ὑπ’
1468 2973 1534 3030 αὺτδ

233 3093 359 3168 ἀκινήτου
392 3091 439 3150 καί
468 3099 522 3151 τῶν
548 3093 609 3152 κατ’
639 3093 703 3152 αίιτδ
733 3092 901 3170 ἀνελλιπῶς,
930 3092 1109 3171 ἀποφέρεσθαι
1138 3093 1169 3152 δὲ
1191 3094 1241 3168 τἠν
1263 3093 1325 3152 καθ’
1348 3093 1419 3168 ὑμᾶς
1442 3094 1534 3167 σεβα-

232 3215 313 3288 σμίαν
337 3215 422 3288 μονήν
444 3213 492 3288 τὴν
523 3219 572 3288 τῆς
602 3211 707 3274 εἰσόδου
734 3209 886 3293 περίσσειαν
918 3212 957 3285 είς
984 3212 1087 3274 οἰκείαν
1112 3213 1290 3293 περιποίησιν.
1319 3214 1428 3274 εἰιδοκεῖ
1455 3214 1489 3273 δὲ
1517 3215 1535 3288 ή

234 3333 361 3410 βασιλεία
389 3355 440 3408 μου
473 3334 618 3413 ἐφοροῖσθαι
649 3335 719 3410 ὑμᾶς
748 3336 810 3395 ὅσον
840 3334 885 3394 ἐπὶ
913 3336 1025 3409 τούτοις,
1057 3335 1131 3415 παρά
1160 3340 1206 3395 τοῦ
1236 3335 1308 3395 κατὰ
1340 3337 1389 3411 την
1424 3336 1559 3415 ἡμέραν·

235 3458 360 3531 μυστικοῦ
386 3459 432 3514 τοῦ
455 3457 575 3534 σήμερον
596 3455 644 3529 τῆν
667 3460 720 3516 τῶν
743 3453 1023 3532 τοιοίιτωνδιοίκησιν
1047 3457 1170 3535 ἔχοντος,
1191 3457 1347 3536 ὀφείλοντος
1366 3457 1535 3533 ὑπεκστῆναι

233 3581 268 3656 τῆ
300 3575 362 3635 καθ’
387 3575 457 3650 ὑμᾶς
491 3580 560 3656 μονῇ
593 3582 644 3652 τῆς
673 3583 796 3654 κατοχῆς
829 3579 931 3648 παντός
965 3577 1138 3656 διαφέροντος
1170 3577 1210 3656 τῷ
1239 3576 1411 3656 διαληφθέντι
1443 3599 1536 3652 μονα-

235 3693 334 3776 στηρίῳ
361 3694 408 3754 καὶ
437 3695 476 3772 τῷ
505 3695 624 3775 ἀκινήτῳ
655 3695 701 3756 καὶ
732 3697 917 3776 ἀναστρέψαι,
941 3697 968 3756 εί
988 3719 1013 3756 τι
1043 3699 1095 3757 ἀπό
1124 3705 1179 3758 τῶν
1207 3697 1319 3758 εἰσόδων
1342 3698 1430 3758 αἰτῶν
1462 3697 1535 3758 ἀπο-

235 3816 380 3876 λέλειπται
407 3817 491 3896 τοίιτῳ
519 3818 580 3892 μεθ’
602 3816 771 3898 ὑπεξαίρεσιν
800 3825 853 3877 τῶν
884 3819 1074 3898 ἀπαραιτήτων
1107 3819 1219 3891 ἐξόδων.
1248 3822 1264 3879 δ
1291 3820 1325 3895 δὴ
1354 3823 1537 3900 μοναστήριον

235 3937 281 3997 σίιν
311 3936 350 4016 τῷ
382 3937 501 4018 ἀκινήτῳ
530 3937 577 3998 καὶ
608 3939 653 4000 διά
681 3944 831 4020 πρακτικοῦ
863 3939 1052 4019 παραδοθῆναι
1086 3942 1157 4020 ὑμῖν,
1188 3939 1212 4000 εἰ
1243 3941 1346 4021 δεήσει,
1379 3939 1456 4020 παρά
1491 3945 1537 4000 τοῦ

236 4061 333 4132 δουκδς
357 4061 479 4140 Κρήτης,
501 4067 550 4136 τῆς
577 4061 715 4140 παρούσης
741 4057 916 4142 προστάξεως
937 4068 987 4138 τῆς
1010 4062 1153 4137 βασιλείας
1177 4083 1228 4136 μου
1256 4063 1349 4141 ἀρκεῖν
1372 4060 1537 4140 όφειλοίισης

236 4179 294 4240 ἀντὶ
316 4183 416 4252 παντός
439 4178 633 4256 δικαιώματος.
657 4185 678 4262 †

341 4297 460 4380 ήΕῖχε
475 4304 526 4361 τό·
544 4301 620 4380 μηνὶ
636 4303 798 4384 νοεμβρίῳ
815 4301 1024 4376 ίνδικτιῶνος
1041 4302 1076 4363 ιε’
1092 4307 1148 4364 τοῦ
1164 4304 1334 4380 βασιλέως
1358 4299 1434 4389 [καί]
1454 4300 1537 4390 [τήν]

238 4422 292 4483 διά
321 4427 423 4504 κηροῦ
453 4425 574 4500 συνήθη
604 4423 786 4515 σφραγῖδα·
813 4429 866 4484 τό·
894 4425 948 4484 διὰ
972 4431 1029 4484 τοῦ
1052 4426 1333 4501 Μεσοποταμίτου
1356 4393 1542 4506 Θεοδώροό

237 4542 293 4604 καί
318 4547 370 4604 τό·
398 4546 611 4624 κατεστρώθη
640 4545 673 4604 έν
699 4543 742 4623 τῷ
766 4547 912 4625 σεκρέτῳ
937 4549 996 4605 τοῦ
1019 4547 1172 4626 μεγάλου
1198 4545 1431 4627 λογαριαστοϋ
1452 4549 1539 4608 κατὰ

239 4671 325 4740 μῆνα
348 4665 527 4745 νοέμβριον
550 4663 759 4736 ίνδικτιιῖινος
783 4663 830 4746 ιε’,
855 4668 948 4736 ἔτους
972 4663 1104 4748 ,ςφε’.ῆ
