3228 5294
1306 349 1349 414 23

67 534 262 612 ιττσβιβσσμοό
284 535 456 612 οἱασδήτινος
478 535 574 618 ξυλῆς,
603 539 726 618 ἐκβολῆς
748 542 920 622 κονταρότων
945 545 964 618 ὴ
992 541 1150 624 μαλάρτιυν,
1178 539 1348 616 ἑξοσλίσεως

67 663 233 738 στρατιωτῶν,
256 659 396 740 ἀρχόντων
416 660 634 741 καβαλλαρικῶν
656 665 675 736 ἡ
697 665 796 740 πεζῶν,
820 660 986 739 ναθίσματος
1008 669 1061 724 τῶν
1084 663 1112 724 ἐν
1131 664 1278 745 ὑπεροχαῖς
1299 666 1347 746 ἀρ-

66 781 169 860 χόντων,
184 781 300 861 δουκῶν,
316 785 473 862 κατεπάνω,
488 789 597 863 κριτῶν,
613 789 782 864 στρατηγῶν,
798 791 974 867 στρατευτῶν,
990 786 1168 868 ἀναγραρέων
1183 785 1230 846 καὶ
1244 787 1348 848 λοιπῶν

66 903 219 986 ᾁταπητῶν,
240 907 382 984 ηοσσάτων
404 906 547 986 διατροφῆς
568 903 616 966 καί
638 905 787 982 ἀπλήκτων
810 905 853 968 ἐπὶ
876 906 1000 983 πόλεμον
1024 903 1155 968 ἀπιόντων
1175 912 1193 986 ἢ
1212 908 1259 970 καὶ
1279 909 1347 970 ὑπο-

67 1027 229 1106 πριηόνιων,
253 1025 437 1108 βεσπιαριοῶν,
466 1027 644 1108 μανδστόρων
670 1032 716 1090 τοῦ
739 1028 840 1108 δρόμου
862 1028 991 1110 πρέσβεις
1013 1030 1135 1108 ἀγόντων
1156 1034 1175 1106 ἢ
1199 1027 1349 1113 ἐξορίστους

67 1151 167 1222 ηκατσί
193 1169 253 1210 τινα
279 1146 373 1224 ἄλλην
399 1149 496 1228 χρείαν
524 1149 718 1230 διερχομένων,
747 1157 945 1232 τοποτηρητῶν,
974 1159 1163 1233 τουρμαρχῶν,
1191 1159 1348 1234 μεραρχῶν,

65 1271 258 1351 χαρτουλαρίων
281 1277 379 1332 τοῦτο
401 1272 502 1352 δρόμου
524 1271 570 1332 καὶ
592 1277 646 1333 τῶν
667 1274 803 1352 θεμάτων,
825 1276 953 1350 κομητῶν
975 1281 1025 1352 τῆς
1047 1275 1156 1355 κόρτης,
1180 1274 1347 1350 θομεστίκων

66 1399 109 1452 τῶν
129 1395 265 1474 θεμάτων,
296 1395 577 1475 δρουγγαροκομήτων
604 1391 651 1454 καί
672 1394 779 1456 λοιπῶν
808 1397 919 1476 ἑτέρων,
949 1395 1111 1478 όγγαρείας,
1140 1395 1348 1478 παραγγαρείας

65 1513 104 1573 καὶ
122 1518 221 1591 λοιπῆς
243 1517 351 1593 ἁπάσης
375 1516 504 1598 ἐπηρείας
526 1521 571 1576 νῦν
592 1538 624 1578 τε
650 1515 731 1594 οὔσης
758 1515 804 1578 καὶ
833 1518 943 1599 ὕστερον
975 1519 1119 1600 ἐσομένης,
1149 1519 1242 1592 καθὼς
1271 1523 1304 1580 ἂν
1333 1519 1348 1578 δ

65 1641 146 1717 καιρός
167 1637 244 1718 διδῷ.
289 1639 332 1699 διό
354 1641 575 1720 παρεγγυῶμεθσι
596 1637 643 1700 καὶ
664 1641 768 1712 πάντας
790 1637 1029 1720 ἑξασησλιζόμεθα
1054 1642 1107 1701 ιίπό
1130 1661 1160 1700 τε
1190 1647 1245 1701 τῶν
1277 1641 1349 1702 κατὰ

65 1761 162 1839 καιρόυς
183 1761 388 1842 σακελλαρίων,
411 1768 527 1840 γενικῶν
547 1761 594 1822 καὶ
614 1767 812 1842 στρατιωτικῶν
827 1762 993 1842 λογοθετῶν,
1017 1769 1071 1824 τῶν
1087 1761 1132 1823 ἐπὶ
1146 1769 1196 1840 τῆς
1210 1765 1348 1844 ἡμετέροις

67 1883 197 1960 σαιελλης
212 1882 259 1943 καὶ
273 1889 320 1946 τοῦ
334 1883 495 1963 βεστιαρίου,
518 1883 669 1960 οἰκονόμων
684 1891 737 1944 τῶν
754 1886 860 1964 εθσιγῶν
875 1883 968 1964 οίκων,
991 1890 1044 1944 τῶν
1060 1883 1106 1945 ἐπὶ
1127 1889 1180 1944 τῶν
1203 1883 1348 1946 οίκειακῶν

66 2003 170 2065 καὶτῶν
186 2005 290 2088 ἐφόρευν
304 2011 358 2066 τῶν
381 2007 532 2083 βασιλικῶν
554 2013 762 2088 κουρατορειῶν,
786 2005 905 2086 είδικῶν,
928 2010 1111 2089 γηροτρόφων,
1134 2007 1348 2088 όρηανοτρόηων,

65 2135 112 2186 τῶν
125 2125 166 2187 ἐπὶ
184 2133 232 2188 τοῦ
254 2129 327 2188 θείου
348 2131 429 2204 ἡμῶν
450 2128 562 2206 ταμείου
584 2133 630 2188 τοῦ
651 2129 795 2208 Φύλακος,
817 2130 988 2210 κουραιόρων
1010 2133 1056 2188 τοῦ
1078 2125 1153 2188 οίκου
1175 2137 1228 2190 τῶν
1245 2129 1347 2189 Ἐλευ-

66 2247 143 2328 θερίου
163 2247 210 2310 καὶ
238 2255 293 2310 τῶν
315 2251 488 2330 Μαγγάνων,
518 2249 688 2311 οίκιασιικῶν
717 2248 765 2310 καί
790 2256 844 2310 τῶν
871 2251 915 2310 ὑπ’
940 2251 1035 2322 αθτοθς
1056 2250 1278 2332 πρωτονοιαρίων
1301 2247 1348 2310 καί

66 2371 182 2452 νοιαρίων
203 2376 251 2432 τοῦ
272 2372 381 2450 μηδένα
402 2379 456 2432 τῶν
478 2374 604 2434 ἁπάντων
627 2373 656 2432 ἐν
683 2371 837 2452 οίῳδηπστε
863 2375 955 2454 χρόνῳ
981 2373 1043 2432 καθ’
1068 2372 1220 2448 οίονδιητινα
1249 2377 1347 2456 τρόπον

67 2493 159 2553 ἀθετεῖν
179 2496 226 2554 τόν
248 2495 369 2575 παρόντα
389 2493 597 2576 χρυσόβουλλον
619 2493 704 2572 λόγον
726 2492 857 2566 καὶτοὺς
879 2494 1016 2572 μοναχοὶις
1044 2494 1164 2568 ἐκείνους
1192 2495 1300 2556 διώκειν
1327 2499 1345 2572 ἢ

67 2616 109 2674 ‘aab
128 2618 203 2696 ζυγὸν
226 2617 305 2696 οἴγειν
326 2617 432 2694 aaa,
455 2615 515 2696 εἴγε
537 2614 583 2678 καί
605 2618 688 2695 μέχρι
709 2621 757 2677 τοῦ
775 2621 820 2676 νῦν
838 2618 870 2676 τὸ
891 2615 1046 2696 ἐλευθέριον
1062 2611 1149 2696 είχον,
1172 2618 1345 2696 ἀρκουμένων

68 2737 176 2798 ἀπόντων
198 2745 232 2822 τῇ
256 2740 389 2822 ἐμρανείρ
410 2739 456 2800 καὶ
479 2740 549 2822 μόνη
571 2743 617 2798 τοῦ
642 2741 775 2820 παρόντος
801 2737 1009 2817 χρυσοβοθλλου
1040 2744 1089 2816 της
1120 2735 1264 2814 βασιλείας
1295 2761 1346 2814 μου

67 2863 238 2938 γεγενημένου
264 2862 349 2922 κατὰ
374 2862 427 2921 τὀν
456 2859 640 2942 όκτῶβριον
666 2867 754 2937 μῆνα
775 2867 834 2936 τῆς
856 2859 968 2941 τρίτης
990 2859 1198 2933 ίνδικτιῶνος
1221 2861 1253 2920 ἐν
1277 2863 1343 2922 ἔτει

68 2981 106 3058 τῷ
119 2982 230 3064 ,ςφπηᾌ
255 2983 284 3044 ἐν
300 2978 322 3062 ᾧ
337 2985 384 3043 καί
398 2985 429 3044 τό
443 2984 577 3063 ἡμέτερον
593 2982 704 3056 εθοεβὲς
718 2975 766 3042 καί
780 2982 983 3062 θεοπρόβλητον
999 2984 1190 3058 ὑπεσημήνατο
1202 2986 1301 3063 κρότος
1313 2986 1343 3065 †.

156 3108 174 3186 †
203 3104 407 3186 Νικηρόρος,
438 3105 471 3164 ἐν
502 3103 632 3184 Χριστῷ
660 3103 703 3184 τῷ
732 3102 797 3184 θεῷ
825 3104 939 3176 πιστός
969 3103 1128 3179 βασιλεὺς
1160 3103 1218 3164 καί
1248 3107 1342 3166 αὺτο-

70 3227 181 3307 κρότωρ
203 3225 388 3306 Ῥωμαίων,
412 3227 427 3286 ό
449 3227 675 3301 Βοτανειαὶτης
696 3227 727 3306 †.

157 3355 260 3410 Arcaea.
281 3355 367 3410 chart.
383 3356 459 3410 θίαν.
480 3373 530 3408 nro
553 3357 582 3410 3.
627 3352 683 3408 sao
705 3371 756 3408 aro
779 3357 799 3408 2
821 3361 896 3408 catat
918 3356 998 3408 tertia
1021 3371 1107 3408 αυνια
1129 3353 1206 3409 balta
1227 3357 1344 3410 ειύιιίιιιι

74 3458 230 3531 tapetam,
255 3461 360 3516 tauma
381 3467 528 3530 tempomm
546 3460 630 3531 plone
653 3459 748 3514 aaa.

297 3755 371 3822 VII.
396 3754 620 3839 6593-1085,
644 3777 754 3820 menso
777 3757 898 3838 martio,
921 3755 986 3820 ind.
1005 3755 1093 3820 VIII.

76 3939 205 4009 Imperator
218 3941 331 3996 Αίααίιιι
351 3940 375 3994 Ι.
395 3941 540 3994 θαηικειιυι
559 3938 698 4007 confirmat
720 3939 888 3992 <tornationem
910 3938 1080 4006 imperatorio
1096 3938 1242 4008 Νισαρίιοιί
1254 3939 1342 3992 Βοια-

75 4045 155 4115 auae,
174 4047 221 4116 ηυί
234 4045 335 4100 Sancto
352 4045 520 4100 otratodato
540 4045 612 4098 dedit
627 4044 680 4097 ιίιιο
695 4044 754 4097 loco
769 4044 798 4096 ιἰι
813 4043 904 4096 innata
922 4043 981 4112 Coo,
998 4044 1165 4112 conceditque
1181 4044 1341 4116 moaaoteno

77 4145 171 4204 Sanctae
185 4151 295 4206 Manae
317 4149 521 4204 Castrianorum
536 4167 554 4202 α
571 4149 670 4204 Sancto
693 4149 797 4202 condito
819 4147 969 4202 ίιθεπίιιίσιιι
988 4154 1013 4201 ot
1024 4147 1164 4216 confirmat
1187 4148 1342 4202 donationes

504 4255 587 4308 eidam
609 4253 770 4308 monasterio
786 4252 891 4321 factas.

159 4449 242 4528 †'Ev
262 4449 398 4525 όνόμοιτι
418 4453 473 4510 τοῦ
494 4448 616 4526 πατρός
636 4445 691 4506 καί
712 4449 767 4506 τοῦ
786 4445 850 4505 υἱοῦ
872 4442 928 4504 καὶ
950 4450 1005 4505 τοῦ
1028 4443 1122 4523 ἁγίου
1144 4445 1342 4521 πνείιμστος.

79 4565 218 4652 ἱίλιίξιυς,
231 4573 359 4652 πιστός,
374 4571 555 4654 όρθόδοξος
571 4569 728 4644 βασιλεὺς
740 4568 796 4629 καί
807 4570 1017 4649 αὐτοκράτωρ
1028 4567 1214 4648 Ῥωμαίων,
1231 4567 1342 4643 όΚομ-

79 4691 168 4773 ιηνός,
191 4699 298 4776 πᾶσιν,
326 4686 375 4766 οἷς
402 4695 436 4754 τό
461 4695 564 4775 παρόν
586 4694 678 4769 ἡμῶν
701 4689 840 4766 εθσεβὲς
863 4684 1091 4752 ἐπιδείκνυται
1117 4687 1287 4770 σιγίλλιον
1310 4690 1341 4770 γι.
