3162 5278
257 341 322 406 314

258 538 350 615 ἕτερον
378 535 515 610 ἀμπέλιον
543 535 582 608 εἰς
608 538 638 597 τὸ
662 537 827 617 Ἀσφενδίου,
858 535 1008 612 ίδιίκτητον
1035 537 1146 598 κάκεῖνο
1173 535 1221 598 καί
1248 537 1394 618 άφιερωθέν
1423 535 1462 615 τῷ
1488 535 1542 615 ίερίρ

256 657 342 737 τούτῳ
365 657 547 738 μοναοτηρίῳ.
575 660 609 718 τά
637 660 668 720 δὲ
691 659 750 740 ἱερὰ
773 661 858 738 άμφιά
881 658 931 720 εἰσι
954 664 1050 720 ταῦτα·
1081 662 1177 720 σάκκοι
1199 661 1282 720 πέντε
1302 663 1408 742 χρυσοῖ.
1440 662 1541 737 στοιχά-

259 801 303 858 ρια
325 781 416 861 πέντε,
440 774 478 840 ὧν
500 781 534 839 τά
555 781 601 841 δθο
627 780 676 841 είσί
698 787 796 863 χρυσᾶ,
819 783 947 861 φαινόλια
968 785 1057 844 πέντε.
1088 781 1195 864 σταυροὶ
1219 783 1442 861 ἐγκωμιασμένοι
1462 783 1541 842 πέντε.

259 901 312 981 ἀὴρ
336 901 380 961 διά
404 905 547 982 μαγκάνου
570 897 619 975 είς.
648 903 792 979 ἀντιμίσιον
816 907 854 965 έν.
888 904 1082 984 ἐπιτραχήλιον
1107 905 1145 965 ἐν.
1175 905 1223 980 μία
1244 900 1327 965 ποδία
1349 903 1395 963 καὶ
1419 897 1458 975 εἷς
1480 924 1542 978 μου·

260 1023 325 1096 δθας
359 1027 550 1104 καμουχένιος.
593 1028 622 1086 ἓν
656 1028 787 1106 τρικέριον
827 1032 908 1103 τιμῆς
941 1026 1057 1106 γροσίων
1091 1031 1260 1102 πεντήκοντα
1292 1027 1383 1088 πέντε.
1425 1023 1471 1084 καὶ
1503 1026 1543 1098 μία

258 1147 412 1226 πατερίτζα.
443 1151 526 1206 ταῦτα
549 1143 594 1208 οθν
616 1150 704 1207 πάντα
726 1147 908 1227 προσηλώσας
934 1146 982 1208 καὶ
1005 1148 1157 1229 ἀφιερῶσας
1178 1154 1213 1231 τῇ
1235 1148 1373 1229 σεβασμίορ
1395 1154 1465 1229 μονῇ
1487 1149 1542 1207 ταί-

258 1288 291 1348 τρ
313 1265 413 1343 ἠξίωσε
436 1266 483 1328 καὶ
505 1269 553 1344 τὴν
576 1271 655 1346 ἡμῶν
679 1271 839 1350 μετριότητα
862 1271 1056 1346 ἐπιβεβαιῶσαι
1083 1273 1132 1346 τὴν
1156 1269 1308 1350 ἀσφάλειαν
1336 1271 1422 1330 ἀυτῶν
1449 1267 1493 1328 καὶ
1514 1270 1542 1329 δι’·

258 1390 393 1470 ἡμετέρου
415 1397 612 1472 πατριαρχικοῡ
635 1390 681 1452 καί
703 1391 844 1453 συνοδικοΰ
863 1394 1036 1472 γράμματος,
1061 1385 1090 1452 οὗ
1112 1391 1161 1466 τὴν
1184 1390 1288 1466 αἴτησιν
1310 1393 1349 1462 ῶς
1368 1388 1485 1469 εὔλογον
1505 1389 1543 1448 καί
1572 1429 1573 1436 1

260 1509 366 1570 δικαίαν
392 1511 529 1592 καὶπρὸς
552 1514 665 1594 θεοφιλῆ
694 1515 835 1595 ἀφορῶσαν
858 1515 958 1574 οκοπδν
983 1514 1103 1590 εὐμενῶς
1125 1513 1189 1573 λίαν
1212 1509 1413 1588 ἀποδεξάμενοι
1434 1514 1543 1590 γράφον-

258 1653 305 1706 τες
333 1632 376 1692 διὰ
402 1637 448 1694 τοῦ
476 1638 608 1716 παρόντος
636 1637 840 1718 ἀποφαινόμεθα
867 1635 1015 1710 συνοδικῶς
1042 1637 1112 1712 μετά
1138 1642 1192 1696 τῶν
1217 1634 1280 1717 περίΙ
1301 1637 1376 1710 ἡμᾶς
1401 1633 1543 1713 ίερωτίτων

260 1755 408 1836 ἀρχιερέων
435 1755 482 1816 καί
505 1757 665 1839 θπερτίμων,
693 1765 746 1820 τῶν
775 1760 803 1819 ἐν
831 1759 901 1839 ἁγίῳ
924 1761 1055 1835 πνεθματι
1082 1759 1231 1837 ἀγαπητῶν
1255 1759 1334 1834 ἡμῶν
1360 1756 1485 1835 ἀδελφῶν
1505 1754 1543 1814 καί

260 1876 486 1960 συλλειτσυργῶν,
521 1880 565 1939 ἵνα
598 1881 631 1941 τά
666 1881 848 1960 διαληφθέντα
877 1884 966 1941 πάντα
995 1884 1144 1962 πράγματα
1177 1879 1224 1940 καί
1255 1883 1382 1954 κτήματα
1415 1877 1462 1938 καὶ
1495 1877 1544 1956 ίερά

260 2001 356 2080 σκεύη,
385 2003 435 2060 ὅσα
458 2003 584 2083 ἀνωτέρω
607 2003 796 2084 άπηριθμήθη,
825 2005 893 2083 άπερ
921 2005 936 2062 ὁ
959 2000 1119 2082 διαληφθεὶς
1141 2001 1348 2082 θεοφιλέστατος
1377 1999 1543 2080 ἀρχιεπίσκο-

259 2142 309 2193 πος
336 2123 397 2202 Κῶ,
426 2123 455 2182 ἐν
482 2124 551 2204 άγίῳ
582 2125 713 2199 πνεύματι
743 2127 883 2205 ἀγαπητὸς
912 2127 991 2200 ἡμῶν
1022 2124 1142 2204 ἀδελφὸς
1171 2123 1219 2183 καὶ
1248 2123 1472 2202 συλλειτουργός,
1504 2124 1545 2200 κάρ
1572 2207 1573 2210 ¹

260 2243 415 2324 Κθριλλος,
443 2243 498 2319 ἰδίᾳ
521 2246 608 2327 βουλῇ
635 2245 681 2305 καὶ
703 2242 800 2329 γνώμῃ
828 2249 991 2328 προσήλωσε
1021 2246 1068 2307 καί
1092 2247 1224 2327 ἀφιέρωσε
1250 2252 1284 2328 τῇ
1310 2245 1448 2326 σεβασμίφι
1474 2245 1544 2318 βοισσ-

259 2366 325 2447 λικῇ
356 2364 402 2424 καὶ
431 2375 652 2452 σταυροπηγιακῇ
681 2375 750 2452 μονῇ
778 2374 823 2429 τοῦ
852 2370 941 2450 ἁγίου,
970 2367 1080 2442 ἐνδόξου
1108 2369 1259 2428 ἀποστόλου
1285 2364 1332 2427 καί
1360 2366 1546 2446 εθοιγγελιστοά

260 2485 388 2547 Ἰωάννου
417 2493 464 2548 τοῦ
491 2487 635 2569 Θεολέγου
666 2490 709 2550 ἐπί
739 2490 778 2570 τῷ
808 2493 900 2566 μένειν
930 2490 976 2551 καί
1006 2488 1139 2562 σώζεσθαι
1169 2489 1302 2564 διηνεκῶς
1332 2490 1362 2548 ἐν
1394 2491 1460 2568 αίιτῇ
1488 2489 1546 2566 πρὶς
1572 2505 1573 2566 ρ

261 2612 375 2689 μερικὴν
403 2610 564 2692 περίθοιλψιν
591 2619 644 2673 τῶν
673 2614 880 2690 ἐνασκουμένων
904 2611 1034 2693 μοναχῶν
1061 2613 1108 2672 καὶ
1132 2613 1258 2688 διηνεκὲς
1281 2613 1361 2672 αὑτοῦ
1384 2615 1545 2686 μνημόσυνον

261 2732 402 2813 ὑπάρχωσι
424 2733 471 2794 καί
494 2735 608 2810 μένωσιν
637 2735 675 2808 εἰς
699 2735 785 2796 αἰῶνα
807 2737 853 2796 τὀν
876 2739 981 2796 ἅπαντα
1004 2735 1168 2815 ἀναφαίρετα
1190 2732 1237 2794 καὶ
1259 2734 1455 2792 ἀναπάσπαοπα
1482 2781 1488 2792 .
1512 2777 1544 2790 .-
1572 2709 1573 2796 ί

262 2901 1015 2922 ........................
1040 2859 1078 2930 ὡς
1101 2855 1323 2938 οταυροπηγιοικά
1347 2857 1466 2933 μηδενδς
1486 2856 1545 2914 τολ-
1572 2847 1573 2924 ί

261 2983 367 3054 μῶντος
397 2999 486 3038 κατακ
504 3021 1545 3044 ,,,,,,,,,,,,,,,,,,,,,,,,,,,,,,,,,

1572 3061 1573 3086 ί

260 3098 308 3173 τὴν
332 3100 441 3162 ἀποστα
458 3147 1404 3165 ,,,,,,,,,,,,,,,,,,,,,,,,,,,,,,
1432 3099 1482 3158 ὑπὸ
1506 3098 1546 3170 την

262 3220 385 3295 ἐξουσίαν
407 3224 454 3284 καί
477 3225 650 3305 ἐπικράτειαν
670 3230 716 3284 τοῦ
736 3227 815 3285 αθτοϋ
835 3223 1015 3304 μοναστηρίου
1037 3223 1083 3284 καὶ
1105 3229 1159 3282 τῶν
1181 3223 1386 3297 ἐνασκουμένων
1407 3213 1545 3306 ἀδ[ελφῶνί
1572 3231 1573 3322 ρ

263 3513 270 3527 .
296 3515 302 3527 .
329 3515 335 3527 .
361 3515 368 3528 .
392 3467 422 3538 ὃς
445 3467 470 3526 δ’
487 3468 518 3526 ἀν
534 3489 572 3538 τις
595 3469 645 3544 θψέ
660 3488 727 3528 ποτε
750 3468 873 3550 βουληθῇ
898 3511 1326 3533 ..............
1351 3460 1469 3537 ξενῶσοιι
1490 3460 1546 3520 αὐτά

262 3592 308 3646 τοῦ
330 3587 403 3667 ἱεροῦ
425 3589 516 3648 τούτου
540 3590 729 3672 μσναστηρίου,
752 3591 767 3649 ὁ
789 3594 907 3660 τοιοῦτος
930 3589 1016 3669 ίερεθς
1040 3588 1090 3664 μὲν
1113 3592 1150 3648 ῶν
1174 3589 1258 3667 ἀργδς
1279 3587 1348 3645 ἔστω
1369 3589 1459 3658 πάσης
1481 3583 1545 3662 ίερο-
1572 3627 1573 3658 ³

261 3706 378 3790 πραξίας
404 3709 451 3770 καὶ
478 3713 658 3792 ἐστερημένος
684 3715 784 3784 παντὸς
810 3709 1047 3795 ἑκκλίησιοιστικοῡ
1070 3758 1076 3770 ,
1102 3759 1109 3772 .
1135 3760 1141 3770 .
1167 3757 1173 3771 .
1199 3704 1397 3793 ἀφω]ρισμένος
1420 3707 1473 3765 ἀπο
1494 3705 1546 3763 θεοῦ
1572 3725 1573 3792 ρ

261 3829 309 3892 καὶ
338 3835 528 3912 κατηραμένος
558 3833 604 3894 καὶ
635 3835 830 3913 ἀσυγχώρητος
860 3831 907 3892 καὶ
938 3833 1037 3902 άλυτος
1069 3831 1139 3906 μετὰ
1168 3832 1283 3890 θάνατον
1312 3827 1358 3888 καὶ
1388 3826 1428 3906 τῷ
1460 3823 1546 3901 σίωνάρ
1572 3795 1573 3860 ί

263 3954 411 4028 mem!
442 3954 577 4026 ὑπόῧῑϊῦς-
617 3957 679 4014 ὅθεν
715 4001 983 4015 .........
1014 3955 1147 4032 ἡμέτερον
1174 3951 1380 4032 πατριαρχικέν,
1410 3947 1545 4008 συνοδικόν.

264 4075 503 4156 ἐπιβεβαιωτηριον
532 4080 648 4156 γράμμα
678 4075 726 4136 καὶ
753 4076 872 4152 ἐπεδόθη
903 4081 936 4156 τῇ
967 4075 1027 4155 ἱερᾷ
1057 4080 1127 4154 μονῇ
1154 4080 1201 4133 τοῦ
1228 4071 1383 4151 Θεολέγου.
1418 4072 1452 4130 ἐν
1482 4065 1546 4144 μηνὶ

264 4193 359 4277 μαίῳ,
383 4195 592 4270 ίνδικτιῶνος
613 4195 651 4272 η’.
675 4200 697 4278 †

263 4319 341 4397 †‘O
367 4365 732 4382 ...........
762 4323 783 4400 †
940 4319 960 4396 †
984 4319 1019 4377 ‘0
1042 4319 1177 4397 Δέρκων
1198 4315 1378 4396 Κθριλλος.
1403 4316 1424 4392 †

264 4442 285 4520 ’φ
309 4439 344 4498 ‘0
368 4440 566 4516 Μιτυλήνης
590 4441 838 4520 Νικόδημοςγ
938 4441 959 4518 †
983 4439 1018 4497 ‘0
1041 4437 1272 4514 Νικομηδείας
1295 4431 1446 4506 Παίονος.
1471 4438 1490 4510 ἀ

263 4567 284 4642 †
307 4561 342 4622 Ὀ
365 4561 510 4632 Κυζίκου
533 4561 722 4634 Αθξέντιος.
747 4563 768 4640 †
937 4565 958 4642 †
981 4561 1015 4620 ‘0
1039 4603 1408 4624 ...........
1437 4561 1458 4637 †

370 4689 474 4744 Archet.
488 4690 563 4745 Mor.
579 4706 629 4742 πνο
643 4690 692 4758 69,
710 4689 781 4760 quod
796 4689 888 4744 addit:
909 4683 1047 4762 σιγίλλιον
1065 4731 1071 4742 .
1090 4727 1097 4742 .
1116 4729 1122 4742 .
1141 4681 1304 4759 ἐσχισμένον
1319 4677 1367 4740 καὶ
1384 4680 1545 4760 ἐφθαρμένον.
