3228 5294
359 519 379 598 †
403 513 561 599 Μιχαὴλ,
590 519 768 593 βασιλικὸς
795 521 949 598 νοτοὶριος
976 523 1030 578 τοῦ
1058 521 1217 600 σεκρὲτου
1239 525 1301 579 τῶν
1324 516 1518 596 οἰκειακῶν,
1543 519 1557 576 6

255 637 464 717 Ῥωμανίτης
486 640 517 720 Τ.

358 764 379 842 Τ
406 763 593 842 Νικόλαος,
620 762 800 837 βασιλικὸς
826 765 982 844 νοτοὶριος
1008 767 1063 824 τοῦ
1086 765 1244 844 οεκρὲτου
1271 768 1333 846 τῶι
1362 759 1556 825 οἱκειακῶν.

255 887 270 944 6
294 885 420 962 Εὐφαής
443 886 472 964 Τ.

358 1007 379 1085 Τ
402 1007 581 1085 Στέφανος,
605 1005 783 1080 βασιλικὸς
805 1008 975 1087 νοτάριος,
998 1007 1013 1066 6
1036 1006 1295 1092 ῬωμαιίτηςΤ.

358 1127 593 1206 ΤΘεοδόσιος,
617 1129 795 1204 βασιλικὸς
818 1131 972 1207 νοτάριος
991 1135 1053 1188 τῶν
1076 1126 1272 1206 οἰκειακῶν,
1296 1128 1509 1207 ὁΑὺτωρινός
1524 1127 1553 1204 Τ

358 1250 378 1328 Τ
403 1247 598 1330 Εὐστοὶθιος,
630 1248 809 1324 βασιλικὸς
831 1251 986 1330 νοτοὶριος
1011 1253 1066 1309 τοῦ
1088 1249 1250 1328 σεκρὲτου
1273 1253 1336 1308 τῶν
1359 1246 1554 1325 οἰκειακῶν,

253 1373 269 1432 6
292 1371 497 1452 Καριανίτης
524 1372 553 1450 Τ.

355 1493 579 1574 Κατεστρώθη
603 1493 636 1552 ἐν
658 1491 702 1572 τῷ
724 1494 872 1572 σεκρὲτῳ
898 1497 953 1552 τοῦ
980 1495 1116 1570 γενικοῦ
1143 1492 1327 1570 λογοθέτου
1353 1493 1438 1552 κατὰ
1468 1498 1554 1568 μῆνα

253 1614 433 1694 ἀτρίλλιον
455 1620 512 1690 τῆς
535 1612 575 1673 ια’
599 1611 834 1684 ἰίιδικτιῶιιος.Ι

356 1737 377 1815 Τ
400 1735 591 1815 Θεόδωρος,
619 1737 802 1816 μάγιστρος
830 1733 885 1794 καὶ
911 1735 1047 1813 γενικος
1069 1734 1273 1812 λογοθέτης,
1297 1736 1552 1795 ὁτοῦἈκτουα-

254 1856 324 1937 ρίου
352 1858 383 1936 Τ.

356 1981 376 2058 Τ
408 1979 675 2057 Κωνσταντῑνος,
698 1977 975 2058 τρωτοπρόεδρος
1005 1975 1061 2038 καὶ
1088 1979 1198 2055 μέγας
1219 1977 1470 2058 χαρτουλάριος
1499 1983 1554 2038 τοῦ

252 2105 403 2180 γενικοῦ,
426 2102 441 2158 6
465 2099 697 2174 Μιτυληναῖος
719 2101 749 2178 Τ.
786 2123 790 2132 ·

357 2223 378 2300 Τ
401 2221 595 2294 Βασίλειος,
619 2217 815 2301 μοὶγιστρος,
839 2221 1031 2302 βεστάρχης
1054 2219 1109 2280 καὶ
1131 2221 1309 2296 βασιλικὸς
1331 2224 1484 2301 νοτάριος
1499 2227 1553 2281 τοῦ

252 2346 411 2424 οεκρέτου
433 2348 488 2403 τοῦ
510 2347 660 2421 γενικοῡ,
683 2343 699 2400 6
722 2343 942 2420 Χαλκούτζης
964 2344 995 2422 Τ.

356 2467 376 2544 Τ
404 2465 599 2545 Βασίλειος,
627 2465 811 2543 μάγιστρος
837 2464 893 2524 καὶ
920 2467 1036 2544 κριτὴς
1063 2469 1117 2524 τοῦ
1145 2464 1266 2545 βήλου,
1295 2466 1310 2524 6
1333 2465 1551 2545 Καματηρος,

252 2587 314 2649 ἀπο
335 2589 512 2669 προσώπου
534 2587 732 2668 Γρηγορίου,
759 2591 814 2647 τοῦ
836 2587 905 2648 υἱοῦ
921 2607 995 2666 μου,
1022 2585 1078 2647 καὶ
1105 2588 1331 2667 λογαριαοτοῡ
1358 2592 1414 2648 τοῦ
1437 2590 1551 2668 οεκρέ-

250 2732 306 2770 του
327 2713 383 2770 τοῦ
404 2713 553 2788 γενικοῦ,
577 2709 755 2788 ὑπέγραψα
778 2710 807 2786 Τ.

353 2831 375 2910 Τ
399 2832 504 2908 Λέων,
528 2833 726 2908 μοὶγιστρος,
750 2829 867 2909 κριτὴς
889 2834 944 2889 τοῦ
965 2829 1071 2907 βήλου
1093 2829 1147 2889 καὶ
1171 2791 1280 2909 μέγας
1301 2829 1551 2912 χαρτουλάριος

249 2955 304 3013 τοῦ
326 2955 476 3030 γενικοῡ,
499 2951 514 3010 6
538 2947 758 3027 Ἑξαμι>.ίτης
780 2952 811 3028 Τ.

353 3074 374 3152 Τ
397 3069 567 3150 Ἰωάννης,
591 3073 712 3149 βὲοτης
737 3071 794 3132 καὶ
819 3072 1069 3153 χαρτουλάριος
1090 3073 1513 3153 τοῦγενικοῡὶωγοθέτου,
1536 3075 1550 3132 6

250 3195 464 3266 Πολύευκτος
486 3194 516 3272 Τ.

352 3316 373 3396 Τ
401 3316 595 3396 Εἰιστάθιος,
617 3315 919 3395 τρωτοανθύτατος
941 3313 995 3374 καὶ
1026 3315 1205 3390 βασιλικὸς
1231 3314 1386 3397 νοτᾶριος
1411 3321 1468 3378 τοῦ
1496 3339 1549 3376 τε·

247 3439 367 3518 κρέτου
388 3440 444 3496 τοῦ
466 3439 616 3516 γενικοῦ,
639 3436 655 3495 6
677 3436 806 3515 Εὐφαής
829 3436 859 3514 Τ.

350 3559 371 3638 Τ
394 3557 660 3638 Κωνσταντῖνος,
685 3556 865 3629 δισὺττατος
890 3555 946 3617 καὶ
970 3559 1077 3637 μέγας
1099 3557 1355 3639 χαρτουλάριος
1377 3564 1433 3620 τοῦ
1455 3580 1546 3640 γενι-

247 3685 318 3762 κοῦ,
341 3681 357 3740 6
378 3680 571 3761 Τρίφυλλος
593 3681 614 3760 Τ

351 3803 372 3881 Τ
387 3801 586 3882 Εὺδόκιμος,
600 3802 778 3877 βασιλικὸς
791 3804 947 3884 νοτάριος
960 3807 1016 3862 τοῦ
1030 3807 1184 3882 γενικοῦ,
1197 3803 1212 3861 6
1225 3799 1503 3884 Μωροχαρζάνης
1519 3803 1546 3882 Τ

350 3925 502 4004 ΤΛέων,
531 3922 779 4005 χαρτουλάριος
801 3931 856 3986 τοῦ
878 3925 1040 4004 σεκρὲτου
1061 3927 1117 3984 τοῦ
1138 3929 1274 4004 γενικοῦ
1305 3925 1506 4006 λογοθέτοο,
1534 3926 1547 3983 6

245 4045 395 4127 Σγουρός
417 4045 447 4124 Τ.

349 4167 571 4248 Κατεστρωθη
600 4168 633 4228 ἐν
659 4167 702 4246 τῷ
729 4169 876 4248 σεκρέτῳ
902 4171 957 4228 τοῦ
983 4171 1224 4248 στρατιωτικοῦ
1250 4168 1437 4248 λογοθέτου
1463 4168 1547 4229 κατὰ

246 4294 332 4364 μῆνα
355 4288 533 4371 ἀπρίλλιον
555 4295 614 4365 τῆς
638 4288 677 4351 ια’
706 4287 930 4362 ἰνδικτιῶνος.

349 4412 370 4490 Τ
393 4411 428 4471 ‘0
451 4413 643 4492 μάγιατρος
659 4411 812 4486 Νικήτας
833 4408 889 4471 καὶ
912 4413 1150 4490 στρατιωτικὸς
1172 4411 1362 4490 λογοθέτης
1385 4413 1415 4491 Τ.

348 4532 369 4611 Τ
392 4533 577 4612 Νικόλαος,
602 4531 792 4613 βεστοὶρχης
807 4531 863 4594 καὶ
879 4533 1128 4613 χαρτουλάριος
1149 4537 1205 4592 τοῦ
1228 4539 1465 4613 στρατιωτικοῦ
1489 4535 1545 4594 λο·

197 4673 204 4690 ·
244 4654 398 4733 γοθέτου,
421 4655 437 4712 6
460 4652 702 4733 Ἀκροπολίτης
725 4655 754 4732 Τ.
