3160 5292
1256 383 1321 448 255

45 578 100 655 πρός
125 578 170 637 τόν
199 575 386 652 πανσέβαοτον
416 577 549 654 σεβαστόν
581 573 681 637 οἰκεῖον
710 578 775 660 αδιή
806 579 851 638 τόν
874 579 1030 658 Τουραπήν,
1062 577 1251 658 εὑρισκόμενον
1282 575 1321 650 είς

44 699 115 758 δσῦκα
146 697 192 758 καί
215 697 354 783 ζκεραλήν,
384 700 423 758 ἔτι
454 697 485 758 δὲ
515 691 562 758 καί
592 699 752 779 ἀπσγραρέα
781 703 831 774 τῆς
860 699 984 774 τοιαύτης
1014 701 1097 773 νήσου
1119 699 1243 778 Λήμνου,
1273 698 1321 757 καί

44 820 210 900 παραδέδωκε
231 822 300 900 πρδς
321 822 370 895 τήν
391 820 463 880 κατά
489 821 537 896 τήν
562 821 673 896 ίίσίτμον
700 819 851 895 σεβασμίαν
878 821 964 896 μονὴν
991 821 1039 895 τήν
1063 819 1103 893 εἰς
1125 821 1211 896 όνσμα
1232 841 1320 896 τιμω-

43 945 115 1017 μένην
143 947 190 1004 τοῦ
217 943 295 1020 όγίου
321 943 475 1004 ἀποστόλου
501 941 547 1002 καί
575 942 771 1021 εὐαγγελιστοῦ
794 943 923 1004 Ἰωάννου
945 946 992 1002 τοῦ
1014 940 1159 1022 Θεολόγου
1181 949 1234 1020 γῆν
1257 945 1322 1018 όσην

41 1062 219 1144 παραδέδωκε,
243 1063 288 1122 διὰ
309 1065 469 1144 κυβέρνησιν
492 1063 523 1124 δὲ
545 1065 644 1140 ταύτης
667 1062 748 1136 ἔταξε
770 1064 817 1123 ιιαί
836 1085 910 1136 τινας
933 1070 987 1124 τῶν
1010 1065 1038 1124 ἐν
1061 1071 1094 1146 τῇ
1116 1065 1224 1147 τοιαύτη
1246 1068 1321 1144 νήσῳ

41 1185 204 1259 δημοσιακῶν
229 1147 377 1266 παροίκων,
407 1187 451 1244 ίνα
478 1185 570 1246 διδῶσι
601 1189 669 1266 πρός
698 1187 759 1256 τοὺς
790 1188 929 1265 μοναχοίις
957 1187 1019 1258 τοὺς
1049 1187 1206 1262 μέλλοντας
1233 1209 1320 1247 κατα-

40 1310 135 1384 σπερείν
162 1309 213 1382 τὴν
242 1309 369 1386 ῥηθεῖσαν
396 1315 449 1386 γήν
478 1307 630 1388 ἀγγαρείας
657 1307 696 1380 είς
722 1309 771 1380 τὰς
800 1309 930 1388 ἐργασίας
958 1311 1055 1387 αίιτιῖιν,
1083 1307 1108 1369 οί
1130 1313 1263 1388 παρόντες
1290 1309 1321 1369 δέ

40 1428 145 1506 μοναχσί
167 1430 308 1510 ἀνέφερον,
336 1432 374 1501 ὡς
397 1431 450 1490 ἀπό
473 1437 526 1490 τῶν
550 1431 624 1490 όλων
647 1437 776 1508 μσναχῶν
799 1437 849 1505 τής
870 1433 931 1490 κατ’
955 1431 1050 1503 αὐτούς
1076 1432 1201 1506 τοιαύτης
1223 1439 1321 1510 μονῆς,

39 1551 71 1608 ότι
95 1549 131 1628 τῷ
161 1551 251 1630 λόγῳ,
283 1555 323 1623 ιίις
356 1551 418 1612 οίιδὲ
454 1555 560 1632 ἔχουσιν
588 1553 683 1626 αάτοίις
710 1553 750 1625 είς
776 1552 885 1613 τελείαν
912 1551 1065 1633 παροινίαν,
1092 1553 1155 1614 οίιδὲ
1185 1552 1321 1613 πείθονται

40 1671 131 1732 όιόόναι
159 1669 210 1745 τὰς
240 1673 441 1752 ἀποταχθείσας
472 1675 593 1736 δίδοσθαι
621 1677 686 1755 παρ’
710 1671 821 1760 αὺ[τῶν]
848 1676 916 1754 πρός
943 1675 1051 1746 τούτους
1078 1673 1245 1756 ἀγγαρείας,
1275 1675 1321 1734 καί

38 1795 264 1874 ταρειλήτευσαν,
287 1795 331 1854 ίνα
354 1796 467 1856 δοθῶσιν
490 1797 515 1856 οί
534 1801 646 1858 τοιοῦτοι
660 1799 785 1876 πάροικοι
807 1799 875 1877 πρός
897 1797 946 1871 τὴν
970 1791 1155 1880 δηλωθεῖ[σαν
1171 1797 1322 1873 σεβασμίαν

38 1911 135 2000 μονήνή,
152 1915 250 1986 οἵτινες
264 1916 312 1976 καί
326 1913 538 2004 προσκόθ[ηνται
554 1915 605 2004 εἰς]
628 1919 662 1978 τά
676 1919 776 2000 χωρία,
799 1921 829 1977 τό
840 1939 870 1978 τε
886 1919 1055 1998 Νεοχύριον,
1077 1921 1107 1978 τό
1130 1923 1176 1979 τοῦ
1192 1914 1321 2004 [Aemo]-

37 2036 130 2116 πατίου,
153 2041 185 2096 τό
201 2039 381 2119 Ῥεπανίδιον,
404 2042 434 2100 τό
450 2041 548 2119 Πτόριν
570 2038 617 2100 καὶ
638 2035 681 2125 τ[ό
696 2045 742 2100 τοῦ
757 2035 892 2124 Ζυμ]αιο”ι,
917 2041 992 2111 ὄντες
1014 2041 1060 2098 τόν
1083 2040 1195 2120 ἀριθμόν
1219 2039 1319 2102 εἰκοσι-

37 2163 99 2234 τρεῖς
120 2158 168 2220 ιιαί
190 2162 335 2233 τελοῦντες
360 2163 428 2240 πρός
454 2157 496 2246 vso
519 2157 613 2248 μέρος]
641 2167 688 2222 τοῦ
715 2162 845 2238 δημοσίου
867 2162 1004 2242 ὑπέριαιρα
1027 2165 1172 2242 τριάκοντα
1193 2165 1320 2244 τέσσαρα.

36 2282 50 2354 ή
70 2281 198 2354 βασιλεία
213 2303 266 2358 μου
289 2284 336 2357 τὴν
358 2284 530 2364 παράκλησιν
554 2285 640 2344 οάπῶν
662 2282 870 2364 προσδεξαμένη
895 2285 955 2362 ἔχει
977 2283 1088 2360 θέλημα
1109 2283 1157 2344 καί
1180 2283 1323 2365 διορίζεταί

37 2422 78 2480 σοι,
107 2405 146 2475 ὡς
178 2407 210 2462 ἂν
239 2403 413 2485 παραδώσεις
441 2407 508 2486 πρός
537 2406 586 2483 τήν
616 2403 761 2486 εἰρημένην
792 2401 944 2481 σεβασμίαν
974 2408 1059 2482 μονὴν
1089 2411 1135 2467 τοῦ
1165 2407 1243 2485 ἀγίου
1276 2407 1321 2467 καί

37 2523 226 2604 εδαγγελιοτσῠ
241 2525 369 2586 Ἰωάννου
388 2531 434 2587 τοίι
450 2527 594 2606 Θεολόγου
616 2527 677 2599 τοίις
701 2527 876 2601 δηλωθέντας
898 2527 1045 2606 παροίκους
1068 2527 1112 2588 έπί
1134 2527 1173 2608 τῷ
1195 2531 1322 2607 κατέχειν

36 2647 121 2719 αὀταός
151 2647 200 2708 καί
223 2647 376 2722 λαμβάνειν
401 2647 431 2720 ἐξ
459 2650 543 2708 αὐτῶν
566 2647 627 2720 τοὺς
650 2649 679 2707 ἑν
703 2650 769 2731 αὐτή
793 2649 931 2726 μοναχοίις
953 2652 983 2708 τό
1007 2649 1088 2728 ῥηθὲν
1110 2652 1193 2722 τέλος
1220 2650 1323 2712 καὶτὰ

37 2766 80 2826 ἀτί
108 2769 212 2828 τούτων
243 2771 380 2844 ἀνήκοντα
410 2771 499 2841 αὺτοῖς
528 2771 613 2830 λοιπὰ
639 2771 803 2851 παροικιατιόι
832 2771 925 2831 δίκαια
952 2773 990 2846 μή
1020 2773 1191 2852 εὑρίσκοντας
1219 2773 1263 2833 ἐπί
1289 2781 1322 2856 τῇ

35 2899 134 2971 κατοχῇ
166 2893 267 2951 τούτων
297 2889 372 2972 παρά
397 2911 469 2962 τινος
499 2891 654 2968 διασεισμόν
679 2895 697 2966 ή
725 2893 898 2970 διενόχλησιν
929 2892 1091 2968 οίανδήτινα.
1126 2894 1172 2953 καί
1200 2897 1322 2969 ποιήσεις

35 3012 97 3070 κατόι
123 3015 171 3072 τόν
198 3015 319 3094 παρόντα
345 3014 465 3094 όρισμόν,
492 3015 522 3072 όν
549 3011 596 3074 καί
618 3009 814 3099 ἀντίστρείψον]
836 3016 903 3095 πρός
927 3015 1022 3086 αύτούς
1045 3015 1078 3089 δὴ
1101 3017 1162 3088 τοὺς
1185 3016 1322 3094 μοναχούς

36 3131 64 3190 δι’
86 3135 250 3214 ἀσφάλειαν.
273 3133 352 3212 μηνί
373 3137 594 3216 σεπτεμβρίῳ,
619 3135 830 3208 ίνδικπιῶνος
853 3134 885 3198 ε’.
910 3137 930 3215 †

129 3264 277 3333 Δασίιείμρ.
295 3264 381 3319 chart.
405 3263 481 3319 Εάια.
505 3281 555 3316 nro
571 3267 621 3318 91.
645 3265 749 3318 Μαααίιι
771 3271 796 3318 σί
818 3265 929 3319 indictio
951 3265 1055 3334 σαντ’ρία
1078 3272 1141 3319 eunt
1163 3266 1320 3320 οίαιιαάανσ.

40 3367 139 3423 Tabula
164 3369 274 3422 ιιίάσίιιν
296 3369 438 3422 tribuenda
462 3369 614 3422 Andronico
630 3369 690 3425 ΙΙΙ.
714 3375 739 3424 εί
762 3387 833 3424 anno
858 3371 941 3424 1336
965 3367 1083 3438 (6845).

304 3653 389 3720 CXI.
415 3653 491 3720 Sine
514 3677 608 3741 anno,
630 3678 740 3722 mense
763 3658 886 3741 martio,
909 3655 974 3721 ind.
998 3655 1055 3722 VI.

104 3805 260 3874 Imperator
283 3803 424 3873 confirmat
446 3805 607 3858 monasterio
625 3805 806 3874 possessiones
828 3806 857 3858 ιἰι
879 3806 976 3860 insulis
1000 3807 1099 3860 Lemno
1122 3812 1147 3860 εί
1169 3808 1248 3862 Lero.

130 3993 152 4070 †
176 3987 256 4048 Ἐπεὶ
279 3989 305 4048 σί
327 3987 443 4066 μοναχοί
465 3996 514 4066 της
536 3990 607 4049 κατὰ
629 3991 677 4065 τήν
694 3991 805 4066 Πάπμον
829 3989 980 4067 σεβασμίας
1003 3997 1089 4066 μονῆς
1112 3998 1160 4067 τῆς
1181 3989 1220 4063 εἰς
1235 3992 1322 4068 όνομα

35 4115 183 4188 τιμωμένης
211 4116 257 4172 τοῦ
284 4112 362 4192 ἁγίου
384 4112 537 4172 ἀποστόλου
564 4111 610 4172 καί
641 4112 836 4191 εὐαγγελιστοϋ
860 4113 986 4173 Ἰωάννου
1014 4117 1060 4172 τοῦ
1083 4111 1227 4192 Θεολόγου
1254 4113 1321 4172 ἀνέ-

36 4253 116 4312 ρερον,
150 4235 191 4294 ότι
224 4235 370 4310 κέκτηνται
403 4232 441 4305 είς
474 4236 523 4310 τὴν
554 4240 634 4310 νῆσον
658 4237 770 4312 Λῆμνον
804 4237 932 4313 μετόχιον
962 4236 1005 4294 ἐπ’
1025 4234 1136 4311 όνόματι
1170 4237 1321 4312 τιμιύμενον

35 4360 75 4415 τοῦ
95 4356 184 4431 τιμίου
207 4352 422 4436 ἀρχιστρατήγου
447 4362 501 4416 τῶν
524 4353 594 4418 ’Ἁνω
617 4360 764 4434 Δυνάμεων
788 4357 916 4436 Μιχαήλ,
943 4351 1017 4437 ᾧτινι
1041 4359 1176 4438 πρόσεισιν
1199 4357 1323 4433 ἀμπέλια

37 4495 96 4555 τινα,
119 4477 258 4561 χω[ροίηια
272 4477 320 4538 καί
335 4474 507 4565 ὑδρομύ]λων
522 4482 688 4560 χειμερινός,
707 4479 864 4560 περιβόλων
879 4477 927 4539 καί
942 4481 1074 4558 πάροικοι,
1097 4479 1137 4557 ἐρ’
1150 4472 1191 4552 σίς
1211 4479 1322 4559 ἐγένετο

38 4597 101 4678 αυτῷ
123 4600 169 4660 καί
196 4601 369 4680 άπογραφινιὴ
393 4597 573 4677 σιγιλλιιύδης
596 4602 823 4674 ἀποκατάστασις
851 4601 952 4677 ὁμοίως
977 4603 1096 4682 πρόσεισι
1119 4601 1203 4681 τούτῳ
1227 4599 1261 4678 δή
1283 4601 1322 4680 τῷ

37 4722 151 4801 μετοχίῳ
181 4722 227 4782 διά
255 4720 464 4802 προστάγματος
490 4722 538 4782 καί
564 4724 652 4806 ἕτεροι
678 4727 804 4804 πάροικοι
830 4723 1014 4806 εὑρισκόμενοι
1041 4721 1082 4794 είς
1108 4724 1138 4783 τό
1164 4724 1265 4806 χωρίον
1292 4725 1323 4784 τό
