3162 5278
1272 327 1334 393 271

53 523 162 608 μοιχείᾳ
189 524 221 586 τό
252 523 355 601 ἐνδυμα
385 523 561 606 βσρβσρῶσῃς
588 521 636 584 καί
667 523 786 607 άκοίισφς
821 523 880 584 ἐκεῖ
907 522 983 604 παρὰ
1011 527 1058 584 τοῦ
1087 523 1197 604 νυμφίου
1224 523 1338 603 Χριστοῦ

51 647 170 724 τοιαύτης
188 652 293 727 φωνῆς·
313 647 435 727 «ἑταῖρε,
457 651 517 719 στῶς
532 641 659 722 είσήλθες
681 639 736 706 ὦδε
759 645 798 723 μὴ
822 645 920 724 ίχσντα
944 644 1046 722 ίνδυμα
1066 647 1187 724 γάμου».
1212 643 1250 722 μὴ
1274 643 1336 706 ἐπι·

50 769 123 854 υριίᾳ
145 769 270 853 φθιίρῃς,
293 769 333 845 μὴ
356 767 517 850 βλασφημίᾳ
544 765 651 850 μιάνφς,
679 766 758 828 ἀλλὰ
783 767 904 848 πρόσεχε
926 768 1038 828 σεαυτόν
1062 765 1110 827 καὶ
1132 765 1280 847 άσφαλίζσυ
1305 767 1336 826 τό

50 896 93 966 τῆς
113 895 208 970 ψυχῆς
221 911 272 952 σου
293 889 430 970 κιβῶτισν,
453 891 483 950 τό
502 895 593 970 σῶμα,
615 888 663 950 καὶ
684 888 783 962 καλῶς
801 890 878 971 τήρει
898 893 945 950 τοῦ
967 887 1152 966 βαπτίσματος
1173 890 1204 949 τῦ
1217 887 1336 968 ἱμάτιον,
1454 973 1458 978 .

50 1013 154 1094 μίρισον
184 1013 259 1089 στἀτό,
286 1010 427 1093 θομίασσν,
457 1010 550 1086 βάλλε
579 1016 738 1092 προσευχῶν
767 1012 933 1092 θυμιάματα,
962 1011 1048 1072 πλῦνε
1079 1012 1141 1070 αδτδ
1171 1010 1335 1092 δικαιοσύνῃ,

49 1131 148 1216 ἀγάπη,
177 1132 305 1217 ἀληθεία,
335 1133 520 1215 ἑλεημοσόνη,
548 1132 688 1215 μετανοίᾳ,
719 1129 926 1214 ἐξομαλόγησσν
954 1131 1001 1192 καί
1030 1133 1059 1192 ἐν
1090 1132 1211 1214 δάκρυσι,
1243 1132 1335 1192 ἔπειτα

48 1257 112 1335 λέγε
134 1253 175 1334 τῷ
198 1254 268 1334 θεῷ·
290 1255 494 1332 κατευθανθήπυ
516 1256 534 1330 ή
556 1255 696 1336 προσευχή
719 1273 771 1330 μου
793 1256 833 1328 ῶς
854 1254 976 1330 θυμίαμα
999 1254 1113 1316 ἐνῶπιόν
1135 1275 1191 1317 σου.
1214 1261 1336 1332 συνεχῶς

49 1375 88 1439 σἰν
113 1379 146 1438 τό
173 1376 281 1454 ἱμάτιον
306 1381 352 1438 ταῦ
379 1376 564 1454 βαπτίσματος
589 1380 649 1450 ταῖς
674 1378 840 1458 προσευχαῖς
866 1374 912 1438 καί
938 1379 997 1450 ταῖς
1019 1375 1204 1456 γονυκλισίσις
1230 1377 1335 1436 τίνασσε

47 1500 171 1572 καὶτοῖς
196 1497 334 1574 νηστείαις
361 1498 533 1580 καλλόιπιίε,
562 1498 606 1559 ἵνα
633 1499 672 1574 μὴ
699 1497 726 1558 οί
752 1497 898 1574 σκώληκες
923 1503 979 1558 τῶν
1001 1497 1112 1578 φαῦλων
1138 1495 1185 1558 καὶ
1210 1504 1335 1578 πονηρῶν

48 1622 187 1700 λογισμῶν
207 1625 285 1681 τοῦτο
308 1619 503 1702 διαφθείρωσιν.
533 1617 646 1702 οἴδασιν,
669 1618 817 1701 ἀγαπητοί,
839 1619 863 1680 σί
885 1621 1071 1702 παραθέμενοι
1093 1619 1221 1700 ἄγγελοι,
1244 1621 1335 1681 όποῖον

47 1745 118 1820 ῦμῶν
147 1745 194 1804 τόν
223 1747 328 1821 χιτῶνα
355 1744 514 1823 παρέθεντο,
549 1740 589 1815 εἰς
618 1741 652 1802 τά
682 1743 737 1803 άνω
773 1741 902 1818 βασιλικά
932 1742 1048 1822 βραβεῖοι
1079 1743 1211 1822 ἔγραψαν,
1244 1743 1336 1802 όποῖον

46 1865 125 1941 ἐδόθη
148 1865 264 1944 ἱμάτιον,
288 1863 361 1926 σῦτοί
385 1865 511 1945 ἔρχονται
533 1866 646 1940 ζητήσαι
673 1863 738 1924 αθτδ
767 1863 821 1924 άπό
846 1867 897 1942 τής
921 1867 1011 1942 ψυχῆς
1033 1864 1118 1944 ὑμῶν,
1145 1863 1201 1944 καί,
1225 1864 1273 1924 ἐὰν
1296 1864 1334 1940 μή

47 1988 155 2068 εῦρωσιν
182 1987 308 2068 ἄσπιλον,
335 1985 360 2046 τί
386 1989 528 2066 πσιήσετες
555 1987 605 2046 οθκ
631 1986 669 2046 ἐτι
696 1985 892 2066 κολυμβήθραν
920 1986 1062 2066 εῦφήσητε,
1089 1986 1141 2064 οῦχ
1163 1985 1248 2066 ίερέοι.
1278 1985 1336 2046 ἐκεῖ

46 2111 166 2186 ποταμός
195 2111 278 2190 πυρός
309 2107 389 2187 ἐστίν,
420 2107 562 2190 Ἰορδάνης
592 2108 642 2168 οῦκ
671 2107 751 2172 ἐστιν.
782 2108 935 2188 ἐρωτήσατε
964 2108 1027 2180 τοῦς
1055 2101 1111 2168 ὧδε
1141 2110 1187 2168 τοῦ
1215 2104 1335 2186 ἐπιγείου

46 2231 184 2305 βασιλέως
214 2230 431 2310 ίματιοφῦλακας
465 2223 513 2291 καί
544 2231 656 2310 μάθετε,
691 2235 751 2302 πῶς
785 2229 984 2310 ἀναγράφουσαι
1017 2229 1079 2301 τοῦς
1108 2229 1254 2306 βασιλικὰς
1286 2226 1334 2290 καὶ

47 2353 156 2414 διάλιθα
175 2353 271 2429 ίμότια
288 2354 468 2433 κατέχοντας,
490 2357 549 2424 πῶς
567 2352 629 2424 τοὺς
649 2353 835 2428 ἐπικειμένους
857 2351 896 2430 τῷ
918 2351 1017 2431 ίματίῳ
1038 2351 1208 2433 μαργαρίτας
1229 2349 1335 2432 ἀριθμῷ

45 2475 224 2555 παραδιδόασι
246 2473 294 2536 καί
315 2471 653 2557 παραλαμβάνουσαξτῶς
674 2477 784 2534 τοιαῦτα
807 2474 970 2554 ἀπαιτοῦσιν,
994 2467 1106 2534 οἷσκαὶ
1129 2473 1288 2554 δεδώκασιν,
1312 2469 1335 2533 εἰ

46 2595 74 2655 δὲ
94 2595 144 2656 καί
164 2617 215 2658 παι
238 2589 278 2670 εἷς
301 2595 472 2678 μαργαρίτης
495 2595 618 2656 ἐκπεσὼν
640 2595 794 2676 ἀπολεῖται,
817 2595 887 2671 μετὰ
909 2597 1000 2671 πάσης
1022 2594 1122 2673 ζημίας
1143 2593 1191 2656 καί
1214 2595 1336 2674 θλίψεως

44 2720 72 2778 τ“ο
100 2717 302 2795 ἄπολλῶμενσν
329 2717 554 2778 άντικαθίστστσιι.
585 2715 685 2797 πολλῷ
712 2717 823 2794 μᾶλλον
849 2718 945 2796 ήμεῖς,
976 2713 1099 2798 ἀδελφοί,
1133 2717 1255 2799 οίιροινίσυ
1289 2716 1336 2778 καί

45 2839 177 2920 άφθάμιαι
192 2840 331 2918 βασιλέως
345 2839 452 2915 ἱμάτιον
465 2839 697 2922 περιβεβλημένοι
718 2841 764 2898 τοῦ
779 2837 857 2917 ἁγίου
879 2837 1078 2918 βαπτίσματος,
1102 2838 1151 2898 ἐὰν
1173 2838 1335 2915 μσλῦνωμεν

46 2961 89 3022 καὶ
113 2958 369 3044 καταρρυπὼσωμεν
391 2963 455 3022 αῦτδ
478 2956 544 3047 [διὰ]
560 2959 672 3043 πράξεις
685 2963 815 3042 πονηράς,
839 2959 917 3040 λέγω
938 2960 969 3020 δὲ
989 2959 1035 3022 διὰ
1048 2958 1185 3040 πορνείας,
1208 2957 1336 3038 μοιχείας

47 3083 273 3165 άρρενομανείας,
297 3083 453 3160 μαλοσιίας,
482 3085 583 3164 μέθης,
605 3079 783 3164 πλεονεξίας,
806 3081 998 3164 φιλαργυρίας,
1021 3081 1226 3164 ἀσπλαγχνίας,
1252 3103 1335 3144 κενο-

47 3203 152 3286 δοξία,
175 3206 372 3287 ὑπαντῶσι
394 3203 624 3286 γαστριμαργίας,
647 3205 753 3284 φθόνον,
777 3203 883 3284 μίσους,
907 3204 1087 3282 μνησικακία
1108 3203 1155 3264 καὶ
1177 3205 1276 3286 ὄιτῖι,
1300 3205 1335 3266 δι’

47 3329 79 3400 ἃς
100 3327 246 3409 χωρίζεται
268 3329 298 3388 τδ
319 3329 463 3408 πρόσωπον
485 3331 532 3387 τοῦ
554 3326 616 3388 θεοῦ
639 3327 654 3385 ό
675 3327 805 3420 τοισυίταςΙ
821 3329 957 3408 πράσσων,
980 3326 1029 3388 ἐὰν
1051 3328 1090 3403 μὴ
1109 3327 1228 3408 γνησίως
1248 3345 1335 3404 μετα.

46 3451 128 3533 νοήσῃ
158 3449 205 3510 διὰ
232 3447 348 3510 πολλῶν
375 3449 499 3530 δακρύων
528 3445 576 3508 καί
602 3453 771 3528 στεναγμῶν,
801 3449 840 3508 ότι
870 3449 954 3522 οότως
980 3447 1034 3532 βοᾷ
1062 3445 1110 3508 καί
1132 3449 1147 3508 ό
1170 3449 1243 3521 θεῖος
1265 3449 1335 3512 άπό-

46 3570 156 3644 οτσλσς·
184 3571 247 3647 «μὴ
265 3569 420 3631 πλανᾶσθε·
444 3567 505 3630 οὔτε
523 3572 618 3650 πόρνοι
639 3567 700 3630 οῦτε
723 3567 815 3647 μοιχοὶ
839 3567 899 3630 οὔτε
923 3569 1055 3651 μαλακοί,
1078 3571 1108 3631 σθ
1130 3570 1263 3654 λοίδοροι,
1286 3573 1337 3651 οῦχ

50 3693 182 3774 ἅρπαγες,
209 3694 241 3754 οθ
268 3694 378 3770 μέθυσοι
405 3691 549 3767 βασιλείαν
576 3693 638 3752 θεοῦ
664 3691 935 3772 κληρονομήσουσι».
958 3691 1006 3752 καὶ
1028 3691 1120 3765 αὖθις·
1147 3695 1282 3775 «πόρνους
1305 3693 1336 3756 δὲ

48 3811 94 3873 καὶ
115 3815 229 3894 μοιχοὺς
254 3819 339 3896 κρινεῖ
365 3815 381 3874 ό
403 3815 501 3895 θεός»,
528 3812 605 3894 φησὶν
628 3815 643 3872 ό
666 3813 746 3886 αῦτδς
771 3815 844 3887 θεῖος
866 3814 1029 3888 ἀπόστολος.
1051 3812 1076 3874 τί
1098 3814 1250 3896 ἀπολογίαν
1272 3814 1335 3878 λοι-

48 3936 97 3994 πόν
125 3937 258 4014 δῶσωμεν
287 3935 327 4017 τῷ
353 3934 419 4016 θεῷ,
450 3934 499 3996 ἐὰν
527 3935 560 3996 ἐκ
585 3940 639 3996 τῶν
665 3936 759 3996 παθῶν
785 3936 885 3997 τούτων
912 3937 962 3997 ὑπό
989 3937 1051 4010 ἐνδς
1077 3939 1160 4012 μόνου
1182 3937 1336 4018 εῦρεθιῦμεν

51 4055 262 4139 δεδυσλωμένοι,
287 4061 306 4133 ή
329 4062 407 4130 ποῖος
433 4057 493 4138 ἔχει
520 4059 651 4136 βοηθήσαι
677 4059 743 4136 ἡμῖν
774 4056 818 4120 ἐπὶ
845 4061 902 4132 τοῖς
927 4059 1149 4137 τλημμελήμασι
1175 4059 1278 4133 τούτοις
1307 4060 1336 4121 ἐν

51 4183 84 4260 τῇ
109 4181 167 4264 ῦρφ
191 4187 242 4258 τῆς
270 4177 381 4260 ἐξόδους
407 4179 492 4252 όντως
519 4177 622 4261 σῦδείς,
645 4179 712 4240 ἀλλ’
736 4179 765 4239 ἐν
788 4175 810 4260 ᾧ
833 4181 929 4263 εὑρεθῇ
953 4181 1075 4260 ἕκαστος,
1099 4182 1184 4254 οῦτως
1205 4181 1252 4243 καὶ
1274 4202 1336 4264 κρι-

50 4299 157 4375 θέρετσι
178 4300 226 4362 καὶ
248 4301 375 4363 κατὰτὰ
397 4303 465 4384 ἐργα
492 4303 572 4364 αῦτοῦ
593 4303 611 4378 ή
634 4297 831 4377 δοξασθήσεται
852 4304 871 4376 ή
894 4299 1107 4378 αἰσχυνθήσεται.
1135 4306 1219 4364 ταῦτα
1241 4305 1337 4386 γράφω

51 4421 120 4504 ὑμῖν,
146 4423 239 4486 τεκνία
261 4445 322 4502 μου,
351 4425 403 4503 οδχ
424 4425 464 4486 ότι
487 4424 623 4504 ἐσφάλατέ
648 4445 673 4484 τι
695 4429 750 4484 τῶν
771 4425 897 4484 τοιούτων
919 4423 1180 4506 πλημμελημάτων,
1203 4424 1271 4486 ἀλλ’
1293 4425 1338 4487 ἵνα

53 4544 92 4619 μὴ
117 4545 168 4606 δπδ
192 4550 241 4607 τοῦ
267 4549 313 4606 νῦν
338 4548 501 4628 περιπέπγτε
526 4546 642 4627 τούτοις,
671 4545 706 4606 δι’
729 4539 767 4606 ὧν
789 4545 900 4626 ἔρχεται
920 4546 940 4624 ἠ
961 4545 1030 4627 όργὴ
1056 4549 1103 4607 τοῦ
1124 4548 1187 4607 θεοῦ
1209 4546 1253 4608 ἐπὶ
1274 4548 1336 4621 τοῦς

52 4663 176 4740 ἀπειθεῖς.
208 4667 262 4751 διό,
289 4668 456 4752 παρακαλῶ,
479 4667 615 4748 ἀπέχεσθε
642 4667 696 4728 ἀπό
721 4668 822 4740 παντός
847 4671 944 4752 κακοῦ,
970 4668 1024 4730 ἀπό
1052 4669 1146 4751 ζήλου,
1173 4669 1227 4732 άπδ
1253 4690 1336 4732 συκο-
