3228 5294
1315 377 1355 438 37

78 567 197 646 Λεπίδου,
218 569 286 648 πρὸς
310 567 341 627 δέ
364 567 464 648 βορρᾶν
480 573 526 627 τοῦ
545 569 767 648 περιοριζομένου
786 569 868 628 τόπου
884 573 938 628 τῶν
954 569 1109 642 Τερενίιυν·
1134 563 1271 641 είδόὀτως
1285 589 1356 628 κατ-

77 690 170 767 έρχεται
196 691 244 764 τὴν
274 689 358 764 αὐτὴν
388 691 477 770 ράχην
506 688 553 748 καὶ
579 690 690 768 ἔρχεται
717 688 756 760 εἰς
781 691 827 749 τὸν
856 689 938 750 τόστον
968 691 1014 750 τὸν
1044 690 1198 769 λεχόμενον
1227 691 1356 770 Γοίιρνας,

73 811 164 888 σχοινά
179 809 211 870 ν’.
226 809 275 870 καί
291 811 344 870 ἀπὸ
359 816 412 870 τῶν
430 811 518 870 ἐκεῖσε
533 813 628 890 κρατεῖ
641 811 690 885 τὴν
707 811 794 890 ροίχην
810 811 871 870 κατ’
888 812 994 870 είιθεῖοιν
1010 808 1057 870 καὶ
1072 810 1232 887 ἀκουμβίζει
1248 818 1355 891 κρατῶν

72 934 96 991 τό
115 934 185 992 καίτοι
208 935 352 1010 μονοποίτι,
375 929 422 990 καὶ
446 931 548 991 ἐκνεύει
571 931 667 1010 ὀλίγον
691 929 730 1002 είς
752 933 798 990 τὸν
814 931 947 1011 Ιπετρώδη
970 933 1062 1011 τέπον,
1087 931 1152 992 ἔνθα
1174 931 1221 992 καὶ
1245 925 1356 1014 σταυρὸς

71 1055 124 1134 παρ’
138 1057 214 1128 ἡμῶν
236 1056 347 1133 γέγονε,
371 1052 479 1132 σχοινία
501 1053 556 1132 κγ’.
582 1047 641 1112 εἶτα
663 1053 751 1135 περνᾷ
772 1053 821 1128 τὴν
843 1052 977 1132 λαχχάδα
999 1051 1046 1112 καὶ
1061 1053 1092 1112 τό
1115 1054 1266 1134 ἀνοίραχον,
1291 1041 1356 1114 ἔνθα

71 1174 107 1234 καί
126 1178 236 1255 σταυρὸς
260 1177 371 1254 γέγονε,
398 1175 504 1252 σχοινία
527 1174 560 1246 ζ’.
586 1178 681 1256 κρατεῖ
700 1175 749 1250 τἠν
765 1175 854 1254 ροίχην
871 1176 960 1255 ράχην
975 1173 1022 1234 καὶ
1037 1175 1182 1258 ἀντιπερνᾷ
1196 1164 1244 1251 τὴν
1260 1177 1357 1257 ἑτέραν

71 1297 187 1374 λπχχέδα
210 1293 251 1367 είς
272 1298 322 1372 τἠν
344 1299 437 1375 πηγὴν
458 1297 507 1372 τὸν
529 1297 597 1357 ποτὲ
620 1297 671 1372 μέν
695 1297 856 1376 βλίζουσαν,
879 1297 946 1356 ποτέ
970 1295 1000 1355 δέ
1028 1295 1220 1373 ἐκλείπουσαν,
1246 1295 1293 1358 καί
1315 1295 1355 1370 είς

69 1418 108 1491 την
133 1418 251 1494 πλησίον
282 1420 366 1495 αίιτῆς
395 1423 506 1499 πέτραν,
538 1419 603 1479 ἔνθα
631 1417 678 1478 καὶ
709 1421 821 1500 σταυρὸς
850 1419 961 1500 γέγονε,
992 1419 1098 1497 σχοινία
1124 1415 1161 1494 η’.
1194 1413 1243 1478 εἶθ’
1270 1419 1355 1490 οὓτως

70 1539 200 1619 ἀνέρχεται
222 1545 332 1620 στρατῶν
361 1543 406 1601 τὸν
439 1539 521 1622 ξηρὸν
553 1542 639 1621 ῥίακα
667 1541 729 1600 κατ’
753 1541 869 1622 εδθεῖαν,
892 1539 939 1601 καὶ
962 1541 1074 1620 ἐρχεται
1097 1539 1136 1613 είς
1159 1541 1207 1615 τὴν
1229 1539 1354 1618 κεραλίην

69 1667 112 1720 τῶν
126 1658 250 1742 Ἀσπριυν
265 1663 413 1743 Κρημνῶν,
426 1663 496 1722 ἔνθα
514 1661 562 1722 καὶ
581 1664 694 1742 σταυρὸς
716 1663 828 1742 γέγονε,
852 1662 958 1740 σχοινία
980 1658 1017 1736 η’.
1042 1659 1089 1721 καί
1111 1661 1164 1721 ἀπὸ
1186 1667 1241 1722 τῶν
1265 1663 1354 1722 ἐκεῖσε

70 1781 193 1862 διέρχεται
215 1785 278 1844 κατ’
295 1785 411 1864 εὐθεῖαν,
432 1784 539 1862 σχοινία
561 1781 599 1862 β’,
617 1785 682 1843 ἔνθα
697 1781 743 1842 καί
766 1783 879 1862 σταυρὸς
900 1785 1031 1862 γέγονεν·
1060 1778 1111 1842 εἷθ’
1135 1782 1219 1854 οὕτως
1242 1783 1354 1862 διέρχε-

68 1925 101 1961 ται
115 1905 146 1962 τόι
159 1905 266 1982 πλοίχια
282 1907 390 1984 πλσίγια
405 1905 452 1964 καί
468 1907 617 1984 ἀπέρχεται
635 1903 674 1976 εἰς
690 1906 720 1964 τὸ
736 1901 876 1984 ἀνσίραχον
891 1909 938 1964 τοῦ
953 1903 1056 1984 Θόλου,
1076 1901 1115 1976 είς
1130 1905 1179 1979 τὴν
1193 1905 1281 1964 ποίλαι
1296 1903 1353 1963 λα-

68 2023 197 2106 βρσίτονοιν,
212 2030 384 2103 ποιησάντων
400 2027 446 2087 καί
461 2029 541 2104 ἡμῶν
558 2028 681 2105 οτανρόν,
698 2027 806 2104 σχοινία
822 2024 855 2087 ε’.
878 2031 986 2106 κρατῶν
1008 2027 1038 2084 τὸ
1062 2025 1216 2102 δισίπλαγσν
1240 2026 1353 2105 ἔρχεται

68 2143 99 2216 είς
117 2148 160 2205 τὸν
183 2144 265 2228 ξηρὸν
289 2149 384 2228 ρίακα,
410 2150 474 2207 ἔνθα
497 2148 543 2208 καί
567 2151 680 2229 σταυρὸς
702 2150 803 2227 γέγονε
818 2146 882 2227 παρ’
898 2149 988 2226 ἡμῶν,
1011 2147 1116 2225 σχοινία
1140 2145 1167 2208 ι’.
1192 2140 1244 2206 εἶθ’
1267 2148 1352 2218 οὓτως

68 2265 199 2347 ἀνατρέχει
229 2271 291 2328 κατ’
320 2271 426 2329 εδθεῐαν
451 2269 489 2342 είς
516 2271 564 2345 σἠν
595 2272 694 2350 ροίχην,
727 2271 792 2328 ἔνθα
822 2268 868 2330 καί
899 2271 1011 2348 σταυρὸς
1040 2271 1152 2348 γέγονε,
1183 2269 1288 2346 σχοινία
1321 2265 1351 2329 ε’.

66 2391 140 2471 περνᾷ
160 2391 205 2448 τὸν
233 2391 322 2470 ῥύακα
343 2389 558 2471 καίάνέρχεται
582 2391 621 2463 είς
642 2393 688 2450 τὸν
715 2391 906 2470 Ἀσπρόλιθσν,
936 2391 1000 2448 ἔνθα
1028 2388 1074 2450 καί
1103 2391 1215 2468 σταυρὸς
1242 2391 1352 2468 γέγονε,

66 2512 160 2586 σχοινία
182 2509 226 2586 ιβ’.
252 2513 396 2594 ἀντιπερνᾷ
417 2511 463 2572 καί
488 2513 597 2592 ἔρχεται
625 2511 665 2582 εἰς
686 2514 717 2571 τὸ
748 2511 919 2589 Ἃλοννίτζιν,
944 2512 1008 2570 ἔνθα
1030 2511 1077 2571 καὶ
1105 2513 1218 2590 σταυρὸς
1240 2514 1351 2592 γέγονε,

66 2633 158 2708 σχοινία
188 2631 221 2693 ε’.
252 2635 417 2712 κατέρχεται
446 2635 506 2694 κατ’
537 2637 642 2694 εὐθεῖαν
671 2633 718 2692 καί
750 2637 861 2715 ἔρχεται
892 2633 931 2705 εἰς
960 2635 1004 2693 τόν
1041 2634 1278 2713 Ἀνθρωπόλιθον,
1306 2631 1354 2694 καί

65 2755 214 2831 κατέρχεται
243 2753 282 2826 εἰς
309 2757 357 2830 τὴν
386 2755 492 2815 σκαλαν
519 2763 573 2815 τῶν
600 2755 767 2836 Διαπορίων,
796 2755 907 2836 διαιρῶν
935 2753 1013 2828 δεξιὰ
1040 2757 1090 2831 μὲν
1118 2755 1151 2814 τά
1179 2755 1271 2816 δίκαια
1299 2761 1352 2815 τῶν

65 2875 188 2948 ιίετίδιυν,
220 2877 350 2956 ἀριστερὰ
372 2877 403 2936 δὲ
430 2879 463 2935 τά
486 2877 578 2936 δίκαιοι
601 2883 646 2936 τοῦ
668 2879 889 2957 περιοριζομένου
916 2878 1008 2956 τόπου,
1035 2877 1142 2955 σχοινία
1165 2875 1204 2937 λ’.
1229 2875 1276 2936 καί
1299 2877 1352 2936 ἀπὸ

65 3002 110 3054 τῶν
124 2998 210 3057 ἐκεῖσε
230 3002 325 3078 κρατεῖ
346 3003 390 3059 τὸν
415 2999 542 3078 αίχιαλὸν
565 2998 692 3078 αἰγιαλὸν
714 3001 782 3080 πρὸς
805 2999 953 3078 ἀνατολσίς,
977 2996 1023 3057 καί
1046 2998 1186 3078 διέρχεται
1208 3001 1253 3057 τοῦ
1277 2998 1352 3057 Ἐπι-

65 3119 153 3178 σιέπου
173 3121 204 3179 τὸ
228 3118 471 3200 αίχιαλιτοκοίριον,
494 3119 541 3181 καί
565 3123 673 3201 ἔρχεται
698 3119 736 3192 είς
759 3123 789 3180 τὸ
812 3121 915 3180 λεπτὸν
935 3121 1102 3200 ἀκρωτήριον
1122 3123 1168 3178 τοῦ
1184 3119 1351 3198 Δραμάνθου,

65 3239 159 3316 σχοινία
187 3241 242 3322 ρη’.
272 3237 321 3302 εἷθ’
345 3243 431 3314 οὓτως
461 3244 606 3322 ἀνατρέχει
637 3242 683 3302 καί
713 3244 858 3322 ἀνέρχεται
886 3239 926 3314 είς
952 3241 1013 3313 τοὺς
1036 3237 1130 3313 Ὁξείς
1154 3239 1263 3320 Αίθους,
1288 3241 1352 3299 ἔνθα

63 3359 104 3419 καί
124 3365 234 3443 σταυρὸς
256 3365 367 3442 γέγονε,
391 3365 499 3442 σχοινία
521 3363 564 3439 ς’.
588 3369 695 3445 κρατῶν
718 3365 765 3438 τὴν
789 3365 878 3444 ροίχην
902 3363 992 3442 ῥάχην
1015 3362 1076 3422 κατ’
1100 3363 1215 3440 εὐθεῖαν,
1241 3361 1351 3440 ἔρχεται

65 3481 98 3554 είς
118 3487 163 3559 τὴν
185 3485 304 3564 Βίγλαν,
337 3484 443 3563 σχοινία
466 3485 500 3545 δ’.
524 3486 678 3564 περικέσιτει
708 3484 802 3563 ὀλίγον
833 3483 879 3544 καί
911 3485 1061 3564 ἀπέρχεται
1092 3481 1131 3556 είς
1159 3483 1209 3554 τὰς
1239 3480 1352 3554 Ὀξείας

64 3603 168 3684 Πέτρας·
191 3609 357 3686 κατέρχεται
373 3609 434 3666 κατ’
448 3609 554 3666 εόθείαν
570 3608 619 3682 τὴν
635 3608 723 3686 ράχην
741 3607 839 3686 ῥάχην,
855 3605 902 3665 καί
919 3607 1029 3684 ἔρχεται
1045 3604 1083 3675 είς
1098 3607 1129 3664 τὸ
1150 3606 1351 3684 Μονόοτρατον,

64 3723 97 3796 είς
116 3729 158 3786 τὸν
181 3729 293 3806 σταυρὸν
313 3730 359 3787 τὸν
380 3727 532 3808 διαιροῦντα
553 3729 621 3808 πρὸς
645 3727 745 3808 βορρᾶν
768 3728 803 3786 τόι
826 3727 917 3787 δίκαια
939 3731 986 3786 τοῦ
1007 3726 1165 3807 προαστείου
1189 3725 1350 3806 Καρδοίμου,

64 3846 178 3928 δριστερόι
202 3847 234 3908 δέ
257 3850 287 3909 τό
309 3850 538 3929 περιοριζόμενον,
565 3849 672 3926 σχοινία
697 3848 742 3922 ιβ’.
768 3843 827 3908 είτα
849 3851 943 3926 κρατεῖ
964 3848 1049 3907 ποίλιν
1071 3849 1120 3922 τὴν
1144 3848 1239 3927 ἑτέραν
1262 3848 1352 3927 ράχην

62 3967 102 4026 καί
121 3973 282 4050 κατέρχεται
312 3971 352 4043 εἰς
373 3973 420 4030 τὸν
448 3970 576 4049 αἰγιαλὸν
603 3970 650 4030 καί
673 3969 713 4043 εἰς
736 3973 765 4030 τὸ
793 3971 962 4050 ἀκρωτήριον
988 3972 1019 4028 τὸ
1048 3969 1164 4048 διαιροῦν
1193 3965 1271 4039 δεξιὰ
1298 3968 1351 4042 μὲν

62 4089 90 4146 τόι
109 4091 197 4152 ὀίκαια
219 4099 269 4168 τῆς
294 4093 453 4170 ἐπισκοπῆς,
481 4093 607 4172 ἀριστερὰ
630 4093 661 4152 δέ
683 4093 718 4152 τά
742 4091 834 4152 δίκαια
856 4095 902 4150 τοῦ
923 4091 1144 4170 περιοριζομένου
1163 4092 1255 4168 τόπου,
1284 4089 1352 4148 ἔνθα

63 4210 103 4270 καὶ
124 4216 237 4294 σταυρὸς
260 4216 371 4293 γέγονε,
396 4213 502 4291 σχοινία
526 4213 568 4276 ιδ’.
591 4209 639 4273 εἷθ’
664 4215 748 4285 οὔτως
767 4213 855 4272 κλίνει
870 4213 937 4290 πρὸς
953 4213 1039 4291 νότον,
1056 4214 1149 4290 κρατεῖ
1163 4211 1208 4270 τὸν
1225 4209 1351 4289 αίχιοιλὸν

64 4331 177 4410 αἰγιαλὸν
199 4335 247 4396 καὶ
269 4337 300 4395 τό
323 4336 501 4416 ἀκρωτήριον,
525 4335 572 4394 καί
595 4337 745 4416 ἀπέρχεται
772 4333 811 4405 είς
838 4333 883 4392 τὸν
910 4333 991 4390 τόπον
1019 4335 1064 4390 τοῦ
1093 4332 1275 4410 Μαλλωτοίρη
1303 4331 1350 4391 καὶ

63 4453 95 4526 είς
114 4459 160 4532 τὴν
184 4459 275 4516 ἐκεῖσε
297 4459 447 4538 χραρεῖσαν
469 4459 580 4538 πέτραν,
604 4457 666 4516 ὅθεν
693 4455 740 4514 καὶ
766 4451 881 4533 ἤρξατο·
911 4454 1012 4513 ἔσωθεν
1035 4451 1067 4512 δὲ
1089 4457 1135 4512 τοῦ
1157 4453 1275 4512 τοιούτου
1296 4473 1350 4512 πε-

61 4583 185 4657 ρισρισμοῦ
208 4579 305 4656 εὑρέθη
329 4583 366 4655 γῆ
390 4579 519 4657 σπόριμος
548 4575 652 4652 μσδίυιν
682 4573 748 4654 σιθ’,
779 4577 817 4647 ὡς
847 4579 897 4650 τῆς
927 4575 1027 4650 λοιπῆς
1060 4571 1140 4649 οὔσης
1167 4573 1274 4654 ὀρεινῆς
1303 4573 1351 4633 καί

60 4701 221 4774 νομαδιαίας.
258 4699 395 4774 ἐκκλησία
417 4699 442 4759 σί
465 4700 538 4778 ἀχιοι
573 4699 745 4778 Ἀνοίργυροι,
780 4695 901 4777 θολυτη,
936 4695 1063 4778 δρομική,
1097 4696 1269 4776 τεθυρωμένη
1302 4693 1349 4753 καί
