3162 5278
238 335 301 400 348

238 526 336 590 σίλλων
371 530 490 606 μάλιστα
522 530 557 588 νά
588 509 723 604 λάβωμεν
755 530 943 611 πληροφορίας
975 535 1025 605 τῆς
1054 529 1108 606 ήδη
1142 531 1337 602 καταστάσεως
1369 532 1416 588 τοῦ
1451 529 1536 588 αἰτέθι

239 650 379 731 σχολείσυ,
409 652 440 710 τ“ο
467 651 559 711 διτοῑον
581 651 688 726 ήνθισεν
716 648 756 723 είς
782 650 843 724 τοὺς
870 651 1055 731 παρελθόντας
1082 653 1198 730 χρόνους
1224 647 1271 710 καί
1300 649 1388 709 ἔδωκε
1415 651 1535 728 καρτοῦς

238 779 378 851 προκοπῆς
401 770 447 831 καὶ
469 771 606 850 ὡφελείας
629 769 669 844 εἰς
689 769 738 846 τὴν
761 773 904 846 κοινότητα
925 776 972 832 τοῦ
994 773 1103 851 γένους,
1131 774 1195 832 καθ’
1218 773 1264 844 οθς
1285 775 1400 852 χρόνους
1423 769 1534 845 δηλαδή

239 895 368 968 ἤκμασαν
397 893 425 951 έν
453 891 524 971 αὀτῷ
555 891 579 950 οί
607 891 682 971 σοφοί
712 878 759 952 καί
792 892 913 972 ἐνάρετσι
942 893 1039 953 ἐκεῖνον
1065 895 1256 972 καθηγεμόνες
1285 891 1331 952 καί
1359 892 1533 952 διδάσκαλοιι

240 1014 307 1073 ἀλλ’
332 1014 360 1072 ἐν
389 1013 549 1088 διαστήματι
575 1013 683 1092 χρόνων
709 1016 863 1094 τριάκοντα,
894 1013 939 1091 ἀφ’
963 1007 993 1073 οὗ
1020 1013 1129 1090 δηλαδὴ
1158 1011 1306 1086 ἀνεδέξατο
1331 1013 1381 1088 τἠν
1408 1012 1438 1071 ἐν
1467 1011 1534 1088 αθτῷ

241 1135 421 1195 διδασκαλίαν
443 1136 458 1193 θ
479 1134 533 1209 ήδη
558 1133 742 1214 διδάσκαλος,
765 1139 815 1214 κῡρ
838 1134 999 1213 Βασίλειος,
1024 1133 1070 1195 δέν
1095 1135 1178 1214 ἐφάνη
1201 1135 1318 1206 κάνένας
1340 1136 1445 1215 καρπδς
1466 1154 1533 1212 προ-

239 1263 328 1332 κοπῆς
352 1257 380 1330 μ’
398 1257 463 1316 θλτν
484 1257 550 1316 ὅπου
574 1256 633 1333 ἔχει
659 1253 706 1314 καί
728 1259 876 1336 καρποῦται
903 1258 934 1316 τδ
957 1256 1085 1335 σχολείσν
1112 1257 1146 1316 τὰ
1169 1257 1287 1336 αίιτάρκη
1312 1257 1448 1336 σιτηρέσιον
1470 1257 1532 1335 πρὶς

241 1375 371 1453 διοίκησιν
403 1375 451 1436 καί
483 1378 640 1457 κυβέρνησιν
670 1379 759 1440 αθτσῦ.
798 1380 859 1438 ὅθεν
894 1378 1043 1459 ἀναγκαῖον
1073 1377 1216 1460 ἐκρίναμεν
1249 1377 1296 1438 καί
1330 1376 1530 1456 θπεφασίσαμεν

239 1505 317 1580 κοινῇ
349 1499 473 1581 σονοδικῄ
504 1498 648 1578 διαγνώσει
675 1499 710 1558 νὰ
738 1499 926 1580 ἐρευνήσωμεν
953 1499 989 1574 μέ
1017 1499 1156 1580 ἀκρίβειαν
1184 1497 1230 1559 καί
1257 1498 1290 1556 νδι
1319 1497 1531 1574 διευθετήσωμεν

240 1619 286 1680 καὶ
308 1620 342 1680 τδι
356 1620 418 1702 περί
433 1626 479 1682 τοῦ
500 1622 629 1700 σχολείου
651 1622 744 1684 τοίντου
766 1621 836 1682 κατὰ
859 1624 889 1682 τδ
910 1625 1008 1702 χρέος,
1032 1623 1098 1681 6ποῦ
1122 1622 1234 1700 ἔχομεν,
1257 1620 1304 1680 καί
1330 1621 1378 1694 τὴν
1402 1620 1530 1700 φροντίδα,

241 1745 306 1803 ὅπου
330 1744 506 1820 ἀνελάβομεν
528 1743 590 1826 περί
612 1751 662 1822 της
685 1747 837 1816 συστάσεως
860 1745 934 1804 δλων
956 1750 1010 1804 τῶν
1033 1743 1171 1822 σχολείων
1198 1747 1244 1804 τοῦ
1265 1743 1328 1802 καθ’
1351 1743 1427 1816 ἡμᾶς
1449 1743 1531 1820 ἁγιω-

240 1863 320 1924 τάτου
346 1867 438 1925 τούτου
466 1865 653 1941 οἰκουμενικοίι
682 1867 786 1945 θρένου.
814 1864 861 1925 καὶ
887 1872 993 1945 πρῶτον
1020 1867 1071 1941 μέν
1100 1865 1270 1943 θπεφασίσθη
1299 1863 1445 1936 συναδικώς
1471 1863 1530 1941 παρ’

240 1989 329 2068 ήμῶν,
350 1990 388 2046 δτι
404 1987 438 2046 νδ
453 1987 515 2068 γίνῃ
532 1987 646 2067 ἀκριβὴς
661 1989 823 2070 καταγραφὴ
846 1989 918 2048 ὅλων
938 1993 991 2047 τῶν
1012 1986 1126 2062 βιβλίων
1146 1993 1195 2062 τῆς
1211 1985 1333 2067 σχολῆς,
1357 1986 1407 2045 ὅσα
1426 1984 1530 2061 δηλαδίΙ

241 2108 272 2181 ἐξ
296 2110 385 2189 ἀρχῆς
410 2110 551 2186 ἐκέκτητο,
575 2111 676 2184 ὁμοίως
700 2109 731 2169 δέ
753 2109 800 2170 καί
822 2115 875 2169 τῶν
891 2113 1111 2191 συγγραμμάτων
1128 2112 1174 2168 τοῦ
1197 2107 1346 2189 μακαρίτου
1370 2103 1530 2168 διδασκάλου

241 2232 395 2311 Μακαρίου,
422 2229 470 2291 καὶ
491 2232 526 2289 νθι
547 2233 773 2312 καταγραφθώσιν
796 2234 825 2291 ἐν
846 2233 914 2312 προς
939 2234 977 2311 ἐν,
1001 2233 1051 2290 ὅσα
1075 2233 1204 2302 σώζονται
1226 2229 1294 2308 ήδη,
1321 2229 1369 2289 καὶ
1395 2229 1430 2288 νά
1452 2249 1530 2308 φανε-

242 2354 347 2432 ρωθῶσι
373 2352 407 2412 τὰ
435 2353 610 2433 ἐλλείποντα,
638 2353 674 2428 μέ
701 2355 777 2413 ποῖον
800 2355 898 2432 τρόπον
924 2351 971 2412 καὶ
993 2357 1044 2414 ποῦ
1066 2353 1225 2432 περιέπεσον
1252 2349 1299 2411 καί
1322 2351 1492 2431 εὑρίσκονται.
1518 2351 1530 2406 έ

243 2473 274 2534 δὲ
307 2479 425 2545 τοιοῦτος
458 2475 629 2552 κατάλογος,
665 2475 731 2554 σίφοίι
760 2477 828 2556 γένῃ
863 2475 898 2550 μέ
927 2479 1016 2533 πᾶσαν
1048 2473 1188 2553 ἀκρίβειαν
1220 2471 1267 2533 καὶ
1301 2475 1443 2553 ὑπογραφῇ
1472 2471 1529 2548 παρ’

242 2595 327 2674 1ὀμών,
356 2595 390 2654 νδι
417 2597 521 2678 σταλθή
549 2595 663 2656 ἐνταῦθα
690 2597 757 2676 πρδς
773 2598 862 2672 ἡμᾶς.
893 2599 1003 2676 προσέτι
1030 2597 1064 2653 νά
1086 2595 1276 2674 φανερωθῶσιν
1304 2593 1344 2666 είς
1371 2597 1456 2670 μέσον
1482 2593 1531 2650 θλα

241 2715 275 2774 τὰ
303 2716 393 2794 άσττρα
418 2720 464 2776 τοῦ
492 2717 629 2797 σχολείου,
657 2719 723 2777 δποῦ
750 2716 795 2778 διὰ
821 2719 916 2797 χειρδς
942 2721 988 2776 τοῦ
1015 2717 1143 2796 ῥηθέντος
1171 2714 1348 2793 διδασκάλου,
1376 2717 1426 2791 κῦρ
1454 2714 1530 2772 Βασι-

242 2837 329 2915 λείου,
357 2833 427 2896 εἶναι
455 2837 592 2912 δεδομένα
615 2836 781 2919 δανειακώς,
809 2837 865 2898 εἴτε
887 2840 953 2916 πρδς
976 2837 1038 2909 τοὺς
1060 2837 1228 2916 χριστιανοίνς
1254 2841 1303 2910 τῆς
1326 2837 1408 2910 νήσου
1430 2835 1529 2909 ταύτης,

242 2957 297 3017 εἴτε
321 2955 359 3029 είς
379 2961 445 3018 Χίον
461 2958 507 3018 καὶ
528 2960 632 3032 σίλλους
655 2961 761 3040 τόπους,
784 2960 831 3020 καί
854 2960 888 3018 νά
910 2960 972 3042 γίνη
998 2958 1046 3018 καί
1068 2957 1129 3036 περί
1151 2959 1250 3018 τούτων
1274 2959 1438 3034 κατάστιχον
1462 2955 1530 3032 σίκρι-

242 3080 291 3154 βὲς
317 3079 364 3139 καίΙ
385 3083 506 3162 καθαρδν
533 3079 579 3141 καὶ
601 3081 636 3140 νδ
658 3081 817 3163 άποσταλθῄ
841 3082 969 3151 ώσοιίτως
994 3081 1108 3140 ἐνταῦθα
1130 3081 1198 3159 τρδς
1219 3081 1309 3159 ἡμᾶς,
1337 3078 1371 3137 τά
1394 3079 1426 3138 δέ
1450 3080 1530 3156 σίοπρα

241 3203 275 3262 νά
298 3206 413 3278 μένωσιν
436 3204 503 3280 ἐκεῖ,
528 3206 594 3264 δπσίι
617 3203 792 3284 εὑρίσκονται,
819 3203 1039 3284 ἁμετακινήτως,
1063 3205 1116 3275 ἕως
1140 3201 1168 3261 οὗ
1190 3202 1224 3260 νδι
1247 3199 1309 3282 γίνη
1333 3201 1471 3280 διορισμὸς
1491 3197 1530 3258 καί

243 3326 374 3402 ἀπόφασις
395 3328 459 3404 παρ’
482 3326 571 3405 ήμῶν,
594 3325 646 3406 πρδ
668 3327 776 3384 πάντων
800 3324 832 3384 δέ
854 3325 889 3384 νθι
911 3327 1053 3407 φανερωθῇ
1076 3324 1122 3383 καί
1144 3325 1177 3382 νδι
1200 3323 1358 3404 μαρτυρηθῇ
1380 3324 1398 3396 ἡ
1422 3323 1530 3396 ἀλήθεια

242 3448 306 3524 παρ’
330 3449 405 3520 Ι’σμών
427 3453 480 3505 τῶν
502 3447 698 3506 κατοικούντων
724 3447 751 3505 ἐν
774 3453 807 3528 τῇ
829 3450 904 3524 νήσῳ
926 3447 1023 3527 ταίιιη,
1047 3445 1202 3524 ἱερωμένων
1226 3465 1255 3504 τε
1277 3443 1324 3504 καί
1346 3444 1462 3522 λαϊκιῖιν,
1484 3447 1529 3500 τών

243 3567 354 3626 είδέτων
376 3567 473 3640 καλῶς
495 3568 528 3626 τά
549 3567 611 3648 περί
632 3577 682 3644 τῆς
703 3565 896 3639 καταστάσεως
919 3577 964 3627 τοῦ
987 3565 1115 3645 σχολείου
1137 3555 1239 3646 τοὺτου,
1264 3565 1302 3638 είς
1326 3565 1463 3641 διάστημα
1483 3563 1528 3636 δη-

241 3689 333 3750 λονότι
360 3692 502 3768 τριάκοντα
525 3691 642 3771 χρόνων,
670 3688 705 3764 μέ
728 3692 804 3749 ποῖον
828 3693 927 3769 τρόπον
951 3687 1091 3748 διετέλεσε
1113 3689 1300 3768 τροστατεθων
1322 3691 1372 3763 τῆς
1395 3685 1498 3764 σχολῆς
1518 3685 1529 3740 ί

243 3809 335 3891 ῥηθείς
367 3809 548 3890 διδάσκαλος,
578 3815 627 3891 κῦρ
655 3811 815 3890 Βασίλεισς,
845 3809 892 3871 καί
921 3817 982 3882 πῶς
1015 3811 1123 3890 ἐφέρετο
1158 3807 1198 3880 είς
1231 3809 1265 3868 τά
1296 3814 1346 3884 τής
1380 3808 1529 3881 διοικήσεως

242 3933 339 4012 αὐτῆς,
367 3931 432 4010 ἀφσῦ
463 3931 585 4004 ἀνέλαβε
614 3933 663 4007 τἠν
694 3932 892 4008 διδασκαλικὴν
918 3932 1081 4013 προστασίαν
1113 3933 1196 4011 μέχρι
1223 3936 1271 4006 τῆς
1298 3932 1427 4010 σήμερον,
1458 3927 1528 4000 οὔσης

243 4055 273 4114 δέ
300 4053 398 4132 χρείας
425 4053 458 4111 νέι
485 4052 590 4134 σταλθῇ
620 4055 684 4133 παρ’
707 4055 786 4128 ήμῶν
814 4051 933 4132 ἔξαρχος
962 4055 1172 4133 πατριαρχικός,
1204 4053 1318 4131 εθρομεν
1350 4052 1463 4111 ἐνταῦθα
1491 4051 1528 4106 :ev
1567 4099 1568 4102 ,

242 4177 386 4234 ὁσιώτατον
415 4176 620 4253 προηγούμενον
650 4179 696 4235 τοῦ
725 4178 805 4236 αίιτσῦ
834 4177 1025 4256 μσναστηρίσυ,
1057 4176 1085 4234 έν
1114 4175 1306 4254 ίερομσνοίχοις
1340 4177 1390 4254 κῦρ
1418 4175 1527 4246 Ἰωοίσιρ

243 4295 421 4378 Καλογερσῖν,
449 4293 536 4376 ἄνδρα
560 4300 659 4374 σεμνδν
686 4297 733 4358 καί
762 4296 836 4370 άξιον
865 4297 904 4369 εἰς
930 4300 979 4373 τήν
1007 4296 1234 4372 ἐκκλησιαστικὴν
1260 4293 1405 4374 ὑπουργίαν
1432 4295 1526 4366 ταίτην.

242 4418 287 4476 τδν
318 4417 408 4478 έποίσν
439 4420 596 4495 στέλλομεν
626 4421 680 4496 ήδη
714 4419 866 4499 ἐξαρχικῶς
902 4418 941 4492 είς
976 4420 1115 4479 έκτέλεοιν
1149 4425 1202 4478 τῶν
1237 4417 1362 4498 συνοδικῇ
1398 4417 1527 4494 διαγνώσει
1567 4467 1568 4490 3

244 4539 450 4619 ἀποφανθέντων
476 4543 540 4621 παρ’
563 4545 642 4616 ἡμῶν
669 4540 731 4620 περὶ
753 4549 803 4617 τής
825 4542 1020 4616 διευθετήτεως
1042 4541 1088 4600 καὶ
1112 4542 1265 4611 συστάσεως
1286 4543 1332 4599 ποθ
1356 4541 1446 4598 αθτάθι
1467 4557 1526 4614 σχε-
1567 4607 1568 4624 γ

242 4660 329 4722 λείου.
354 4665 445 4722 τουτου
467 4666 547 4744 χάριν
571 4661 611 4735 είς
632 4667 798 4744 παράστασιν
820 4669 870 4740 τῆς
893 4663 1026 4740 ἀληθείας
1049 4660 1095 4722 καί
1118 4661 1233 4736 βεβαίαν
1256 4661 1441 4742 πληροφορίαν
1459 4661 1525 4737 ἡμῶν
1567 4679 1568 4750 γ
