<?xml version="1.0" encoding="UTF-8"?>
<!DOCTYPE html PUBLIC "-//W3C//DTD XHTML 1.0 Transitional//EN"
    "http://www.w3.org/TR/xhtml1/DTD/xhtml1-transitional.dtd">
<html xmlns="http://www.w3.org/1999/xhtml" xml:lang="en" lang="en">
 <head>
  <title>
</title>
<meta http-equiv="Content-Type" content="text/html;charset=utf-8" />
  <meta name='ocr-system' content='tesseract 3.04.00' />
  <meta name='ocr-capabilities' content='ocr_page ocr_carea ocr_par ocr_line ocrx_word'/>
</head>
<body>
  <div class='ocr_page' id='page_1' title='image "./actaetdiplomata02miklgoog_0121.png"; bbox 0 0 3184 5288; ppageno 0'>
   <div class='ocr_carea' id='block_1_1' title="bbox 256 645 1579 1722">
    <p class='ocr_par' dir='ltr' id='par_1_1' title="bbox 364 645 1444 833">
     <span class='ocr_line' id='line_1_1' title="bbox 364 645 1444 733; baseline 0.002 -25"><span class='ocrx_word' id='word_1_1' title='bbox 364 645 506 710; x_wconf 86' lang='lat' dir='ltr'><strong>XXVII.</strong></span> <span class='ocrx_word' id='word_1_2' title='bbox 531 645 758 730; x_wconf 79' lang='lat'><strong>6666-1157,</strong></span> <span class='ocrx_word' id='word_1_3' title='bbox 787 646 839 711; x_wconf 79' lang='lat' dir='ltr'>die</span> <span class='ocrx_word' id='word_1_4' title='bbox 862 647 903 710; x_wconf 80' lang='lat'>23</span> <span class='ocrx_word' id='word_1_5' title='bbox 926 651 1044 712; x_wconf 79' lang='lat' dir='ltr'><strong>mensis</strong></span> <span class='ocrx_word' id='word_1_6' title='bbox 1072 647 1362 733; x_wconf 67' lang='lat' dir='ltr'><strong>septemb1·i5,ind.</strong></span> <span class='ocrx_word' id='word_1_7' title='bbox 1387 647 1444 711; x_wconf 91' lang='lat' dir='ltr'>VI.</span> 
     </span>
     <span class='ocr_line' id='line_1_2' title="bbox 653 777 1158 833; baseline 0.004 -3"><span class='ocrx_word' id='word_1_8' title='bbox 653 777 851 831; x_wconf 69' lang='lat' dir='ltr'><strong><em>Testamentum</em></strong></span> <span class='ocrx_word' id='word_1_9' title='bbox 874 779 980 832; x_wconf 70' lang='lat' dir='ltr'><em>abbatie</em></span> <span class='ocrx_word' id='word_1_10' title='bbox 1007 779 1158 833; x_wconf 74' lang='grc' dir='ltr'>Τίιεοωὶείέ.</span> 
     </span>
    </p>

    <p class='ocr_par' dir='ltr' id='par_1_2' title="bbox 361 907 1293 988">
     <span class='ocr_line' id='line_1_3' title="bbox 361 907 1293 988; baseline 0.006 -22"><span class='ocrx_word' id='word_1_11' title='bbox 361 907 381 985; x_wconf 80' lang='lat'><strong>†</strong></span> <span class='ocrx_word' id='word_1_12' title='bbox 406 907 440 966; x_wconf 89' lang='grc' dir='ltr'><strong>Ὁ</strong></span> <span class='ocrx_word' id='word_1_13' title='bbox 465 908 606 983; x_wconf 71' lang='grc' dir='ltr'>εὐτελὴς</span> <span class='ocrx_word' id='word_1_14' title='bbox 630 907 834 980; x_wconf 85' lang='grc' dir='ltr'>Θεόκτιστος</span> <span class='ocrx_word' id='word_1_15' title='bbox 859 911 1008 988; x_wconf 81' lang='grc' dir='ltr'>μοναχδς</span> <span class='ocrx_word' id='word_1_16' title='bbox 1031 909 1045 968; x_wconf 91' lang='grc' dir='ltr'>ό</span> <span class='ocrx_word' id='word_1_17' title='bbox 1067 916 1126 986; x_wconf 79' lang='grc' dir='ltr'>τῆς</span> <span class='ocrx_word' id='word_1_18' title='bbox 1149 910 1293 986; x_wconf 84' lang='grc' dir='ltr'>Ποίτμου.</span> 
     </span>
    </p>

    <p class='ocr_par' dir='ltr' id='par_1_3' title="bbox 256 1027 1579 1722">
     <span class='ocr_line' id='line_1_4' title="bbox 361 1027 1544 1111; baseline 0.001 -24"><span class='ocrx_word' id='word_1_19' title='bbox 361 1027 571 1108; x_wconf 67' lang='grc' dir='ltr'>γ”ἜΛιειδήπερ</span> <span class='ocrx_word' id='word_1_20' title='bbox 601 1029 743 1108; x_wconf 79' lang='grc' dir='ltr'>ἄνθρωπος</span> <span class='ocrx_word' id='word_1_21' title='bbox 772 1033 809 1090; x_wconf 89' lang='grc' dir='ltr'>ῶν</span> <span class='ocrx_word' id='word_1_22' title='bbox 839 1028 886 1088; x_wconf 84' lang='grc' dir='ltr'>καὶ</span> <span class='ocrx_word' id='word_1_23' title='bbox 917 1032 997 1103; x_wconf 82' lang='grc' dir='ltr'>αῦτδς</span> <span class='ocrx_word' id='word_1_24' title='bbox 1026 1032 1141 1090; x_wconf 89' lang='grc' dir='ltr'>θοίνατον</span> <span class='ocrx_word' id='word_1_25' title='bbox 1174 1031 1358 1111; x_wconf 74' lang='grc' dir='ltr'>κατακριθείς,</span> <span class='ocrx_word' id='word_1_26' title='bbox 1388 1034 1478 1110; x_wconf 84' lang='grc' dir='ltr'>ῶσπερ</span> <span class='ocrx_word' id='word_1_27' title='bbox 1502 1033 1544 1111; x_wconf 77' lang='grc' dir='ltr'>ἀρα</span> 
     </span>
     <span class='ocr_line' id='line_1_5' title="bbox 257 1145 1579 1237; baseline 0.002 -29"><span class='ocrx_word' id='word_1_28' title='bbox 257 1147 304 1209; x_wconf 89' lang='grc' dir='ltr'>καὶ</span> <span class='ocrx_word' id='word_1_29' title='bbox 326 1151 426 1221; x_wconf 82' lang='grc' dir='ltr'>πάντες</span> <span class='ocrx_word' id='word_1_30' title='bbox 448 1148 573 1228; x_wconf 88' lang='grc' dir='ltr'>γεννητοί</span> <span class='ocrx_word' id='word_1_31' title='bbox 597 1151 733 1230; x_wconf 79' lang='grc' dir='ltr'>ἅνθρωποι</span> <span class='ocrx_word' id='word_1_32' title='bbox 756 1151 801 1210; x_wconf 85' lang='grc' dir='ltr'>διά</span> <span class='ocrx_word' id='word_1_33' title='bbox 822 1151 871 1224; x_wconf 70' lang='grc' dir='ltr'>τἠν</span> <span class='ocrx_word' id='word_1_34' title='bbox 893 1159 943 1228; x_wconf 78' lang='grc' dir='ltr'>τῆς</span> <span class='ocrx_word' id='word_1_35' title='bbox 965 1145 1074 1231; x_wconf 82' lang='grc' dir='ltr'>πρώτης</span> <span class='ocrx_word' id='word_1_36' title='bbox 1106 1151 1222 1227; x_wconf 84' lang='grc' dir='ltr'><strong>ἐντολῆς</strong></span> <span class='ocrx_word' id='word_1_37' title='bbox 1251 1151 1405 1231; x_wconf 72' lang='grc' dir='ltr'>παράβασιν</span> <span class='ocrx_word' id='word_1_38' title='bbox 1430 1147 1501 1237; x_wconf 73' lang='grc' dir='ltr'>[ήδη]</span> <span class='ocrx_word' id='word_1_39' title='bbox 1521 1155 1544 1210; x_wconf 77' lang='grc' dir='ltr'>τέ</span> <span class='ocrx_word' id='word_1_40' title='bbox 1578 1145 1579 1196; x_wconf 55' lang='lat' dir='ltr'>f</span> 
     </span>
     <span class='ocr_line' id='line_1_6' title="bbox 256 1267 1545 1352; baseline 0.004 -24"><span class='ocrx_word' id='word_1_41' title='bbox 256 1271 349 1351; x_wconf 79' lang='grc' dir='ltr'>χρεὼν</span> <span class='ocrx_word' id='word_1_42' title='bbox 372 1271 529 1346; x_wconf 76' lang='grc' dir='ltr'>ἀποτιννῦω,</span> <span class='ocrx_word' id='word_1_43' title='bbox 552 1271 602 1346; x_wconf 85' lang='grc' dir='ltr'>τὴν</span> <span class='ocrx_word' id='word_1_44' title='bbox 624 1273 744 1352; x_wconf 82' lang='grc' dir='ltr'>σήμερον</span> <span class='ocrx_word' id='word_1_45' title='bbox 769 1271 825 1331; x_wconf 89' lang='grc' dir='ltr'>δεῖν</span> <span class='ocrx_word' id='word_1_46' title='bbox 848 1267 940 1352; x_wconf 86' lang='grc' dir='ltr'>ᾠήθην</span> <span class='ocrx_word' id='word_1_47' title='bbox 963 1275 1047 1352; x_wconf 89' lang='grc' dir='ltr'>μικροί</span> <span class='ocrx_word' id='word_1_48' title='bbox 1061 1292 1120 1332; x_wconf 90' lang='grc' dir='ltr'>τινα</span> <span class='ocrx_word' id='word_1_49' title='bbox 1139 1273 1334 1352; x_wconf 75' lang='grc' dir='ltr'>προσλαλῆσαι</span> <span class='ocrx_word' id='word_1_50' title='bbox 1357 1272 1405 1332; x_wconf 87' lang='grc' dir='ltr'>καὶ</span> <span class='ocrx_word' id='word_1_51' title='bbox 1428 1273 1545 1333; x_wconf 76' lang='grc' dir='ltr'>διατυπῶ-</span> 
     </span>
     <span class='ocr_line' id='line_1_7' title="bbox 258 1389 1579 1490; baseline 0 -38"><span class='ocrx_word' id='word_1_52' title='bbox 258 1395 354 1452; x_wconf 89' lang='grc' dir='ltr'>οασθαι</span> <span class='ocrx_word' id='word_1_53' title='bbox 376 1395 436 1468; x_wconf 85' lang='grc' dir='ltr'>ὑμῖν</span> <span class='ocrx_word' id='word_1_54' title='bbox 461 1389 527 1478; x_wconf 84' lang='grc' dir='ltr'>[τοῖς</span> <span class='ocrx_word' id='word_1_55' title='bbox 552 1392 703 1472; x_wconf 77' lang='grc' dir='ltr'><strong>ἀγαπητοῖς</strong></span> <span class='ocrx_word' id='word_1_56' title='bbox 726 1394 756 1490; x_wconf 76' lang='grc' dir='ltr'>ἐγ</span> <span class='ocrx_word' id='word_1_57' title='bbox 778 1395 862 1474; x_wconf 84' lang='grc' dir='ltr'>κυρίῳ</span> <span class='ocrx_word' id='word_1_58' title='bbox 886 1390 1026 1479; x_wconf 73' lang='grc' dir='ltr'>ἀδελφοῖς]</span> <span class='ocrx_word' id='word_1_59' title='bbox 1054 1392 1100 1454; x_wconf 82' lang='grc' dir='ltr'>καί</span> <span class='ocrx_word' id='word_1_60' title='bbox 1129 1395 1235 1467; x_wconf 87' lang='grc' dir='ltr'>τέκνοις</span> <span class='ocrx_word' id='word_1_61' title='bbox 1258 1415 1321 1472; x_wconf 77' lang='grc' dir='ltr'>μου,</span> <span class='ocrx_word' id='word_1_62' title='bbox 1348 1398 1481 1474; x_wconf 86' lang='grc' dir='ltr'>παρόντος</span> <span class='ocrx_word' id='word_1_63' title='bbox 1500 1395 1544 1469; x_wconf 85' lang='grc' dir='ltr'>ἤδη</span> <span class='ocrx_word' id='word_1_64' title='bbox 1578 1425 1579 1428; x_wconf 35' lang='lat'>¹</span> 
     </span>
     <span class='ocr_line' id='line_1_8' title="bbox 258 1511 1545 1600; baseline 0.003 -26"><span class='ocrx_word' id='word_1_65' title='bbox 258 1515 318 1574; x_wconf 87' lang='grc' dir='ltr'>κατ’</span> <span class='ocrx_word' id='word_1_66' title='bbox 336 1513 460 1574; x_wconf 83' lang='grc' dir='ltr'>εῖνδοκίαν</span> <span class='ocrx_word' id='word_1_67' title='bbox 485 1516 548 1574; x_wconf 90' lang='grc' dir='ltr'>θεοῦ</span> <span class='ocrx_word' id='word_1_68' title='bbox 570 1513 617 1574; x_wconf 86' lang='grc' dir='ltr'>καὶ</span> <span class='ocrx_word' id='word_1_69' title='bbox 639 1519 686 1575; x_wconf 90' lang='grc' dir='ltr'>τοῦ</span> <span class='ocrx_word' id='word_1_70' title='bbox 708 1515 917 1594; x_wconf 74' lang='grc' dir='ltr'>θεοφιλεστάτου</span> <span class='ocrx_word' id='word_1_71' title='bbox 941 1515 1087 1576; x_wconf 91' lang='grc' dir='ltr'>ἐπισκόπου</span> <span class='ocrx_word' id='word_1_72' title='bbox 1111 1517 1200 1596; x_wconf 82' lang='grc' dir='ltr'>Λέρου</span> <span class='ocrx_word' id='word_1_73' title='bbox 1229 1511 1322 1600; x_wconf 81' lang='grc' dir='ltr'>[κυροῦ</span> <span class='ocrx_word' id='word_1_74' title='bbox 1344 1511 1545 1577; x_wconf 85' lang='grc' dir='ltr'>Κωνσταντίνοι.</span> 
     </span>
     <span class='ocr_line' id='line_1_9' title="bbox 260 1632 1545 1722; baseline -0.002 -24"><span class='ocrx_word' id='word_1_75' title='bbox 260 1683 616 1698; x_wconf 90' lang='grc'>..........</span> <span class='ocrx_word' id='word_1_76' title='bbox 628 1632 637 1721; x_wconf 85' lang='lat'>]</span> <span class='ocrx_word' id='word_1_77' title='bbox 661 1643 799 1716; x_wconf 73' lang='grc' dir='ltr'>πατρικῶς</span> <span class='ocrx_word' id='word_1_78' title='bbox 828 1637 1008 1716; x_wconf 80' lang='grc' dir='ltr'>διαλεχθῆναι</span> <span class='ocrx_word' id='word_1_79' title='bbox 1042 1633 1123 1722; x_wconf 79' lang='grc' dir='ltr'>[ὑμῖν]</span> <span class='ocrx_word' id='word_1_80' title='bbox 1148 1641 1204 1709; x_wconf 88' lang='grc' dir='ltr'>τοῖς</span> <span class='ocrx_word' id='word_1_81' title='bbox 1234 1637 1380 1714; x_wconf 76' lang='grc' dir='ltr'>φιλτάτοις.</span> <span class='ocrx_word' id='word_1_82' title='bbox 1413 1637 1478 1696; x_wconf 81' lang='grc' dir='ltr'>ἀλλ’</span> <span class='ocrx_word' id='word_1_83' title='bbox 1498 1635 1545 1696; x_wconf 77' lang='grc' dir='ltr'>ἐπεὶ</span> 
     </span>
    </p>
   </div>
   <div class='ocr_carea' id='block_1_2' title="bbox 259 1752 1546 1837">
    <p class='ocr_par' dir='ltr' id='par_1_4' title="bbox 259 1745 1579 1838">
     <span class='ocr_line' id='line_1_10' title="bbox 259 1752 1546 1837; baseline -0.001 -21"><span class='ocrx_word' id='word_1_84' title='bbox 259 1753 386 1836; x_wconf 76' lang='grc' dir='ltr'>ἐξαίφνης</span> <span class='ocrx_word' id='word_1_85' title='bbox 411 1752 480 1833; x_wconf 85' lang='grc' dir='ltr'>ἧκεν</span> <span class='ocrx_word' id='word_1_86' title='bbox 510 1760 548 1828; x_wconf 92' lang='grc' dir='ltr'>ῶς</span> <span class='ocrx_word' id='word_1_87' title='bbox 578 1759 701 1833; x_wconf 86' lang='grc' dir='ltr'>κλέπτης</span> <span class='ocrx_word' id='word_1_88' title='bbox 728 1759 742 1818; x_wconf 92' lang='grc' dir='ltr'>ό</span> <span class='ocrx_word' id='word_1_89' title='bbox 768 1759 955 1837; x_wconf 78' lang='grc' dir='ltr'>πανδαμάτωρ</span> <span class='ocrx_word' id='word_1_90' title='bbox 986 1759 1102 1830; x_wconf 85' lang='grc' dir='ltr'>θάνατος</span> <span class='ocrx_word' id='word_1_91' title='bbox 1130 1761 1198 1837; x_wconf 83' lang='grc' dir='ltr'>πρός</span> <span class='ocrx_word' id='word_1_92' title='bbox 1227 1760 1303 1834; x_wconf 75' lang='grc' dir='ltr'>ἡμᾶς</span> <span class='ocrx_word' id='word_1_93' title='bbox 1332 1757 1379 1818; x_wconf 87' lang='grc' dir='ltr'>καὶ</span> <span class='ocrx_word' id='word_1_94' title='bbox 1406 1759 1454 1834; x_wconf 80' lang='grc' dir='ltr'>τὴν</span> <span class='ocrx_word' id='word_1_95' title='bbox 1483 1757 1546 1835; x_wconf 81' lang='grc' dir='ltr'>ἐοχῦν</span> 
     </span>
    </p>
   </div>
   <div class='ocr_carea' id='block_1_3' title="bbox 258 1871 1548 1959">
    <p class='ocr_par' dir='ltr' id='par_1_5' title="bbox 258 1871 1579 1959">
     <span class='ocr_line' id='line_1_11' title="bbox 258 1871 1548 1959; baseline -0.001 -21"><span class='ocrx_word' id='word_1_96' title='bbox 258 1874 389 1950; x_wconf 75' lang='grc' dir='ltr'>καθάπαξ</span> <span class='ocrx_word' id='word_1_97' title='bbox 413 1876 530 1956; x_wconf 76' lang='grc' dir='ltr'>ἐξέκοψε</span> <span class='ocrx_word' id='word_1_98' title='bbox 552 1877 599 1938; x_wconf 85' lang='grc' dir='ltr'>καὶ</span> <span class='ocrx_word' id='word_1_99' title='bbox 621 1879 670 1953; x_wconf 82' lang='grc' dir='ltr'>τὴν</span> <span class='ocrx_word' id='word_1_100' title='bbox 693 1879 782 1957; x_wconf 85' lang='grc' dir='ltr'>φωνὴν</span> <span class='ocrx_word' id='word_1_101' title='bbox 807 1880 969 1959; x_wconf 69' lang='grc' dir='ltr'>ἐπεσγέθην,</span> <span class='ocrx_word' id='word_1_102' title='bbox 983 1877 1030 1939; x_wconf 89' lang='grc' dir='ltr'>καί</span> <span class='ocrx_word' id='word_1_103' title='bbox 1047 1879 1097 1958; x_wconf 80' lang='grc' dir='ltr'>οῖιχ</span> <span class='ocrx_word' id='word_1_104' title='bbox 1112 1871 1168 1950; x_wconf 81' lang='grc' dir='ltr'>οἷός</span> <span class='ocrx_word' id='word_1_105' title='bbox 1183 1881 1214 1938; x_wconf 89' lang='grc' dir='ltr'>τέ</span> <span class='ocrx_word' id='word_1_106' title='bbox 1230 1878 1285 1955; x_wconf 84' lang='grc' dir='ltr'>εἰμι</span> <span class='ocrx_word' id='word_1_107' title='bbox 1301 1879 1443 1959; x_wconf 79' lang='grc' dir='ltr'>διαρθροῦν</span> <span class='ocrx_word' id='word_1_108' title='bbox 1463 1881 1548 1950; x_wconf 87' lang='grc' dir='ltr'>καλῶς</span> 
     </span>
    </p>
   </div>
   <div class='ocr_carea' id='block_1_4' title="bbox 257 1994 1579 4628">
    <p class='ocr_par' dir='ltr' id='par_1_6' title="bbox 257 1994 1579 2564">
     <span class='ocr_line' id='line_1_12' title="bbox 257 1994 1579 2080; baseline 0.001 -23"><span class='ocrx_word' id='word_1_109' title='bbox 257 1999 292 2059; x_wconf 89' lang='grc' dir='ltr'>τά</span> <span class='ocrx_word' id='word_1_110' title='bbox 320 1999 483 2076; x_wconf 75' lang='grc' dir='ltr'>λαλούμενα</span> <span class='ocrx_word' id='word_1_111' title='bbox 510 2005 560 2076; x_wconf 80' lang='grc' dir='ltr'>τῆς</span> <span class='ocrx_word' id='word_1_112' title='bbox 589 1994 717 2079; x_wconf 83' lang='grc' dir='ltr'>γλώττης</span> <span class='ocrx_word' id='word_1_113' title='bbox 747 1999 793 2060; x_wconf 87' lang='grc' dir='ltr'>καὶ</span> <span class='ocrx_word' id='word_1_114' title='bbox 824 2007 876 2060; x_wconf 93' lang='grc' dir='ltr'>τῶν</span> <span class='ocrx_word' id='word_1_115' title='bbox 907 2007 1064 2080; x_wconf 85' lang='grc' dir='ltr'>φωνητικῶν</span> <span class='ocrx_word' id='word_1_116' title='bbox 1098 2003 1221 2080; x_wconf 86' lang='grc' dir='ltr'>όργοίνων</span> <span class='ocrx_word' id='word_1_117' title='bbox 1251 2000 1289 2080; x_wconf 83' lang='grc' dir='ltr'>τῷ</span> <span class='ocrx_word' id='word_1_118' title='bbox 1319 1999 1427 2080; x_wconf 81' lang='grc' dir='ltr'>σφοδρῷ</span> <span class='ocrx_word' id='word_1_119' title='bbox 1454 1999 1547 2078; x_wconf 78' lang='grc' dir='ltr'>πυρετῷ</span> <span class='ocrx_word' id='word_1_120' title='bbox 1578 2011 1579 2028; x_wconf 68' lang='grc'>’</span> 
     </span>
     <span class='ocr_line' id='line_1_13' title="bbox 258 2116 1579 2202; baseline -0.002 -24"><span class='ocrx_word' id='word_1_121' title='bbox 258 2116 418 2200; x_wconf 85' lang='grc' dir='ltr'>ἀθροῶτατα</span> <span class='ocrx_word' id='word_1_122' title='bbox 441 2123 603 2202; x_wconf 71' lang='grc' dir='ltr'>φρυγέντων7</span> <span class='ocrx_word' id='word_1_123' title='bbox 630 2121 704 2196; x_wconf 82' lang='grc' dir='ltr'>πλὴν</span> <span class='ocrx_word' id='word_1_124' title='bbox 726 2117 795 2182; x_wconf 85' lang='grc' dir='ltr'>ἀλλ’</span> <span class='ocrx_word' id='word_1_125' title='bbox 813 2123 852 2182; x_wconf 90' lang='grc' dir='ltr'>ἐτι</span> <span class='ocrx_word' id='word_1_126' title='bbox 877 2127 923 2182; x_wconf 90' lang='grc' dir='ltr'>τοῦ</span> <span class='ocrx_word' id='word_1_127' title='bbox 946 2123 1008 2192; x_wconf 83' lang='grc' dir='ltr'>νοός</span> <span class='ocrx_word' id='word_1_128' title='bbox 1040 2122 1195 2202; x_wconf 81' lang='grc' dir='ltr'>ἐρρωμένου</span> <span class='ocrx_word' id='word_1_129' title='bbox 1224 2124 1407 2201; x_wconf 57' lang='grc' dir='ltr'>τυγχάνοντος</span> <span class='ocrx_word' id='word_1_130' title='bbox 1433 2119 1479 2181; x_wconf 83' lang='grc' dir='ltr'>καί</span> <span class='ocrx_word' id='word_1_131' title='bbox 1504 2125 1547 2178; x_wconf 85' lang='grc' dir='ltr'>τῶν</span> <span class='ocrx_word' id='word_1_132' title='bbox 1578 2153 1579 2194; x_wconf 80' lang='lat'>3</span> 
     </span>
     <span class='ocr_line' id='line_1_14' title="bbox 258 2235 1548 2324; baseline -0.002 -24"><span class='ocrx_word' id='word_1_133' title='bbox 258 2247 362 2322; x_wconf 80' lang='grc' dir='ltr'>φρενῶν</span> <span class='ocrx_word' id='word_1_134' title='bbox 394 2262 445 2317; x_wconf 86' lang='grc' dir='ltr'>μου</span> <span class='ocrx_word' id='word_1_135' title='bbox 476 2244 554 2302; x_wconf 88' lang='grc' dir='ltr'>σῶων</span> <span class='ocrx_word' id='word_1_136' title='bbox 585 2243 790 2318; x_wconf 83' lang='grc' dir='ltr'>καθισταμένων</span> <span class='ocrx_word' id='word_1_137' title='bbox 821 2245 904 2322; x_wconf 87' lang='grc' dir='ltr'>μέχρι</span> <span class='ocrx_word' id='word_1_138' title='bbox 933 2248 982 2318; x_wconf 80' lang='grc' dir='ltr'>τῆς</span> <span class='ocrx_word' id='word_1_139' title='bbox 1013 2238 1073 2322; x_wconf 88' lang='grc' dir='ltr'>ἀρτι</span> <span class='ocrx_word' id='word_1_140' title='bbox 1096 2245 1180 2323; x_wconf 73' lang='grc' dir='ltr'>ῶρας,</span> <span class='ocrx_word' id='word_1_141' title='bbox 1203 2245 1368 2324; x_wconf 74' lang='grc' dir='ltr'>πειράσομαι</span> <span class='ocrx_word' id='word_1_142' title='bbox 1391 2245 1430 2315; x_wconf 88' lang='grc' dir='ltr'>ὡς</span> <span class='ocrx_word' id='word_1_143' title='bbox 1452 2235 1505 2302; x_wconf 76' lang='grc' dir='ltr'>οἶόν</span> <span class='ocrx_word' id='word_1_144' title='bbox 1523 2241 1548 2299; x_wconf 86' lang='grc' dir='ltr'>τέ</span> 
     </span>
     <span class='ocr_line' id='line_1_15' title="bbox 259 2360 1579 2442; baseline 0 -22"><span class='ocrx_word' id='word_1_145' title='bbox 259 2360 306 2436; x_wconf 87' lang='grc' dir='ltr'>μοί</span> <span class='ocrx_word' id='word_1_146' title='bbox 335 2363 390 2422; x_wconf 87' lang='grc' dir='ltr'>ἐστι</span> <span class='ocrx_word' id='word_1_147' title='bbox 418 2363 462 2423; x_wconf 87' lang='grc' dir='ltr'>διὰ</span> <span class='ocrx_word' id='word_1_148' title='bbox 487 2363 615 2442; x_wconf 87' lang='grc' dir='ltr'>βραχέων</span> <span class='ocrx_word' id='word_1_149' title='bbox 640 2369 805 2436; x_wconf 84' lang='grc' dir='ltr'>συνοπτικῶς</span> <span class='ocrx_word' id='word_1_150' title='bbox 830 2364 865 2423; x_wconf 86' lang='grc' dir='ltr'>τὰ</span> <span class='ocrx_word' id='word_1_151' title='bbox 894 2365 955 2424; x_wconf 85' lang='grc' dir='ltr'>κατ’</span> <span class='ocrx_word' id='word_1_152' title='bbox 973 2364 1088 2440; x_wconf 80' lang='grc' dir='ltr'>ἐμαυτόν</span> <span class='ocrx_word' id='word_1_153' title='bbox 1119 2365 1245 2425; x_wconf 85' lang='grc' dir='ltr'>ἐκθέσθαι</span> <span class='ocrx_word' id='word_1_154' title='bbox 1275 2365 1346 2442; x_wconf 70' lang='grc' dir='ltr'>Ιὑμῖν,</span> <span class='ocrx_word' id='word_1_155' title='bbox 1376 2364 1549 2425; x_wconf 83' lang='grc' dir='ltr'>τιοθεινότατσι</span> <span class='ocrx_word' id='word_1_156' title='bbox 1578 2437 1579 2440; x_wconf 10' lang='grc' dir='ltr'>γ</span> 
     </span>
     <span class='ocr_line' id='line_1_16' title="bbox 258 2483 589 2564; baseline 0.006 -22"><span class='ocrx_word' id='word_1_157' title='bbox 258 2484 375 2564; x_wconf 82' lang='grc' dir='ltr'>πατέρες</span> <span class='ocrx_word' id='word_1_158' title='bbox 397 2483 445 2543; x_wconf 85' lang='grc' dir='ltr'>καὶ</span> <span class='ocrx_word' id='word_1_159' title='bbox 467 2483 589 2564; x_wconf 87' lang='grc' dir='ltr'>ἀδελφοί.</span> 
     </span>
    </p>

    <p class='ocr_par' dir='ltr' id='par_1_7' title="bbox 258 2604 1579 4628">
     <span class='ocr_line' id='line_1_17' title="bbox 363 2604 1579 2690; baseline 0.001 -27"><span class='ocrx_word' id='word_1_160' title='bbox 363 2604 479 2684; x_wconf 82' lang='grc' dir='ltr'>Ἔγωγε</span> <span class='ocrx_word' id='word_1_161' title='bbox 502 2605 587 2665; x_wconf 84' lang='grc' dir='ltr'>τοίνυν</span> <span class='ocrx_word' id='word_1_162' title='bbox 615 2607 657 2666; x_wconf 81' lang='grc' dir='ltr'>ἐπὶ</span> <span class='ocrx_word' id='word_1_163' title='bbox 688 2609 737 2690; x_wconf 85' lang='grc' dir='ltr'>νέᾳ</span> <span class='ocrx_word' id='word_1_164' title='bbox 767 2609 806 2667; x_wconf 88' lang='grc' dir='ltr'>έτι</span> <span class='ocrx_word' id='word_1_165' title='bbox 835 2615 868 2690; x_wconf 80' lang='grc' dir='ltr'>τῇ</span> <span class='ocrx_word' id='word_1_166' title='bbox 899 2607 995 2690; x_wconf 77' lang='grc' dir='ltr'>ἡλικία</span> <span class='ocrx_word' id='word_1_167' title='bbox 1024 2606 1070 2666; x_wconf 86' lang='grc' dir='ltr'>καὶ</span> <span class='ocrx_word' id='word_1_168' title='bbox 1103 2607 1197 2689; x_wconf 80' lang='grc' dir='ltr'>ἀπολῇ</span> <span class='ocrx_word' id='word_1_169' title='bbox 1228 2612 1289 2667; x_wconf 87' lang='grc' dir='ltr'>νοῦν</span> <span class='ocrx_word' id='word_1_170' title='bbox 1320 2609 1402 2686; x_wconf 85' lang='grc' dir='ltr'>ἔσχον</span> <span class='ocrx_word' id='word_1_171' title='bbox 1434 2607 1549 2682; x_wconf 66' lang='grc' dir='ltr'>ἐκστῆναι</span> <span class='ocrx_word' id='word_1_172' title='bbox 1578 2609 1579 2658; x_wconf 80' lang='grc' dir='ltr'>ἶ</span> 
     </span>
     <span class='ocr_line' id='line_1_18' title="bbox 259 2725 1548 2810; baseline 0.002 -26"><span class='ocrx_word' id='word_1_173' title='bbox 259 2728 362 2800; x_wconf 86' lang='grc' dir='ltr'>κόσμου</span> <span class='ocrx_word' id='word_1_174' title='bbox 384 2725 431 2785; x_wconf 85' lang='grc' dir='ltr'>καὶ</span> <span class='ocrx_word' id='word_1_175' title='bbox 454 2725 551 2800; x_wconf 85' lang='grc' dir='ltr'>βιῶσαι</span> <span class='ocrx_word' id='word_1_176' title='bbox 575 2735 744 2806; x_wconf 80' lang='grc' dir='ltr'>μοναχικῶς,</span> <span class='ocrx_word' id='word_1_177' title='bbox 768 2731 834 2809; x_wconf 81' lang='grc' dir='ltr'>ὅπερ</span> <span class='ocrx_word' id='word_1_178' title='bbox 858 2727 892 2803; x_wconf 84' lang='grc' dir='ltr'>δίη</span> <span class='ocrx_word' id='word_1_179' title='bbox 915 2727 962 2788; x_wconf 85' lang='grc' dir='ltr'>καὶ</span> <span class='ocrx_word' id='word_1_180' title='bbox 984 2731 1022 2800; x_wconf 89' lang='grc' dir='ltr'>ῶς</span> <span class='ocrx_word' id='word_1_181' title='bbox 1046 2725 1106 2800; x_wconf 84' lang='grc' dir='ltr'>ἐξόν</span> <span class='ocrx_word' id='word_1_182' title='bbox 1123 2749 1169 2803; x_wconf 88' lang='grc' dir='ltr'>μοι</span> <span class='ocrx_word' id='word_1_183' title='bbox 1191 2730 1354 2810; x_wconf 78' lang='grc' dir='ltr'>πέπρακται,</span> <span class='ocrx_word' id='word_1_184' title='bbox 1377 2727 1487 2804; x_wconf 77' lang='grc' dir='ltr'>καὶτῆς</span> <span class='ocrx_word' id='word_1_185' title='bbox 1506 2749 1548 2787; x_wconf 81' lang='grc' dir='ltr'>τα-</span> 
     </span>
     <span class='ocr_line' id='line_1_19' title="bbox 258 2843 1579 2930; baseline 0.002 -24"><span class='ocrx_word' id='word_1_186' title='bbox 258 2847 348 2927; x_wconf 88' lang='grc' dir='ltr'>τρίδος</span> <span class='ocrx_word' id='word_1_187' title='bbox 371 2844 529 2921; x_wconf 72' lang='grc' dir='ltr'>ἀπαναστὰς</span> <span class='ocrx_word' id='word_1_188' title='bbox 551 2849 600 2924; x_wconf 73' lang='grc' dir='ltr'>τἠν</span> <span class='ocrx_word' id='word_1_189' title='bbox 623 2850 807 2925; x_wconf 87' lang='grc' dir='ltr'>Παλαιστίνην</span> <span class='ocrx_word' id='word_1_190' title='bbox 829 2850 998 2930; x_wconf 79' lang='grc' dir='ltr'>κατέλαβον,</span> <span class='ocrx_word' id='word_1_191' title='bbox 1023 2849 1052 2908; x_wconf 91' lang='grc' dir='ltr'>ἐν</span> <span class='ocrx_word' id='word_1_192' title='bbox 1073 2843 1092 2929; x_wconf 81' lang='grc' dir='ltr'>ᾗ</span> <span class='ocrx_word' id='word_1_193' title='bbox 1115 2848 1161 2909; x_wconf 87' lang='grc' dir='ltr'>καί</span> <span class='ocrx_word' id='word_1_194' title='bbox 1187 2851 1304 2930; x_wconf 77' lang='grc' dir='ltr'>γέροντα</span> <span class='ocrx_word' id='word_1_195' title='bbox 1326 2871 1386 2910; x_wconf 88' lang='grc' dir='ltr'>τινα</span> <span class='ocrx_word' id='word_1_196' title='bbox 1418 2850 1447 2909; x_wconf 90' lang='grc' dir='ltr'>ἐν</span> <span class='ocrx_word' id='word_1_197' title='bbox 1477 2851 1548 2929; x_wconf 56' lang='grc' dir='ltr'>σίρετζιΙ</span> <span class='ocrx_word' id='word_1_198' title='bbox 1578 2897 1579 2902; x_wconf 56' lang='grc'>,</span> 
     </span>
     <span class='ocr_line' id='line_1_20' title="bbox 259 2955 1579 3052; baseline -0.001 -23"><span class='ocrx_word' id='word_1_199' title='bbox 259 2969 367 3045; x_wconf 81' lang='grc' dir='ltr'>βιοῦντα</span> <span class='ocrx_word' id='word_1_200' title='bbox 391 2969 475 3052; x_wconf 84' lang='grc' dir='ltr'>εὑρὼν</span> <span class='ocrx_word' id='word_1_201' title='bbox 499 2976 548 3030; x_wconf 83' lang='grc' dir='ltr'>οὐκ</span> <span class='ocrx_word' id='word_1_202' title='bbox 571 2969 667 3050; x_wconf 89' lang='grc' dir='ltr'>όλίγον</span> <span class='ocrx_word' id='word_1_203' title='bbox 694 2975 794 3050; x_wconf 84' lang='grc' dir='ltr'>χρόνον</span> <span class='ocrx_word' id='word_1_204' title='bbox 824 2971 945 3051; x_wconf 78' lang='grc' dir='ltr'>διέτριψα</span> <span class='ocrx_word' id='word_1_205' title='bbox 977 2969 1036 3046; x_wconf 87' lang='grc' dir='ltr'>μετ’</span> <span class='ocrx_word' id='word_1_206' title='bbox 1062 2972 1150 3051; x_wconf 73' lang='grc' dir='ltr'>αὑτοῦ,</span> <span class='ocrx_word' id='word_1_207' title='bbox 1182 2971 1220 3049; x_wconf 83' lang='grc' dir='ltr'>τῷ</span> <span class='ocrx_word' id='word_1_208' title='bbox 1249 2972 1338 3051; x_wconf 74' lang='grc' dir='ltr'>αυτοῦ,</span> <span class='ocrx_word' id='word_1_209' title='bbox 1369 2975 1408 3042; x_wconf 87' lang='grc' dir='ltr'>ῶς</span> <span class='ocrx_word' id='word_1_210' title='bbox 1439 2973 1547 3049; x_wconf 67' lang='grc' dir='ltr'>δυνατόν,</span> <span class='ocrx_word' id='word_1_211' title='bbox 1578 2955 1579 2982; x_wconf 61' lang='lat'><em>³</em></span> 
     </span>
     <span class='ocr_line' id='line_1_21' title="bbox 260 3089 1548 3172; baseline -0.002 -22"><span class='ocrx_word' id='word_1_212' title='bbox 260 3089 414 3167; x_wconf 71' lang='grc' dir='ltr'>βουλήματι</span> <span class='ocrx_word' id='word_1_213' title='bbox 450 3140 454 3150; x_wconf 97' lang='grc'>.</span> <span class='ocrx_word' id='word_1_214' title='bbox 488 3140 493 3151; x_wconf 97' lang='grc'>.</span> <span class='ocrx_word' id='word_1_215' title='bbox 528 3141 533 3152; x_wconf 95' lang='grc'>.</span> <span class='ocrx_word' id='word_1_216' title='bbox 567 3141 573 3153; x_wconf 96' lang='grc'><strong><em>.</em></strong></span> <span class='ocrx_word' id='word_1_217' title='bbox 606 3094 765 3153; x_wconf 85' lang='grc' dir='ltr'>ἀκολουθῶν</span> <span class='ocrx_word' id='word_1_218' title='bbox 797 3093 842 3152; x_wconf 84' lang='grc' dir='ltr'>διὰ</span> <span class='ocrx_word' id='word_1_219' title='bbox 873 3095 970 3172; x_wconf 85' lang='grc' dir='ltr'>κόριον.</span> <span class='ocrx_word' id='word_1_220' title='bbox 1004 3093 1049 3152; x_wconf 85' lang='grc' dir='ltr'>διόι</span> <span class='ocrx_word' id='word_1_221' title='bbox 1076 3093 1107 3152; x_wconf 87' lang='grc' dir='ltr'>δὲ</span> <span class='ocrx_word' id='word_1_222' title='bbox 1130 3093 1179 3164; x_wconf 86' lang='grc' dir='ltr'>τάς</span> <span class='ocrx_word' id='word_1_223' title='bbox 1201 3099 1255 3152; x_wconf 93' lang='grc' dir='ltr'>τῶν</span> <span class='ocrx_word' id='word_1_224' title='bbox 1278 3094 1448 3172; x_wconf 81' lang='grc' dir='ltr'>Σαρακηνῶν</span> <span class='ocrx_word' id='word_1_225' title='bbox 1472 3093 1548 3152; x_wconf 83' lang='grc' dir='ltr'>ἐκεῖσε</span> 
     </span>
     <span class='ocr_line' id='line_1_22' title="bbox 259 3212 1547 3295; baseline 0.002 -24"><span class='ocrx_word' id='word_1_226' title='bbox 259 3217 382 3291; x_wconf 83' lang='grc' dir='ltr'>συνεχεῖς</span> <span class='ocrx_word' id='word_1_227' title='bbox 406 3214 517 3292; x_wconf 78' lang='grc' dir='ltr'>ἐφόδους</span> <span class='ocrx_word' id='word_1_228' title='bbox 540 3214 586 3274; x_wconf 85' lang='grc' dir='ltr'>καὶ</span> <span class='ocrx_word' id='word_1_229' title='bbox 611 3216 740 3294; x_wconf 84' lang='grc' dir='ltr'>ἐπηρείας</span> <span class='ocrx_word' id='word_1_230' title='bbox 762 3221 815 3275; x_wconf 92' lang='grc' dir='ltr'>τῶν</span> <span class='ocrx_word' id='word_1_231' title='bbox 840 3216 944 3276; x_wconf 84' lang='grc' dir='ltr'>ἐκεῖθεν</span> <span class='ocrx_word' id='word_1_232' title='bbox 969 3212 1076 3295; x_wconf 80' lang='grc' dir='ltr'>ἀπάρας</span> <span class='ocrx_word' id='word_1_233' title='bbox 1106 3218 1173 3295; x_wconf 79' lang='grc' dir='ltr'>πρός</span> <span class='ocrx_word' id='word_1_234' title='bbox 1191 3217 1249 3274; x_wconf 82' lang='grc' dir='ltr'>-τόν</span> <span class='ocrx_word' id='word_1_235' title='bbox 1279 3218 1481 3276; x_wconf 81' lang='grc' dir='ltr'>τανοσιῶτατον</span> <span class='ocrx_word' id='word_1_236' title='bbox 1503 3237 1547 3289; x_wconf 93' lang='grc' dir='ltr'>μσ-</span> 
     </span>
     <span class='ocr_line' id='line_1_23' title="bbox 259 3335 1548 3417; baseline 0.003 -25"><span class='ocrx_word' id='word_1_237' title='bbox 259 3336 355 3414; x_wconf 78' lang='grc' dir='ltr'>ναχόν,</span> <span class='ocrx_word' id='word_1_238' title='bbox 380 3337 460 3414; x_wconf 83' lang='grc' dir='ltr'>κυρόν</span> <span class='ocrx_word' id='word_1_239' title='bbox 483 3337 503 3394; x_wconf 94' lang='grc' dir='ltr'><strong>Γ</strong></span> <span class='ocrx_word' id='word_1_240' title='bbox 505 3338 620 3416; x_wconf 90' lang='grc' dir='ltr'>εῶργιον</span> <span class='ocrx_word' id='word_1_241' title='bbox 643 3335 690 3396; x_wconf 88' lang='grc' dir='ltr'>καὶ</span> <span class='ocrx_word' id='word_1_242' title='bbox 712 3338 865 3414; x_wconf 81' lang='grc' dir='ltr'>ἡγούμενον</span> <span class='ocrx_word' id='word_1_243' title='bbox 887 3343 938 3413; x_wconf 78' lang='grc' dir='ltr'>τῆς</span> <span class='ocrx_word' id='word_1_244' title='bbox 960 3337 1032 3396; x_wconf 84' lang='grc' dir='ltr'>κατὰ</span> <span class='ocrx_word' id='word_1_245' title='bbox 1052 3338 1101 3412; x_wconf 82' lang='grc' dir='ltr'>τὴν</span> <span class='ocrx_word' id='word_1_246' title='bbox 1127 3341 1208 3413; x_wconf 83' lang='grc' dir='ltr'>νῆσον</span> <span class='ocrx_word' id='word_1_247' title='bbox 1240 3337 1349 3417; x_wconf 82' lang='grc' dir='ltr'>Κίναρον</span> <span class='ocrx_word' id='word_1_248' title='bbox 1377 3339 1548 3416; x_wconf 81' lang='grc' dir='ltr'>εὺαγεστάτης</span> 
     </span>
     <span class='ocr_line' id='line_1_24' title="bbox 260 3453 1548 3536; baseline 0.004 -24"><span class='ocrx_word' id='word_1_249' title='bbox 260 3460 356 3534; x_wconf 65' lang='grc' dir='ltr'>μονῆς,</span> <span class='ocrx_word' id='word_1_250' title='bbox 381 3458 399 3530; x_wconf 82' lang='grc' dir='ltr'>ή</span> <span class='ocrx_word' id='word_1_251' title='bbox 423 3455 470 3515; x_wconf 88' lang='grc' dir='ltr'>καί</span> <span class='ocrx_word' id='word_1_252' title='bbox 502 3456 738 3530; x_wconf 81' lang='grc' dir='ltr'>Κουτζουβεινίτου</span> <span class='ocrx_word' id='word_1_253' title='bbox 769 3458 976 3532; x_wconf 80' lang='grc' dir='ltr'>ἐπονομάζεται,</span> <span class='ocrx_word' id='word_1_254' title='bbox 1012 3453 1057 3516; x_wconf 90' lang='grc' dir='ltr'>διά</span> <span class='ocrx_word' id='word_1_255' title='bbox 1085 3459 1187 3535; x_wconf 86' lang='grc' dir='ltr'>ταχέος</span> <span class='ocrx_word' id='word_1_256' title='bbox 1217 3455 1345 3536; x_wconf 85' lang='grc' dir='ltr'>ἐφοίτησα</span> <span class='ocrx_word' id='word_1_257' title='bbox 1375 3465 1424 3534; x_wconf 82' lang='grc' dir='ltr'>τῆς</span> <span class='ocrx_word' id='word_1_258' title='bbox 1454 3459 1548 3536; x_wconf 80' lang='grc' dir='ltr'>ἀγαθῆς</span> 
     </span>
     <span class='ocr_line' id='line_1_25' title="bbox 261 3576 1548 3659; baseline 0.002 -23"><span class='ocrx_word' id='word_1_259' title='bbox 261 3576 341 3636; x_wconf 77' lang='grc' dir='ltr'>αὺτοῦ</span> <span class='ocrx_word' id='word_1_260' title='bbox 364 3595 400 3650; x_wconf 84' lang='grc' dir='ltr'>με</span> <span class='ocrx_word' id='word_1_261' title='bbox 422 3579 514 3655; x_wconf 69' lang='grc' dir='ltr'>φήμης</span> <span class='ocrx_word' id='word_1_262' title='bbox 537 3579 737 3653; x_wconf 86' lang='grc' dir='ltr'>συνωθησοίσης.</span> <span class='ocrx_word' id='word_1_263' title='bbox 761 3579 853 3638; x_wconf 83' lang='grc' dir='ltr'>τοῦτον</span> <span class='ocrx_word' id='word_1_264' title='bbox 877 3580 908 3638; x_wconf 86' lang='grc' dir='ltr'>δὲ</span> <span class='ocrx_word' id='word_1_265' title='bbox 932 3579 992 3653; x_wconf 87' lang='grc' dir='ltr'>μετ’</span> <span class='ocrx_word' id='word_1_266' title='bbox 1008 3581 1038 3637; x_wconf 83' lang='grc' dir='ltr'>οῦ</span> <span class='ocrx_word' id='word_1_267' title='bbox 1061 3578 1133 3638; x_wconf 71' lang='grc' dir='ltr'>πολὺ</span> <span class='ocrx_word' id='word_1_268' title='bbox 1147 3579 1215 3659; x_wconf 84' lang='grc' dir='ltr'>πρός</span> <span class='ocrx_word' id='word_1_269' title='bbox 1237 3579 1327 3659; x_wconf 85' lang='grc' dir='ltr'>κόριον</span> <span class='ocrx_word' id='word_1_270' title='bbox 1352 3579 1548 3654; x_wconf 83' lang='grc' dir='ltr'>ἐκδημήσαντος</span> 
     </span>
     <span class='ocr_line' id='line_1_26' title="bbox 260 3695 1547 3780; baseline 0.002 -24"><span class='ocrx_word' id='word_1_271' title='bbox 260 3695 308 3756; x_wconf 83' lang='grc' dir='ltr'>καί</span> <span class='ocrx_word' id='word_1_272' title='bbox 331 3697 379 3767; x_wconf 85' lang='grc' dir='ltr'>τὰς</span> <span class='ocrx_word' id='word_1_273' title='bbox 401 3698 491 3774; x_wconf 88' lang='grc' dir='ltr'>τιμίας</span> <span class='ocrx_word' id='word_1_274' title='bbox 514 3699 598 3776; x_wconf 83' lang='grc' dir='ltr'>εῦχάς</span> <span class='ocrx_word' id='word_1_275' title='bbox 621 3699 701 3759; x_wconf 80' lang='grc' dir='ltr'>αὺτοῦ</span> <span class='ocrx_word' id='word_1_276' title='bbox 723 3701 927 3780; x_wconf 87' lang='grc' dir='ltr'>συνοδοιπόρους</span> <span class='ocrx_word' id='word_1_277' title='bbox 953 3699 1049 3772; x_wconf 84' lang='grc' dir='ltr'>λαβὼν</span> <span class='ocrx_word' id='word_1_278' title='bbox 1073 3697 1190 3775; x_wconf 80' lang='grc' dir='ltr'>ἐξῆλθον</span> <span class='ocrx_word' id='word_1_279' title='bbox 1212 3707 1266 3760; x_wconf 89' lang='grc' dir='ltr'>τῶν</span> <span class='ocrx_word' id='word_1_280' title='bbox 1290 3701 1381 3760; x_wconf 85' lang='grc' dir='ltr'>ἐκεῖσε</span> <span class='ocrx_word' id='word_1_281' title='bbox 1403 3701 1451 3760; x_wconf 86' lang='grc' dir='ltr'>καὶ</span> <span class='ocrx_word' id='word_1_282' title='bbox 1472 3720 1547 3780; x_wconf 90' lang='grc' dir='ltr'>παρο-</span> 
     </span>
     <span class='ocr_line' id='line_1_27' title="bbox 261 3816 1548 3899; baseline 0.001 -22"><span class='ocrx_word' id='word_1_283' title='bbox 261 3818 345 3878; x_wconf 84' lang='grc' dir='ltr'>δεόων</span> <span class='ocrx_word' id='word_1_284' title='bbox 375 3819 499 3899; x_wconf 82' lang='grc' dir='ltr'>ἐνταῦθα,</span> <span class='ocrx_word' id='word_1_285' title='bbox 530 3821 580 3880; x_wconf 82' lang='grc' dir='ltr'>οῦκ</span> <span class='ocrx_word' id='word_1_286' title='bbox 605 3816 657 3880; x_wconf 80' lang='grc' dir='ltr'>οἷδ’</span> <span class='ocrx_word' id='word_1_287' title='bbox 682 3823 756 3893; x_wconf 91' lang='grc' dir='ltr'>όπως</span> <span class='ocrx_word' id='word_1_288' title='bbox 784 3823 833 3896; x_wconf 84' lang='grc' dir='ltr'>τὴν</span> <span class='ocrx_word' id='word_1_289' title='bbox 864 3827 944 3897; x_wconf 79' lang='grc' dir='ltr'>νῆσον</span> <span class='ocrx_word' id='word_1_290' title='bbox 974 3821 1071 3896; x_wconf 82' lang='grc' dir='ltr'>ταῦτ-ην</span> <span class='ocrx_word' id='word_1_291' title='bbox 1101 3827 1151 3897; x_wconf 79' lang='grc' dir='ltr'>τῆς</span> <span class='ocrx_word' id='word_1_292' title='bbox 1183 3823 1296 3895; x_wconf 81' lang='grc' dir='ltr'>Πάτμου</span> <span class='ocrx_word' id='word_1_293' title='bbox 1326 3823 1484 3898; x_wconf 82' lang='grc' dir='ltr'>κατέλαβον</span> <span class='ocrx_word' id='word_1_294' title='bbox 1510 3821 1548 3879; x_wconf 81' lang='grc' dir='ltr'>καὶ</span> 
     </span>
     <span class='ocr_line' id='line_1_28' title="bbox 259 3940 1548 4026; baseline 0 -28"><span class='ocrx_word' id='word_1_295' title='bbox 259 3940 384 4012; x_wconf 74' lang='grc' dir='ltr'>πολλοὺς</span> <span class='ocrx_word' id='word_1_296' title='bbox 412 3941 462 4015; x_wconf 87' lang='grc' dir='ltr'>μέν</span> <span class='ocrx_word' id='word_1_297' title='bbox 489 3943 621 4020; x_wconf 87' lang='grc' dir='ltr'>γέροντας</span> <span class='ocrx_word' id='word_1_298' title='bbox 648 3944 751 4019; x_wconf 92' lang='grc' dir='ltr'>τιμίους</span> <span class='ocrx_word' id='word_1_299' title='bbox 778 3943 807 4003; x_wconf 87' lang='grc' dir='ltr'>ἐν</span> <span class='ocrx_word' id='word_1_300' title='bbox 836 3944 919 4026; x_wconf 83' lang='grc' dir='ltr'>ταότη</span> <span class='ocrx_word' id='word_1_301' title='bbox 943 3945 1109 4024; x_wconf 76' lang='grc' dir='ltr'>ἐφευρηκῶς,</span> <span class='ocrx_word' id='word_1_302' title='bbox 1133 3945 1193 4004; x_wconf 81' lang='grc' dir='ltr'>κατ’</span> <span class='ocrx_word' id='word_1_303' title='bbox 1211 3940 1350 4026; x_wconf 85' lang='grc' dir='ltr'>ἐξαίρετόν</span> <span class='ocrx_word' id='word_1_304' title='bbox 1372 3965 1408 4023; x_wconf 91' lang='grc' dir='ltr'>γε</span> <span class='ocrx_word' id='word_1_305' title='bbox 1436 3945 1487 4020; x_wconf 80' lang='grc' dir='ltr'>μὴν</span> <span class='ocrx_word' id='word_1_306' title='bbox 1511 3941 1548 4000; x_wconf 83' lang='grc' dir='ltr'>καί</span> 
     </span>
     <span class='ocr_line' id='line_1_29' title="bbox 259 4061 1548 4148; baseline 0.002 -28"><span class='ocrx_word' id='word_1_307' title='bbox 259 4063 306 4120; x_wconf 86' lang='grc' dir='ltr'>τόν</span> <span class='ocrx_word' id='word_1_308' title='bbox 328 4061 482 4142; x_wconf 90' lang='grc' dir='ltr'>τρισόλβιον</span> <span class='ocrx_word' id='word_1_309' title='bbox 505 4065 628 4142; x_wconf 77' lang='grc' dir='ltr'>μοναγόν</span> <span class='ocrx_word' id='word_1_310' title='bbox 655 4065 734 4142; x_wconf 85' lang='grc' dir='ltr'>κυρόν</span> <span class='ocrx_word' id='word_1_311' title='bbox 760 4065 860 4144; x_wconf 76' lang='grc' dir='ltr'>Ἰωσὴφ</span> <span class='ocrx_word' id='word_1_312' title='bbox 890 4065 935 4124; x_wconf 83' lang='grc' dir='ltr'>τόν</span> <span class='ocrx_word' id='word_1_313' title='bbox 965 4066 1082 4141; x_wconf 83' lang='grc' dir='ltr'>Ἰασίιην</span> <span class='ocrx_word' id='word_1_314' title='bbox 1110 4065 1303 4140; x_wconf 84' lang='grc' dir='ltr'>διαλάμποντα</span> <span class='ocrx_word' id='word_1_315' title='bbox 1328 4067 1391 4125; x_wconf 89' lang='grc' dir='ltr'>τότε</span> <span class='ocrx_word' id='word_1_316' title='bbox 1417 4073 1450 4148; x_wconf 71' lang='grc' dir='ltr'>τῇ</span> <span class='ocrx_word' id='word_1_317' title='bbox 1477 4063 1548 4145; x_wconf 67' lang='grc' dir='ltr'>ἀρετῇ,</span> 
     </span>
     <span class='ocr_line' id='line_1_30' title="bbox 261 4183 1549 4267; baseline 0.001 -27"><span class='ocrx_word' id='word_1_318' title='bbox 261 4183 430 4256; x_wconf 86' lang='grc' dir='ltr'>θεασάμενος</span> <span class='ocrx_word' id='word_1_319' title='bbox 453 4183 499 4242; x_wconf 85' lang='grc' dir='ltr'>καί</span> <span class='ocrx_word' id='word_1_320' title='bbox 522 4187 582 4256; x_wconf 83' lang='grc' dir='ltr'>ταῖς</span> <span class='ocrx_word' id='word_1_321' title='bbox 605 4187 684 4245; x_wconf 71' lang='grc' dir='ltr'>αὐτοῦ</span> <span class='ocrx_word' id='word_1_322' title='bbox 706 4185 799 4261; x_wconf 86' lang='grc' dir='ltr'>ήσθεὶς</span> <span class='ocrx_word' id='word_1_323' title='bbox 823 4183 939 4265; x_wconf 85' lang='grc' dir='ltr'>ἀγαθαῖς</span> <span class='ocrx_word' id='word_1_324' title='bbox 961 4185 1099 4265; x_wconf 89' lang='grc' dir='ltr'>ἐργασίαις</span> <span class='ocrx_word' id='word_1_325' title='bbox 1114 4185 1161 4246; x_wconf 86' lang='grc' dir='ltr'>καὶ</span> <span class='ocrx_word' id='word_1_326' title='bbox 1175 4189 1362 4267; x_wconf 81' lang='grc' dir='ltr'>παραινέσεσι,</span> <span class='ocrx_word' id='word_1_327' title='bbox 1387 4187 1444 4246; x_wconf 87' lang='grc' dir='ltr'>δεῖν</span> <span class='ocrx_word' id='word_1_328' title='bbox 1468 4188 1549 4266; x_wconf 87' lang='grc' dir='ltr'>ἔκρινα</span> 
     </span>
     <span class='ocr_line' id='line_1_31' title="bbox 261 4301 1548 4389; baseline 0.005 -28"><span class='ocrx_word' id='word_1_329' title='bbox 261 4301 306 4361; x_wconf 68' lang='grc' dir='ltr'>σλν</span> <span class='ocrx_word' id='word_1_330' title='bbox 330 4301 401 4383; x_wconf 74' lang='grc' dir='ltr'>αὐτῷ</span> <span class='ocrx_word' id='word_1_331' title='bbox 424 4305 562 4380; x_wconf 89' lang='grc' dir='ltr'>διαμένειν</span> <span class='ocrx_word' id='word_1_332' title='bbox 592 4307 638 4366; x_wconf 86' lang='grc' dir='ltr'>καὶ</span> <span class='ocrx_word' id='word_1_333' title='bbox 666 4310 704 4380; x_wconf 89' lang='grc' dir='ltr'>ῶς</span> <span class='ocrx_word' id='word_1_334' title='bbox 733 4305 813 4388; x_wconf 80' lang='grc' dir='ltr'>πατρί</span> <span class='ocrx_word' id='word_1_335' title='bbox 843 4309 1001 4389; x_wconf 77' lang='grc' dir='ltr'>πειθαρχεῖν</span> <span class='ocrx_word' id='word_1_336' title='bbox 1025 4309 1054 4368; x_wconf 93' lang='grc' dir='ltr'>ἐν</span> <span class='ocrx_word' id='word_1_337' title='bbox 1076 4311 1177 4380; x_wconf 82' lang='grc' dir='ltr'>πάσαις</span> <span class='ocrx_word' id='word_1_338' title='bbox 1198 4311 1258 4381; x_wconf 83' lang='grc' dir='ltr'>ταῖς</span> <span class='ocrx_word' id='word_1_339' title='bbox 1281 4309 1393 4382; x_wconf 89' lang='grc' dir='ltr'>λοιπαῖς</span> <span class='ocrx_word' id='word_1_340' title='bbox 1415 4316 1465 4384; x_wconf 81' lang='grc' dir='ltr'>τῆς</span> <span class='ocrx_word' id='word_1_341' title='bbox 1486 4311 1548 4381; x_wconf 76' lang='grc' dir='ltr'>ζωῆς</span> 
     </span>
     <span class='ocr_line' id='line_1_32' title="bbox 262 4425 1548 4511; baseline 0.005 -30"><span class='ocrx_word' id='word_1_342' title='bbox 262 4443 314 4498; x_wconf 84' lang='grc' dir='ltr'>μου</span> <span class='ocrx_word' id='word_1_343' title='bbox 329 4425 454 4504; x_wconf 85' lang='grc' dir='ltr'>ἡμέραις.</span> <span class='ocrx_word' id='word_1_344' title='bbox 479 4427 526 4486; x_wconf 84' lang='grc' dir='ltr'>καί</span> <span class='ocrx_word' id='word_1_345' title='bbox 549 4429 628 4488; x_wconf 82' lang='grc' dir='ltr'>οῶτοῦ</span> <span class='ocrx_word' id='word_1_346' title='bbox 651 4429 872 4498; x_wconf 87' lang='grc' dir='ltr'>συνευδοκοῦντος</span> <span class='ocrx_word' id='word_1_347' title='bbox 887 4433 963 4488; x_wconf 88' lang='grc' dir='ltr'>τοῦτο</span> <span class='ocrx_word' id='word_1_348' title='bbox 989 4429 1036 4488; x_wconf 86' lang='grc' dir='ltr'>καὶ</span> <span class='ocrx_word' id='word_1_349' title='bbox 1060 4429 1267 4507; x_wconf 82' lang='grc' dir='ltr'>ἀποδεχομένου</span> <span class='ocrx_word' id='word_1_350' title='bbox 1289 4431 1323 4489; x_wconf 90' lang='grc' dir='ltr'>τά</span> <span class='ocrx_word' id='word_1_351' title='bbox 1347 4432 1478 4511; x_wconf 67' lang='grc' dir='ltr'>μάλιστα,</span> <span class='ocrx_word' id='word_1_352' title='bbox 1501 4427 1548 4488; x_wconf 82' lang='grc' dir='ltr'>εἰτ-</span> 
     </span>
     <span class='ocr_line' id='line_1_33' title="bbox 261 4544 1548 4628; baseline 0.002 -24"><span class='ocrx_word' id='word_1_353' title='bbox 261 4544 384 4620; x_wconf 80' lang='grc' dir='ltr'>ήλθομεν</span> <span class='ocrx_word' id='word_1_354' title='bbox 411 4547 442 4606; x_wconf 88' lang='grc' dir='ltr'>δέ</span> <span class='ocrx_word' id='word_1_355' title='bbox 471 4550 551 4628; x_wconf 88' lang='grc' dir='ltr'>ἀμφω</span> <span class='ocrx_word' id='word_1_356' title='bbox 582 4547 621 4620; x_wconf 81' lang='grc' dir='ltr'>εἰς</span> <span class='ocrx_word' id='word_1_357' title='bbox 651 4550 700 4623; x_wconf 73' lang='grc' dir='ltr'>τἠν</span> <span class='ocrx_word' id='word_1_358' title='bbox 731 4549 860 4624; x_wconf 88' lang='grc' dir='ltr'>βασιλίδα</span> <span class='ocrx_word' id='word_1_359' title='bbox 889 4555 942 4609; x_wconf 90' lang='grc' dir='ltr'>τῶν</span> <span class='ocrx_word' id='word_1_360' title='bbox 971 4551 1082 4610; x_wconf 89' lang='grc' dir='ltr'>πόλεων</span> <span class='ocrx_word' id='word_1_361' title='bbox 1109 4550 1156 4610; x_wconf 84' lang='grc' dir='ltr'>καί</span> <span class='ocrx_word' id='word_1_362' title='bbox 1186 4552 1221 4611; x_wconf 88' lang='grc' dir='ltr'>δι’</span> <span class='ocrx_word' id='word_1_363' title='bbox 1243 4551 1378 4626; x_wconf 84' lang='grc' dir='ltr'>αἰτήσεως</span> <span class='ocrx_word' id='word_1_364' title='bbox 1406 4552 1484 4612; x_wconf 70' lang='grc' dir='ltr'>αὐτοῦ</span> <span class='ocrx_word' id='word_1_365' title='bbox 1511 4551 1548 4608; x_wconf 83' lang='grc' dir='ltr'>τσῦ</span> 
     </span>
    </p>
   </div>
   <div class='ocr_carea' id='block_1_5' title="bbox 262 4669 1548 4754">
    <p class='ocr_par' dir='ltr' id='par_1_8' title="bbox 262 4669 1548 4754">
     <span class='ocr_line' id='line_1_34' title="bbox 262 4669 1548 4754; baseline 0.002 -30"><span class='ocrx_word' id='word_1_366' title='bbox 262 4671 384 4746; x_wconf 87' lang='grc' dir='ltr'>μοναχοῦ</span> <span class='ocrx_word' id='word_1_367' title='bbox 407 4674 488 4748; x_wconf 86' lang='grc' dir='ltr'>κυροῦ</span> <span class='ocrx_word' id='word_1_368' title='bbox 510 4669 610 4748; x_wconf 83' lang='grc' dir='ltr'>Ἰωσὴφ</span> <span class='ocrx_word' id='word_1_369' title='bbox 634 4669 829 4745; x_wconf 89' lang='grc' dir='ltr'>ἀνελαβόμεθα</span> <span class='ocrx_word' id='word_1_370' title='bbox 856 4671 930 4750; x_wconf 81' lang='grc' dir='ltr'>παρὰ</span> <span class='ocrx_word' id='word_1_371' title='bbox 952 4677 997 4731; x_wconf 89' lang='grc' dir='ltr'>τοῦ</span> <span class='ocrx_word' id='word_1_372' title='bbox 1020 4671 1143 4748; x_wconf 90' lang='grc' dir='ltr'>ἀοιδίμου</span> <span class='ocrx_word' id='word_1_373' title='bbox 1167 4672 1306 4748; x_wconf 86' lang='grc' dir='ltr'>βασιλέως</span> <span class='ocrx_word' id='word_1_374' title='bbox 1328 4679 1410 4754; x_wconf 87' lang='grc' dir='ltr'>κυροῦ</span> <span class='ocrx_word' id='word_1_375' title='bbox 1433 4669 1548 4745; x_wconf 79' lang='grc' dir='ltr'>Ἀλεξίου</span> 
     </span>
    </p>
   </div>
   <div class='ocr_carea' id='block_1_6' title="bbox 0 0 1603 5288">
    <p class='ocr_par' dir='ltr' id='par_1_9' title="bbox 0 0 1603 5288">
     <span class='ocr_line' id='line_1_35' title="bbox 0 0 1603 5288; baseline 0 0"><span class='ocrx_word' id='word_1_376' title='bbox 0 0 1603 5288; x_wconf 95' lang='lat' dir='ltr'> </span> 
     </span>
    </p>
   </div>
  </div>
 </body>
</html>
