3186 5286
253 342 319 407 370

251 534 298 595 καί
324 542 373 611 τῆς
399 535 556 613 ὑπογραφῆς
583 537 629 593 τοῦ
651 533 705 608 ἤδη
729 534 882 610 ἡγουμένου
911 534 1007 610 αὑτῶν,
1034 533 1181 591 όσιωτάτσυ
1206 528 1373 607 Ἀθανασίσυ,
1400 529 1431 587 τό
1460 528 1551 604 ἐχέγ-

252 677 317 734 γυον
342 657 406 734 ἔχον
429 653 477 716 καί
499 657 529 714 τό
552 655 655 734 πιστόν,
679 653 723 732 ἀφ’
745 647 775 712 οὑ
799 653 881 727 δῆλοί
901 651 967 712 εἰσιν
990 651 1014 712 σί
1039 650 1175 732 εἰρημένοι
1197 652 1314 730 πατέρες
1337 650 1442 710 ἐκεῖθεν
1465 647 1551 708 ἀπαί-

252 799 324 858 ροντι
347 776 418 856 αὑτῷ
441 775 646 854 ἐντελλόμενοι,
676 773 785 834 ἐπειδάν
814 772 854 846 εἰς
881 775 1078 848 βασιλεύουσαν
1104 774 1232 855 καταχθῇ
1260 767 1458 852 διαπράξασθαί
1481 791 1551 847 σρισι

251 900 325 980 παρά
355 905 404 974 τῆς
434 899 496 958 καθ’
523 899 599 972 ἡμᾶς
629 901 674 956 τοὺ
704 897 818 976 Χριστοῦ
850 896 980 972 μεγάλης
1010 896 1161 969 ἐκκλησίας
1189 895 1257 976 πρός
1286 897 1342 965 τοῖς
1372 889 1473 964 ἀλλοις
1503 891 1550 951 καί

251 1025 335 1080 ταῦτα
357 1019 428 1079 κατὰ
451 1020 566 1098 ἀρχαῖαι
589 1021 806 1099 μοναστηριακδν
829 1019 890 1089 ἐθσς
912 1019 1008 1096 αὑτῶν,
1031 1024 1084 1077 τῶν
1101 1017 1152 1092 μὲν
1167 1017 1390 1092 ἀποθνησκόντων
1406 1033 1550 1092 συγκοινσ-

253 1144 353 1218 βιατῶν
381 1144 467 1201 αὑτῶν
494 1142 542 1214 τὴν
569 1139 757 1220 κληρονομίαν
785 1139 960 1216 διαδέχεσθαι
989 1141 1018 1198 τό
1043 1141 1230 1218 μοναστήριον,
1255 1137 1333 1196 ἀλλά
1356 1138 1395 1212 μὴ
1418 1136 1550 1217 ἀδελφόν,

253 1264 319 1339 μηδ’
343 1264 432 1340 οίκλογ
459 1264 519 1322 τινά
545 1271 664 1341 συγγενῆ
690 1266 737 1321 τοὺ
766 1263 915 1333 τεθνεῶτος
944 1259 1103 1340 καλόγηρσν
1130 1263 1148 1334 ἢ
1178 1261 1319 1334 κοσμικόν.
1350 1261 1408 1320 ὅσοι
1436 1259 1467 1319 δέ
1499 1267 1550 1318 τῶν

254 1391 478 1466 μσνασπηριακῶν
504 1385 603 1444 τοὺτων
627 1385 799 1459 ὠνησάμενοι
823 1384 915 1460 ἔχουσι
937 1385 1088 1461 πράγματα
1108 1387 1157 1457 τῆς
1181 1388 1281 1460 μονῆς,
1308 1380 1450 1460 κελλεῑόν,
1479 1403 1549 1459 φασι,

252 1510 388 1587 χωράφια,
417 1509 484 1582 ζῶα,
513 1504 619 1580 μηδένα
646 1506 745 1564 τούτων
774 1503 899 1563 δὺναοθαι
927 1506 1015 1573 ζῶντα
1042 1503 1145 1562 πωλεῖν
1174 1502 1266 1562 ἐκεῖνα
1289 1505 1447 1581 συγγενέσιν
1471 1505 1550 1564 αὑτοῦ

255 1630 426 1708 καλογήροις
453 1630 471 1701 ἢ
494 1626 695 1706 ὑποτακτικοῖς,
725 1627 795 1701 μήτε
823 1626 934 1703 ἑκόντα,
964 1627 1034 1700 μήτε
1061 1624 1122 1683 κατ’
1146 1625 1277 1702 ἐπιταγήν
1305 1643 1377 1695 τινος
1402 1628 1421 1699 ἢ
1450 1625 1549 1700 δέησιν,

253 1751 321 1810 ἀλλ’
346 1745 456 1810 ἐπειδάν
487 1748 655 1808 ἀποθάνωσιν
686 1748 795 1826 ἐκείνοι,
828 1747 978 1807 πωλεῖσθαι
1012 1745 1046 1804 τά
1077 1745 1192 1825 ῥηθέντα
1222 1748 1381 1825 πράγματα,
1413 1742 1489 1826 ᾧπερ
1520 1749 1549 1805 ἀν

252 1871 423 1950 προέλωνται
450 1869 473 1928 σί
502 1868 721 1947 συγκοινοβιᾶται
744 1871 763 1942 ἢ
785 1867 824 1946 τῷ
848 1869 886 1944 μὴ
911 1869 1001 1945 έχοντι
1025 1866 1098 1926 άλλο
1120 1873 1226 1942 κτῆμα·
1255 1867 1325 1926 οὑτω
1347 1867 1402 1945 γάρ
1425 1869 1458 1926 ἀν
1482 1869 1548 1940 καί,-

254 1993 349 2053 σασθαι
376 1990 421 2052 καί
445 1992 505 2062 τοὺς
529 1991 567 2064 μὴ
592 1991 721 2068 ἔχοντας,
750 1989 794 2067 ἀφ’
818 1985 855 2048 ὧν
880 1989 1077 2067 διαβιώσονται,
1101 1993 1154 2046 τῶν
1178 1987 1209 2046 δὲ
1233 1987 1464 2066 συγκοινοβιατῶν
1487 1989 1548 2047 τοὺ-

254 2135 308 2174 των
339 2111 401 2185 τοὺς
430 2115 508 2183 νέους
537 2118 570 2193 τῇ
605 2109 703 2193 ἡλικίᾳ
737 2109 843 2186 μηδένα
874 2111 947 2186 ἔχειν
978 2109 1045 2170 ἴδιον
1077 2112 1172 2187 ζεὺγος
1203 2109 1275 2183 βοῶν
1305 2109 1446 2188 ἀροτήρων
1481 2109 1550 2184 μηδὲ

257 2233 441 2294 ἀποστέλλειν
469 2235 560 2311 ἕτερον
589 2230 627 2302 είς
650 2228 683 2290 τὰ
710 2237 759 2306 τῆς
787 2237 872 2306 μονῆς
900 2233 1017 2307 μετόχια
1046 2230 1088 2288 ἐπ’
1111 2230 1200 2308 ἀρότῳ
1222 2228 1269 2289 καί
1291 2230 1437 2312 καταβολῇ
1459 2251 1548 2311 πραγ-

256 2357 365 2434 μάτων,
397 2353 476 2412 ἀλλά
507 2353 599 2427 μόνοις
626 2354 682 2423 τοῖς
708 2354 831 2431 γέρουσιν
863 2349 962 2423 ἐξεῖναι
991 2356 1083 2428 τοῦτο,
1114 2353 1148 2411 ἵν’
1173 2353 1258 2432 έχωσι
1289 2355 1337 2428 την
1368 2351 1422 2412 ἀπό
1452 2353 1549 2412 τοὺτων

256 2477 325 2556 πρός
351 2475 381 2534 τό
411 2477 458 2548 ζῆν
487 2473 659 2551 ἐπικαρπίαν,
690 2474 720 2532 οὑ
747 2473 801 2547 μὴν
830 2473 907 2532 ἀλλὰ
934 2473 1007 2548 μηδὲ
1029 2477 1085 2544 τοῖς
1108 2473 1314 2554 ίερσπραγσὺσιν
1338 2471 1439 2545 ἐξεῖναι
1460 2494 1550 2552 γεωρ-

255 2598 315 2672 γεῖν
338 2599 356 2670 ἢ
380 2593 497 2674 σπείρειν
520 2593 591 2652 κατὰ
613 2598 666 2652 τῶν
689 2599 818 2672 περιττῶν
841 2592 888 2652 καί
911 2594 1096 2674 ἀγεωργήτων
1118 2601 1168 2670 τῆς
1191 2601 1277 2672 μονῆς
1299 2597 1399 2674 τόπων,
1426 2594 1472 2654 καὶ
1500 2601 1552 2654 τῶν

257 2715 301 2776 ἐπὶ
330 2713 410 2786 ἰδίαις
433 2714 464 2774 δέ
488 2714 642 2794 ὑπουργίαις
668 2719 715 2772 καί
738 2714 861 2792 κέρδεσιν
888 2713 1100 2790 ἀποδημούντων
1128 2715 1356 2794 ουγκσινοβιατῶν
1384 2721 1403 2792 ἢ
1430 2716 1482 2776 τῶν
1512 2716 1552 2775 ἐπὶ

254 2841 310 2909 τοῖς
340 2833 395 2909 ἔξω
423 2841 473 2911 τῆς
501 2841 587 2912 μονῆς
610 2835 762 2913 μετοιχίοις
783 2837 958 2914 τεταγμένων
981 2836 1087 2914 μηδένα
1116 2837 1192 2914 ἔχειν
1218 2837 1286 2898 ἴδιον
1309 2840 1406 2915 ζεῦγος
1429 2837 1502 2910 βοῶν
1525 2838 1551 2895 ἐν

256 2959 313 3030 τοῖς
338 2959 367 3017 ἐν
385 2958 490 3034 Πάτμῳ
511 2957 650 3034 μετσχίοις
681 2959 773 3032 αὑτῆς.
805 2957 843 3016 ἔτι
866 2957 897 3016 δὲ
918 2957 1023 3033 μηδένα
1044 2955 1206 3031 ἐξαιτεῖσθαι
1226 2959 1297 3018 κατά
1317 2957 1379 3032 βίαν
1400 2957 1448 3018 καί
1466 2961 1549 3039 πρόσ-

256 3101 350 3158 ταγμα
378 3079 555 3159 ἐπιτραπῆναί
586 3078 611 3139 οἱ
643 3075 717 3159 παρὰ
743 3085 792 3154 τῆς
821 3085 906 3155 μονῆς
933 3081 963 3138 τό
994 3081 1058 3160 παρ’
1079 3081 1169 3152 αὑτοῖς
1198 3080 1353 3158 λεγόμενον
1384 3079 1550 3156 σίκονομεῖον

255 3203 284 3262 ἐν
316 3202 479 3283 ἀλλοδαπῇ,
511 3201 578 3261 ἀλλ’
603 3203 693 3261 όντινσι
724 3204 756 3282 ἀν
787 3198 855 3283 δόξῃ
884 3206 977 3281 κοινῇ,
1007 3205 1099 3261 τοῦτον
1130 3202 1381 3278 ἀπσκαθισσάμενον
1411 3200 1549 3276 οἰκονόμον

254 3325 372 3402 χρῆσθαι
399 3330 431 3406 τῇ
461 3324 679 3406 ἐπιτετραμμένῃ
708 3324 799 3404 ἐκείνῃ
828 3321 968 3406 οἰκονομίᾳ
999 3323 1042 3383 ἐστὶ
1071 3325 1118 3399 έτη
1147 3327 1229 3399 μόνον
1255 3325 1381 3404 τέτταρα,
1410 3324 1488 3384 ἀλλὰ
1512 3325 1548 3396 μὴ

255 3443 355 3506 πλείω.
387 3446 457 3515 ὅστις
489 3443 520 3503 δέ
550 3449 568 3518 ἢ
598 3447 665 3526 πρός
696 3443 775 3526 χάριν
806 3449 823 3520 ἡ
851 3447 922 3506 κατὰ
953 3444 1043 3522 δέησιν
1071 3449 1089 3520 ἢ
1121 3446 1250 3525 ἐπιταγὴν
1281 3446 1372 3506 ἀλλου
1404 3445 1505 3520 ἔλαβεν
1534 3447 1549 3515 ί,

256 3563 375 3642 λήψεται
411 3567 538 3642 μετόχιον
571 3564 618 3625 καὶ
650 3565 818 3642 οἰκονομεῖον
844 3570 862 3642 ἢ
893 3567 933 3646 ἐφ’
957 3569 1035 3646 ὅρους
1062 3570 1135 3644 ζωῆς
1167 3569 1246 3628 αὑτοῦ
1273 3571 1291 3642 ἢ
1320 3567 1363 3628 ἐπὶ
1393 3569 1439 3642 ἔτη
1465 3565 1549 3626 πλείω

256 3689 310 3744 τῶν
336 3683 481 3766 τεττάρων,
512 3691 603 3747 τοῦτον
632 3687 832 3749 ἀπελσάνεσθαι
861 3695 907 3749 τοῦ
939 3690 1169 3770 ἐπιτετραμμένον
1201 3691 1304 3750 ἐκείνου
1331 3691 1549 3770 ὑπουργήματος.

259 3809 297 3877 ὡς
324 3807 474 3887 φιλοκερδῆ
503 3808 551 3868 καὶ
577 3811 738 3890 παραβάτην
768 3814 814 3871 τοὺ
841 3811 955 3890 ἀρχαίου
982 3817 1199 3894 μσναστηριακοὺ
1222 3814 1308 3894 ἔθους,
1337 3811 1386 3872 καί
1416 3811 1550 3872 συνελόντι

256 3927 340 3990 εἰπεῖν
362 3929 396 3988 τόι
419 3929 522 4010 ἀρχαῖα
548 3930 595 3989 καὶ
623 3931 655 3992 έκ
681 3931 801 3994 παλαιοῦ
829 3934 1033 4013 μσναστηριακά
1056 3935 1105 4009 ἔθη
1134 3934 1178 3994 ἐπί
1199 3955 1229 3993 τε
1251 3939 1304 3994 τῶν
1327 3937 1549 4012 μονοσιηριοικῶν

255 4049 381 4129 όφφικίων
412 4049 460 4112 καί
490 4059 539 4127 τῆς
570 4053 664 4129 ἀλλης
693 4060 913 4133 μοναστηριακῆς
948 4053 1036 4113 αὑτῶν
1071 4054 1230 4131 διοικήσεως
1263 4055 1446 4135 διατηρεῖοθαι
1478 4053 1549 4113 ἐσαεὶ

255 4175 311 4246 τοῖς
335 4173 427 4254 ἔργοις
451 4171 624 4254 ἀπαράβατος
648 4179 731 4234 ταῦτα
754 4175 805 4249 μέν
828 4172 874 4234 οὑν
896 4174 973 4235 καλά
987 4196 1018 4235 τε
1040 4174 1088 4235 καὶ
1110 4181 1188 4257 κοινῇ
1212 4178 1379 4257 συμφέροντα
1401 4177 1548 4250 ἐδεήθησαν

254 4294 333 4368 ἡμῶν
362 4293 525 4374 ἐπικυρῶσαι
553 4294 578 4354 σί
602 4293 738 4375 εἰρημένοι
760 4298 877 4376 πατέρες
900 4296 1126 4375 ὁμολογήσαντες
1151 4296 1199 4358 καὶ
1221 4297 1377 4374 συνθέμενοι
1399 4299 1460 4358 καθ’
1484 4297 1546 4356 ἑαυ-

254 4414 330 4490 τοὺς,
362 4414 458 4487 άλλως
479 4436 508 4474 τε
537 4413 583 4475 καί
612 4417 644 4475 έκ
671 4417 791 4477 παλαιοῦ
819 4418 909 4492 έθιμοι.
942 4417 1001 4478 ἐπεὶ
1032 4418 1056 4478 δ’
1083 4419 1264 4496 ἐπενεὺσαμεν
1292 4420 1382 4490 αὑτοῖς
1408 4421 1473 4502 πρός
1501 4419 1547 4491 τὴν

256 4533 396 4612 βσὺλησιν,
426 4533 576 4614 γράφοντες
599 4536 806 4614 ἀποφαινόμεθα
837 4539 982 4612 συνσδικῶς
1017 4540 1087 4615 μετὰ
1116 4547 1170 4600 τῶν
1200 4539 1262 4621 περὶ
1292 4543 1367 4616 ἡμᾶς
1400 4540 1548 4622 ίερωτάτων

255 4655 406 4734 ἀρχιερέων
432 4655 478 4716 καί
506 4656 668 4736 ὑπερτέρων,
696 4665 749 4717 τῶν
779 4660 807 4718 ἐν
834 4660 904 4740 ἀγίῳ
927 4663 1060 4735 πνεὺματι
1082 4663 1230 4740 ἀγαπητῶν
1252 4665 1330 4740 ἡμῶν
1355 4663 1480 4742 ἀδελφῶν
1503 4661 1547 4718 καὶ
