3184 5288
214 373 276 434 134

212 565 290 623 αυτοῦ
320 561 367 622 καὶ
393 569 443 639 τῆς
477 562 589 642 συμβίρυ
625 583 676 638 μου
709 561 756 621 καί
783 565 871 622 αὐτῶν
905 561 939 638 δὴ
966 569 1020 620 τῶν
1048 563 1150 622 παίδων
1174 583 1225 638 μου
1256 563 1360 643 σφακτόι
1389 563 1508 642 κεφαλια

212 686 326 765 μεγάλα
353 692 402 760 τῆς
424 687 523 762 γέννας
550 687 711 764 τετρακόσια
738 683 785 744 καί
814 685 954 764 ζευγάριον
978 684 1086 758 βοεικδν
1109 687 1268 766 καματηρόν
1295 686 1325 744 ἓν
1359 684 1429 760 μετὰ
1463 691 1508 744 τοῦ

211 808 310 886 σπόρου
332 808 411 866 αθτοό
433 805 480 866 καὶ
506 812 556 882 τῆς
584 802 698 877 ἀννόνας
724 811 770 866 τοῦ
798 805 912 885 μισθίου,
936 805 1035 865 όπόταν
1058 805 1090 866 δὲ
1113 806 1187 866 δόσει
1210 807 1225 864 ό
1248 807 1310 876 θεδς
1337 808 1432 886 καιρόν
1462 805 1508 865 καί

210 931 327 1008 ἡμέραν,
351 925 398 988 καὶ
421 923 529 987 ἀνέλθω
552 925 598 987 καί
622 927 679 1006 ἐγὼ
702 927 756 987 άπδ
779 933 833 987 τῶν
856 921 911 1006 ᾧδε
932 929 1000 1008 πρός
1022 929 1071 1002 τὴν
1094 928 1179 1002 μονὴν
1203 925 1247 987 ἐπὶ
1268 929 1299 988 τ“ο
1322 927 1510 1007 ἀποκαρθῆναι

211 1048 257 1109 καὶ
290 1049 467 1128 ἐκπληρῶσαί
494 1069 529 1124 με
558 1049 607 1124 τὴν
639 1049 674 1109 δι’
707 1049 825 1128 ἐφέσεως
856 1049 1001 1126 ὑπόσχεσιν
1030 1053 1080 1125 τῆς
1110 1049 1289 1128 ἀποκάρσεώς
1312 1069 1373 1126 μου,
1404 1045 1427 1107 εί
1459 1047 1508 1123 μὲν

211 1172 361 1252 κατευρεθῄ
385 1190 429 1245 μοι
456 1167 494 1247 τῷ
524 1171 586 1230 τότε
616 1171 702 1251 καιρῷ
732 1168 780 1230 καί
802 1169 877 1230 ἄλλο
899 1191 922 1229 τι
953 1169 1007 1230 ἀπό
1036 1174 1082 1230 τοῦ
1113 1170 1171 1245 βίου
1200 1169 1247 1229 καί
1277 1177 1327 1245 τῆς
1356 1169 1510 1248 περιουσίας

183 1281 186 1290 ’
211 1290 265 1372 καὶ,
281 1293 452 1363 ὑποστάσεως
476 1313 536 1368 μου,
560 1294 575 1350 ’ό
599 1293 658 1369 ἔχει
683 1291 697 1351 ό
719 1291 782 1364 θεδς
805 1292 926 1370 θέλημα,
949 1291 984 1351 νά
1006 1293 1147 1372 άφιεράισω
1170 1290 1217 1351 καί
1241 1290 1366 1352 ἐπιδώσω
1392 1289 1442 1351 καὶ
1463 1291 1510 1350 ἀπ’

212 1415 291 1474 αὺτοῦ
324 1416 371 1472 τοῦ
402 1416 564 1492 πράγματος
600 1417 645 1472 τοῦ
676 1415 737 1473 τότε
759 1413 980 1493 κατευρεθέντος
1012 1414 1079 1493 πρός
1109 1415 1158 1487 την
1193 1413 1320 1492 ῥηθεῖσαν
1355 1412 1511 1488 οεβασμίαν

212 1537 312 1612 μονήν,
343 1535 410 1613 όπερ
441 1533 583 1607 δυνάμεως
612 1532 659 1594 καί
688 1534 846 1610 θελήματος
870 1533 945 1612 έχω·
978 1532 1000 1592 εί
1023 1534 1047 1594 δ’
1078 1533 1153 1614 ἴσως,
1177 1536 1243 1615 ὅπερ
1266 1534 1432 1612 ἀπεύχομαι,
1464 1531 1513 1592 καὶ

211 1657 286 1734 φέρει
312 1657 330 1730 ἡ
360 1655 429 1736 φορά
457 1660 504 1715 τοῦ
533 1660 628 1736 καιροῦ
657 1648 705 1715 καί
735 1654 821 1716 αὐτῶν
850 1661 904 1714 τῶν
933 1658 1113 1736 πραγμάτων,
1143 1654 1190 1715 καί
1220 1657 1269 1716 οῖικ
1302 1656 1358 1734 ἔχω
1380 1677 1404 1714 τι
1435 1655 1512 1714 ἄλλο

211 1778 379 1858 προσφέρειν,
411 1779 460 1836 οθκ
490 1777 592 1855 όφειλω
619 1777 759 1852 βιάζεσθαι
785 1773 859 1855 παρὰ
882 1781 930 1837 σοιῖ
959 1781 1005 1838 τοῦ
1031 1779 1239 1856 καθηγουμένου
1261 1781 1279 1852 ἢ
1302 1777 1356 1836 τῶν
1379 1785 1512 1854 μοναχιῑιν

211 1898 399 1977 ἢπαρδιτοιῖ
427 1899 527 1978 μέρους
553 1904 602 1973 τῆς
632 1899 675 1977 ὑφ’
693 1900 769 1973 ημᾶς
796 1904 883 1974 μονῆς
906 1895 946 1970 εἰς
969 1898 1098 1960 ἀπόδοσιν
1124 1899 1212 1959 πλέον
1238 1905 1292 1957 τῶν
1313 1898 1363 1972 τἠν
1390 1901 1512 1978 σήμερον

212 2019 345 2080 δοθέντων
371 2021 439 2100 πρός
463 2022 561 2095 αυτ-ην·
585 2020 664 2080 άλλόι
689 2019 723 2078 νόι
750 2015 867 2099 άρκῆται
889 2021 907 2096 η
930 2021 1038 2098 τοιαότη
1066 2021 1136 2096 μονθ,
1163 2018 1210 2080 καὶ
1237 2021 1314 2096 ὑμεῖς
1341 2017 1366 2079 οἱ
1393 2017 1513 2096 μοναχοὶ

213 2141 255 2200 ἐπ’
272 2141 362 2212 αἰετοῖς
384 2140 430 2200 καί
453 2142 547 2215 μόνοις
561 2142 624 2211 ,τοῖς
647 2143 789 2218 πράγμασι
812 2143 868 2212 τοῖς
891 2140 993 2201 δοθεῖσι
1014 2143 1062 2215 τὴν
1086 2144 1214 2221 σήμερον,
1235 2141 1319 2220 ἤγουν
1339 2147 1392 2200 τῶν
1411 2160 1513 2218 τετρα-

149 2307 151 2310 -
211 2261 310 2322 κοσίων
327 2267 459 2341 σφακτιῖιν,
480 2266 526 2320 τοῦ
546 2261 688 2342 ζευγαρίου
712 2263 756 2322 σθν
778 2267 825 2323 τοῦ
840 2263 940 2343 σπόρου
955 2264 1035 2323 αὺτοῦ
1055 2261 1102 2322 καί
1118 2269 1168 2339 τῆς
1190 2263 1303 2334 όννόνοις
1326 2266 1372 2323 τοῦ
1395 2262 1513 2340 μισθίου,

212 2385 281 2463 άπερ
309 2382 356 2442 καί
384 2381 487 2462 όφείλει
515 2382 701 2462 άποκερδῆσαι
728 2381 774 2443 καὶ
803 2383 933 2443 δεσπόσαι
955 2385 973 2459 ἡ
1001 2385 1071 2458 μονὴ
1099 2382 1153 2443 ἀπό
1174 2388 1221 2444 τοῦ
1242 2387 1375 2464 παρόντος
1402 2381 1449 2443 καὶ
1473 2382 1516 2454 είς

212 2507 242 2563 τό
270 2501 337 2580 ἑξῆς
366 2504 436 2563 κατὰ
466 2503 577 2563 τελείαν
608 2505 767 2565 δεσποτείαν
798 2503 845 2564 καὶ
874 2507 1027 2584 κυριότητα.
1059 2505 1083 2564 εί
1111 2505 1141 2564 δέ
1163 2526 1198 2584 γε
1228 2507 1276 2565 οὐκ
1306 2503 1416 2585 ίσχθσω,
1447 2506 1516 2566 οὐδέ

211 2625 393 2685 κατευσδώσω
420 2625 568 2702 σίνελθῆναι
594 2628 662 2706 πρός
688 2627 736 2701 τὴν
760 2629 856 2706 μονήν,
879 2627 918 2696 ὡς
941 2626 1056 2707 εἴρηται,
1079 2627 1113 2684 νά
1135 2626 1293 2704 άπακαρθιῖι,
1318 2627 1395 2686 ἀλλὰ
1418 2629 1516 2705 φθάσει

212 2746 382 2822 καταλαβεῖν
411 2767 446 2822 με
473 2747 587 2806 ἐνταῦθα
613 2749 644 2807 τό
670 2749 760 2806 κοινόν
788 2752 833 2808 τοῦ
861 2750 977 2808 θανάτου
999 2750 1085 2828 χρέος
1106 2751 1125 2822 ἢ
1148 2749 1186 2820 ὡς
1208 2750 1339 2824 κοσμικόν
1362 2752 1380 2822 ἢ
1402 2745 1449 2807 καὶ
1475 2752 1516 2820 ὡς

214 2871 346 2946 μοναχόν,
370 2867 403 2926 νά
427 2867 542 2946 δέχηται
565 2869 731 2929 τὰτοιαῦτα
754 2871 811 2940 ζῶα
833 2871 851 2946 ἡ
876 2871 945 2945 μονὴ
973 2868 1020 2930 καὶ
1042 2871 1073 2930 τό
1099 2870 1247 2949 σιτόκριθον
1274 2874 1320 2929 τοῦ
1343 2873 1443 2948 σπόρου
1467 2877 1516 2930 τοιῖ

213 2987 355 3069 ζευγαρίου
377 2987 423 3048 καὶ
446 2995 494 3064 τῆς
518 2989 632 3061 ἀννόνας
658 2995 704 3050 τοῖι
731 2991 837 3066 μισθίου
864 2991 931 3071 ὑπὲρ
954 2995 1071 3068 ψυχικῆς
1095 3012 1146 3066 μου
1175 2991 1319 3071 σωτηρίας,
1351 2993 1434 3050 ἕνεκα
1465 2991 1515 3050 καί

213 3111 464 3187 μνημοσόνουὲμοῡ
480 3131 510 3170 τε
526 3110 635 3187 καὶτῆς
651 3113 785 3192 όμοζὺγου
802 3133 853 3188 μου
875 3112 922 3172 καί
944 3119 997 3172 τῶν
1019 3108 1124 3172 παίδων
1141 3134 1204 3193 μου,
1227 3114 1275 3187 τὴν
1299 3113 1331 3172 δὲ
1353 3114 1516 3187 σωματικὴν

212 3236 338 3314 πρόνοιαν
365 3240 416 3310 τῆς
442 3241 541 3312 τροφῆς
565 3254 616 3308 μου
642 3232 690 3293 καί
717 3241 765 3310 τῆς
791 3236 899 3306 πόσεως
922 3255 983 3312 μου,
1012 3233 1037 3294 εί
1063 3236 1156 3314 φθάσω
1186 3233 1336 3310 ἀνελθήναι
1364 3233 1411 3293 καὶ
1439 3235 1516 3293 ἀπο-

214 3361 330 3434 καρῆναι
357 3355 385 3414 ἐν
412 3361 445 3436 τῇ
476 3361 557 3436 μονῇ,
586 3355 670 3427 οὕτως
697 3355 799 3435 ὀφείλω
827 3356 912 3438 ἔχειν,
939 3357 979 3415 ότι
1005 3355 1029 3415 εί
1056 3356 1107 3430 μὲν
1131 3356 1189 3434 ἔχω
1217 3357 1328 3432 θέλημα
1354 3361 1399 3416 τοῦ
1422 3356 1517 3436 ἀπέρ-

212 3477 309 3554 χεσθαῖ
336 3497 371 3550 με
402 3479 471 3558 πρός
500 3478 549 3552 πἠν
579 3477 715 3556 τράπεζαν
745 3483 794 3553 τῆς
825 3483 912 3553 μονῆς
941 3477 1013 3536 κατὰ
1042 3479 1087 3536 τόν
1116 3479 1210 3557 καιρόν
1239 3481 1285 3538 τοῦ
1315 3475 1434 3557 ἀρίστου,
1467 3478 1517 3536 καὶ

212 3600 310 3676 τρώγω
337 3595 384 3656 καὶ
410 3598 478 3656 πίνω
507 3598 535 3656 ἐν
562 3598 629 3680 αὐτῇ
658 3599 727 3673 μετά
754 3604 807 3658 τῶν
835 3598 963 3678 ἀδελφῶν
989 3599 1180 3677 κοινοβιοικῶς,
1207 3598 1241 3656 νθ
1265 3599 1322 3676 ἔχω
1351 3598 1393 3658 ἐπ’
1415 3599 1517 3672 ἀδείας

213 3723 290 3777 τοῦτο
316 3721 419 3777 ποιεῖν·
445 3716 468 3776 εί
497 3716 522 3777 δ’
537 3717 601 3789 ἴσως
629 3718 679 3779 οὒκ
706 3719 764 3796 έχω
792 3719 904 3795 θέλημα
930 3723 976 3778 τοῦ
1003 3720 1170 3799 ἀπέρχεσθαι
1195 3719 1263 3798 πρός
1289 3721 1337 3794 τὴν
1363 3722 1517 3800 τράπεζαν,

212 3839 247 3896 νόι
269 3841 307 3910 ζῶ
330 3837 377 3898 καὶ
398 3841 537 3919 τρέφωμαι
559 3839 711 3920 κελλικῶς,
734 3841 808 3915 πλὴν
831 3839 884 3899 ἀπὸ
911 3847 961 3916 τῆς
988 3847 1084 3919 μονῆς,
1112 3839 1219 3920 καλῶς,
1248 3839 1443 3918 ἐνδεχομένως
1468 3843 1518 3900 καὶ

214 3961 388 4040 ἁρμοζόντως
415 3961 486 4020 κατὰ
514 3961 667 4038 μοναχικὴν
695 3959 861 4040 οἰκονομίαν,
885 3963 924 4034 ὡς
946 3961 1101 4041 όφειλοντός
1124 3981 1176 4035 μου
1199 3961 1274 4038 ἔχειν
1297 3963 1346 4020 ἕνα
1369 3963 1517 4042 ἄνθρωπον

214 4083 243 4140 ἐν
273 4087 305 4162 τῇ
337 4088 406 4163 μονῇ
436 4079 483 4140 καὶ
515 4081 686 4142 ἑκδουλεόειν
714 4104 760 4158 μοι
789 4081 836 4142 καὶ
868 4079 1041 4163 ἐξυπηρετεῖν
1069 4103 1126 4162 μοι,
1158 4082 1187 4141 ἐν
1216 4075 1258 4155 οἷς
1289 4085 1322 4140 ἂν
1350 4087 1517 4166 προσταχθῇ

213 4204 277 4282 παρ’
294 4204 370 4286 ἐμοῦ,
395 4200 442 4262 καὶ
465 4203 494 4262 έν
516 4202 555 4283 τῷ
577 4203 685 4283 κελλῖῳ
709 4225 770 4284 μου,
794 4206 866 4275 όστις
893 4203 939 4264 καὶ
967 4203 1070 4283 όφείλει
1099 4204 1273 4284 ἐκτρέφεσθαι
1299 4203 1346 4263 καὶ
1372 4203 1518 4266 ἐνδύεσθαι

215 4324 267 4386 ἀπό
305 4329 354 4399 της
393 4319 515 4410 μ[ονῆς],
551 4327 589 4396 ὡς
624 4317 662 4397 εἷς
695 4331 749 4385 τῶν
783 4313 921 4403 ἀδελφῶν,
958 4326 1007 4386 οὒκ
1040 4323 1141 4403 ὀφείλω
1177 4325 1208 4384 δὲ
1242 4325 1317 4403 ἔχειν
1355 4326 1518 4404 ἐπάναγκες

214 4451 259 4505 τοῦ
286 4442 541 4524 καταναγκάζεσθαί
569 4465 605 4521 με
631 4442 707 4526 παρὰ
732 4450 780 4505 σοῦ
801 4450 848 4506 τοῦ
871 4446 1045 4520 δηλωθέντος
1066 4448 1274 4526 καθηγουμένου
1296 4451 1314 4522 ἢ
1336 4448 1399 4526 παρ’
1425 4449 1517 4509 αὐτῶν

213 4573 267 4626 τῶν
291 4573 422 4644 μοναχῶν
444 4570 462 4641 ἢ
486 4567 627 4640 βιάζεσθαι
648 4566 723 4646 παρὰ
744 4570 791 4626 τοῦ
814 4568 913 4646 μέρους
936 4574 985 4644 τῆς
1008 4569 1091 4644 αθτῆς
1114 4573 1200 4642 μονῆς
1223 4563 1392 4647 ἀπέρχεσθαί
1411 4589 1448 4643 με
1478 4571 1517 4642 είς

215 4688 342 4749 δουλείαν
357 4689 415 4748 τινά
434 4694 482 4763 τῆς
504 4693 600 4768 μονῆς,
621 4689 720 4769 μέχρις
736 4691 769 4747 άν
785 4691 833 4768 ζῶ,
850 4689 929 4761 ἐκτός
943 4689 978 4748 νόι
993 4689 1052 4766 ἔχω
1066 4693 1144 4749 τοῦτο
1159 4688 1286 4764 θέλημα·
1303 4689 1462 4764 λαμβάνειν
1481 4712 1517 4766 με
