3184 5288
1288 359 1347 422 131

154 549 364 626 ήΤολμῶντες
391 549 417 609 οῖ
442 547 546 622 ἀνάξιοι
575 548 670 610 δοῦλοι
699 547 747 608 καί
777 550 900 622 εὐτελεῖς
927 551 1039 628 εύχέται
1066 554 1116 626 τῆς
1141 555 1274 628 κραταιᾶς
1303 549 1350 610 καὶ

69 671 134 748 ἁγίας
161 669 306 744 βασιλείας
328 691 374 730 σου
406 671 588 752 ἀναρέρομεν,
620 670 738 730 δέσποτα
767 672 847 746 ἡμῶν
878 673 949 750 ἀγιε.
981 672 998 745 ή
1027 671 1056 730 ἐν
1082 675 1116 752 πή
1143 673 1217 750 νήσῳ
1247 672 1350 751 Πάτμῳ

67 793 161 866 μονὴή
189 793 232 852 ἐπ’
257 790 367 870 όνόματι
399 797 446 852 τοῦ
477 793 658 871 ήγαπημένσν
688 793 841 852 ἀποστόλου
869 793 1004 874 παρθένου
1018 789 1077 876 Ικοιί
1101 790 1244 871 θεολόγον
1273 792 1349 873 ἱδρυ-

66 914 122 988 μένη
155 911 194 986 είς
226 913 312 974 πολύν
345 913 459 994 ἀριθμόν
497 919 626 992 μονοχῶν
660 915 845 993 κορυρωθεῖσα
880 913 976 996 (ἐγγύς
1006 915 1061 994 γάρ
1091 934 1142 974 που
1169 919 1222 973 τῶν
1253 915 1350 975 έκατόν

65 1037 220 1109 πεντήκοντα
243 1041 374 1114 μονοχῶν
397 1035 426 1094 έν
453 1037 521 1116 αύιῇ
553 1032 709 1120 ἀσκοῦνται)
737 1034 865 1112 μεγαλην
888 1035 948 1112 ἔχει
973 1035 1023 1110 τὴν
1047 1034 1153 1096 ἔνδειαν
1175 1035 1222 1096 καὶ
1245 1033 1290 1096 ἐπὶ
1312 1036 1351 1116 τῷ

66 1155 142 1234 Ιξνωμῳ
164 1155 251 1234 αῖιιῳ
276 1157 409 1232 ἐκέκτητο
431 1157 486 1236 γάρ
516 1158 600 1236 μέρος
630 1156 772 1234 ἀναψυχῆς
802 1157 855 1216 ἀπό
885 1161 939 1216 τῶν
970 1157 1150 1217 ἑπτακοσίων
1166 1158 1268 1232 μσδίων
1297 1166 1352 1220 τῶν

66 1277 204 1352 διδομένων
238 1279 306 1360 αῦτη
337 1279 403 1361 ἀπό,
422 1284 476 1338 τῶν
510 1279 583 1338 κατά
616 1279 664 1354 τὴν
694 1279 805 1358 Κρήτην
840 1277 991 1352 βασιλικῶν
1027 1279 1205 1359 ἑπισκέψεων,
1235 1286 1289 1340 τῶν
1320 1281 1351 1341 δέ

63 1401 176 1460 τοιούτων
204 1400 355 1476 βασιλικῶν
384 1399 552 1477 ἐπιοκέψεων
579 1399 784 1480 παραδοθεισῶν
811 1403 868 1472 τοῖς
895 1397 1028 1472 ἐντοπίοις
1054 1401 1129 1479 παρὰ
1155 1405 1201 1462 τοῦ
1228 1401 1352 1479 ἀοιδίμου

63 1523 153 1600 πατρός
184 1527 235 1596 τής
270 1521 348 1600 όγίου
387 1543 433 1582 σου
468 1521 611 1596 βασιλείας
644 1520 691 1580 καί
724 1522 897 1598 τελουμένων
931 1523 996 1602 παρ’
1030 1522 1118 1582 αύτῶν
1150 1530 1352 1599 νομισματικῶν

65 1639 177 1728 [δόσεων]
213 1641 332 1720 ἐξεκόπη
365 1641 413 1702 καὶ
441 1645 459 1717 ή
489 1645 557 1724 πρός
589 1645 665 1718 ήμᾱς
698 1645 827 1721 γινομένη
852 1641 926 1714 δόσις
954 1649 1009 1703 τῶν
1040 1643 1208 1706 ἑπτακοσίων
1240 1645 1351 1718 μοδίων.

67 1765 230 1840 ἐτυπώθησαν
259 1765 289 1824 δέ
312 1766 377 1840 ήμῖν
405 1765 462 1824 ἀντ’
486 1765 573 1824 αύτῶν
595 1765 687 1845 λίτραι
710 1760 898 1850 [καινούργιαι]
922 1763 968 1824 δύο
991 1764 1038 1826 καὶ
1060 1765 1111 1826 οὺκ
1133 1767 1235 1844 ἔχομεν
1259 1767 1353 1827 ἀλλα-

64 1887 137 1962 χόθεν
166 1887 215 1961 τήν
248 1884 353 1946 σίανοῦν
380 1887 398 1960 ἢ
429 1887 625 1960 νομισμκτικὴν
654 1887 673 1960 ή
703 1887 906 1963 γεννηματικὴν
937 1885 1051 1948 εἴσοδον.
1084 1888 1138 1948 ἐστι
1167 1887 1253 1948 τοίνυν
1282 1889 1353 1948 κατὰ

65 2009 105 2080 τήν
133 2007 214 2084 ἀυτὴν
244 2013 326 2084 νήοον
357 2008 469 2088 Κρήτην
500 2007 626 2084 ἀκίνητον
656 2007 709 2068 ἀπό
739 2013 793 2068 τῶν
824 2007 973 2081 βασιλικῶν
1004 2009 1172 2086 ἐπισκέψεων
1199 2010 1352 2088 λεγόμενον

67 2127 128 2201 λἠσί
153 2130 182 2188 ἐν
205 2135 239 2212 τῇ
262 2129 406 2210 τοποθεσίᾳ
432 2133 479 2190 τοῦ
501 2129 618 2210 Ψυχροῦ
646 2127 828 2208 διακείμενον,
857 2131 923 2208 όπερ
950 2127 985 2188 δι’
1008 2129 1186 2206 ὑπομνήσεως
1211 2131 1286 2211 παρὰ
1308 2136 1354 2192 τοῦ
1416 2177 1422 2188 .

67 2249 200 2311 ἐπισκόπου
223 2249 396 2331 Καλαμνῶν,
423 2255 469 2312 τοῦ
491 2250 663 2328 καλουμένου
687 2251 764 2331 Ἀμᾶ,
792 2249 907 2327 ζητηθέν
930 2249 1003 2331 αύτῷ
1029 2251 1178 2332 παρεδόθη,
1202 2251 1268 2312 ἀλλ’
1292 2253 1353 2331 σ’νχὶ

66 2371 104 2430 καὶ
124 2379 156 2453 τῇ
178 2373 239 2432 κατ’
264 2373 344 2434 αύτόν
367 2371 515 2454 ἐκκλησίᾳ,
538 2371 583 2432 διά
604 2372 812 2450 χρυσοβούλλου
833 2376 879 2432 τοῦ
905 2373 1085 2452 περιποθήτου
1113 2372 1283 2453 αύταδέλρου
1305 2380 1355 2449 τῆς

67 2493 198 2566 βασιλείας
221 2515 278 2574 σου,
305 2499 387 2576 κυροῦ
410 2494 558 2576 ’ίσαακύσυ,
585 2498 631 2554 τοῦ
657 2495 718 2554 τότε
742 2494 944 2576 βασιλεύοντος,
972 2493 1146 2556 ἐκκοπέντων
1173 2494 1212 2567 είς
1238 2498 1268 2555 τό
1292 2497 1355 2570 διη-

66 2614 136 2688 νεκὲς
160 2613 208 2675 καί
238 2621 291 2676 τῶν
321 2618 524 2696 τεσσαράκοντα
546 2614 618 2676 όκτίν
642 2610 766 2701 [ὁμοίων]
795 2612 968 2692 νομισμάτων
995 2623 1049 2676 τῶν
1075 2618 1247 2693 ζητουμένων
1274 2618 1355 2696 χάριν

67 2735 184 2811 δημοσίου
199 2739 308 2818 τέλους,
324 2737 504 2818 ύποσχομένῳ
526 2737 573 2798 καὶ
596 2740 776 2818 μοναστήριον
799 2739 987 2812 πεποιηκέναι.
1010 2736 1057 2798 καὶ
1080 2741 1172 2814 μέντοι
1194 2737 1241 2798 καὶ
1265 2739 1354 2798 έκτισε

68 2862 236 2940 μονοιοτήριον
261 2859 302 2918 ἐπ’
327 2858 439 2936 όνόματι
461 2863 507 2918 τοῦ
530 2857 608 2936 ἁγίου
632 2859 749 2936 Νικήτα,
776 2857 824 2919 καί
846 2859 1041 2938 προσεκόθισεν
1065 2859 1093 2918 ἐν
1117 2857 1189 2935 αύτῷ
1217 2858 1355 2936 μοναχούς

67 2979 122 3037 ῶτεῖ
150 2982 283 3060 τέσσαρας
309 2983 327 3054 ἢ
358 2979 406 3040 καὶ
435 2983 527 3059 πέντε,
558 2978 605 3039 καὶ
633 2979 778 3058 κατείχετο
810 2979 860 3056 μὲν
886 2982 917 3039 τό
946 2983 1065 3040 τοιοῦτον
1092 2979 1219 3055 ἀκίνητον
1248 2978 1295 3038 καὶ
1324 2980 1355 3038 τό

67 3105 235 3182 μοναπήριον
258 3101 333 3181 παρὰ
360 3105 408 3162 τοῦ
439 3101 584 3162 ἐπισκόπου
614 3101 786 3180 Καλαμνῶν,
814 3103 911 3183 μέχρις
943 3103 974 3160 ἀν
1002 3101 1031 3160 ἐν
1057 3102 1114 3172 τοῖς
1141 3103 1221 3171 ζῶσιν
1248 3100 1353 3179 διῆγεν.

68 3221 118 3281 ἐπεὶ
140 3223 170 3282 δέ
194 3221 407 3302 ἐπιβουλευθείς,
436 3216 480 3284 οἷα
510 3224 544 3283 τά
570 3225 616 3284 τοῦ
639 3225 701 3282 θεοῦ
722 3223 852 3304 κρίματα,
876 3223 1014 3302 ἐρονεύθη,
1036 3221 1077 3294 τίς
1101 3222 1129 3282 έν
1150 3223 1225 3301 τόπῳ
1246 3224 1355 3302 Χαριά-

67 3344 113 3414 τζιν
133 3346 317 3424 καλούμενον,
339 3344 491 3422 πλησιάζον
513 3346 552 3424 τῷ
579 3347 689 3425 τοιούτῳ
713 3342 843 3426 ἀκινήτῳ,
869 3345 1029 3424 προσελθὼν
1051 3344 1090 3424 τῷ
1112 3348 1257 3419 τηνικαῦτα
1280 3342 1356 3404 δουκὶ

69 3463 169 3543 ίίμήτής
195 3465 243 3526 καὶ
271 3469 391 3544 ζητήσας
418 3468 466 3544 τήν
493 3469 568 3549 παρὰ
594 3471 641 3528 τοῦ
668 3467 812 3528 ἐπισκόπου
840 3466 1032 3546 ἀνεγερθεῖσαν
1059 3468 1182 3543 τοιαύτην
1208 3470 1294 3545 μονήν
1316 3466 1357 3539 εἰς

68 3583 143 3664 λόγον
168 3589 295 3669 ἐφορείας
317 3592 480 3668 κατεκρότει
506 3591 551 3649 οῦν
578 3595 612 3672 τῇ
639 3595 709 3671 μονῇ
736 3587 783 3648 καὶ
805 3591 836 3650 τό
859 3587 995 3662 ἀκίνητον.
1018 3589 1234 3669 παρακαλοῦμεν
1258 3587 1304 3650 σύν
1326 3591 1356 3648 τό

71 3707 150 3769 ἔνθεον
182 3708 284 3790 κρότος
314 3717 363 3787 τῆς
395 3711 476 3790 ἀγίας
509 3711 652 3786 βασιλείας
682 3731 738 3786 σου,
775 3709 834 3770 ἐπεὶ
863 3709 911 3771 καὶ
940 3713 958 3786 ή
993 3711 1063 3786 μονή
1093 3711 1140 3771 καί
1170 3713 1200 3770 τό
1230 3712 1356 3788 ἀκίνητον

71 3827 188 3911 ἐλεύθερά
211 3831 263 3892 εἰσι
285 3831 332 3892 καί
363 3832 426 3892 ούδέ
439 3806 442 3812 ¹
455 3828 506 3917 [τό]
535 3833 665 3908 δημόσιον
693 3832 754 3910 ἔχει
782 3831 887 3892 ἐκεῖθεν
915 3835 1096 3913 συνεισροροίν,
1126 3833 1281 3913 δωρηθήναι
1312 3828 1357 3893 διά

69 3953 263 4028 χρυσοβούλλου
287 3953 373 4031 λόγου
395 3959 444 4030 τῆς
467 3953 548 4031 ἁγίας
571 3953 717 4027 βασιλείας
740 3975 787 4014 σου
809 3959 842 4036 τῇ
867 3954 896 4014 ἐν
918 3960 951 4036 τῇ
974 3957 1048 4034 νήσῳ
1075 3955 1178 4033 Ιίέτμῳ
1201 3955 1263 4014 καθ’
1283 3955 1358 4030 ἡμᾶς

72 4073 193 4160 τεβασμίᾳ
220 4081 292 4155 μονῇ
313 4079 360 4135 τοῦ
381 4075 562 4154 ἠγαπημένον
585 4074 729 4153 θεολόγον
756 4077 815 4154 τήν,
839 4077 878 4148 ὡς
902 4075 1015 4156 εἴρηται,
1042 4073 1116 4156 παρά
1142 4079 1189 4135 τοῦ
1213 4075 1357 4136 ἐπισκόπου

71 4197 205 4256 κτισθεῖσαν
233 4197 358 4272 τοιαύτην
386 4199 472 4272 μονὴν
496 4199 541 4257 σὺν
563 4196 602 4274 τῷ
624 4198 686 4256 κατ’
710 4196 792 4272 αὐτὴν
816 4197 945 4276 ἀκινήτῳ,
969 4199 1008 4270 ῶς
1031 4201 1064 4258 ἀν
1086 4200 1232 4274 στήσωμεν
1256 4199 1357 4274 ζευγα-

72 4313 154 4394 ρίτζια,
180 4321 232 4379 ὅσα
260 4319 429 4399 δυνηθῶμεν,
451 4317 498 4378 καὶ
520 4325 678 4398 γεωργῆται
705 4321 778 4392 σῖτος
800 4319 815 4376 ό
838 4319 954 4392 μέλλων
982 4318 1103 4398 διαρκεῖν
1130 4317 1177 4380 καὶ
1200 4322 1249 4394 τὴν
1273 4319 1301 4378 ἐν
1323 4327 1356 4400 τῇ

62 4422 165 4518 Ἱίέτμιμ
192 4441 277 4515 μονὴν
303 4439 350 4500 καί
377 4441 426 4514 τὴν
450 4441 478 4499 ἐν
500 4438 540 4518 τῷ
562 4441 691 4520 ἀκινήτῳ,
720 4441 798 4501 ἀλλά
824 4440 871 4500 καί
895 4442 960 4528 ὑπὲρ
983 4447 1037 4500 τῶν
1061 4436 1211 4520 ζευγαρίων
1234 4439 1357 4500 καὶτῶν

74 4555 161 4636 ἑτέρων
182 4563 268 4640 ζῶων,
292 4556 329 4622 ῶν
349 4562 383 4620 ἀν
405 4561 562 4636 δυνηθῶμεν
585 4561 750 4636 όθενδήποτε
773 4562 977 4642 ἐπικτήσασθαι,
1001 4563 1039 4638 μὴ
1064 4563 1201 4636 ζητεῖσθαι
1226 4559 1256 4634 ἐξ
1278 4563 1358 4638 ἡμῶν

72 4677 186 4755 εέλοςή
215 4683 281 4763 ύπδρ
308 4677 347 4742 ῶν
376 4682 443 4754 ίοως
474 4684 534 4761 ἔχει
563 4682 741 4762 προοκαθίσαι
772 4684 918 4761 ἀγνώστων
950 4683 989 4762 τῷ
1018 4685 1141 4762 δημοσίῳ
1167 4684 1356 4763 παροικιτζίων

1116 4803 1148 4854 91
