3160 5292
1263 371 1325 436 125

40 569 175 650 τέἔτερον
196 573 247 644 τῆς
269 565 451 646 Κοκκοσίνης,
475 569 567 648 ἕτερον
589 568 727 650 χωράφιον
749 569 780 628 τό
803 567 1002 646 ἐπιλεγόμενον
1024 573 1074 642 τῆς
1097 566 1238 648 Ψιχάδτς,
1261 567 1324 627 ὅσον

39 687 79 749 καί
101 681 156 750 οἶόν
184 689 270 771 ἐστιν,
296 689 381 770 ἤγουν
410 689 460 766 τἠν
485 692 575 771 τρίτην
603 689 701 772 μερίδα
731 689 897 769 ἀδελφικήν,
923 691 955 750 τό
985 689 1078 770 ίτιρον
1105 692 1152 750 τού
1181 690 1323 770 Ζήνωνος,

38 814 92 871 ὅσον
113 811 179 894 ἐστί,
214 811 285 889 μετὰ
316 819 371 873 τῶν
401 813 592 889 δοπητοτόπων
623 812 712 892 αίιτού,
742 811 828 890 ήγουν
855 811 903 887 τήν
929 811 1020 892 τρίτην
1047 810 1199 892 ἀδελφικὴν
1226 811 1325 889 μερίδα

37 935 91 993 ἐντι
112 935 205 1011 μέντοι
227 937 273 995 τού
296 935 387 996 ἐκεῖσε
410 933 563 1010 άμπελῖου·
586 935 617 994 τό
639 937 732 1011 ἕτερον
753 935 892 1014 χωράφιον
915 939 964 1009 τῆς
987 931 1122 1012 Μελίτης,
1144 934 1176 992 τό
1199 931 1324 1013 διαφέρον

36 1057 64 1114 ἐκ
88 1061 136 1132 τῆς
165 1056 256 1136 τρίτης
285 1057 436 1136 άδελφικῆς
466 1055 592 1138 μερίδος,
622 1053 669 1116 καί
699 1057 730 1115 τό
757 1057 850 1136 ἕτερον
877 1057 923 1115 τοῦ
951 1055 1111 1135 Αάρνακσς,
1141 1053 1244 1130 ὁμοίως
1273 1060 1323 1131 της

33 1175 112 1256 τρίτης
135 1177 257 1260 μερίδος,
281 1179 458 1256 ἐκποιηδῆναι
479 1179 514 1238 τά
535 1183 644 1239 τοιαύτα
671 1181 798 1259 χωράφια
824 1177 993 1254 θελήσαντες
1014 1179 1082 1258 τορός
1104 1177 1153 1253 τὴν
1176 1175 1323 1256 εἰρημένην

33 1304 71 1358 τού
93 1297 237 1380 θεολόγον
259 1307 309 1378 τῆς
332 1301 446 1378 Πάτμου
476 1301 562 1378 μονὴν
591 1299 635 1360 διά
657 1321 688 1360 τε
710 1301 882 1377 μνημοσύνου
903 1301 957 1360 τῶν
980 1305 1075 1379 ψυχῶν
1097 1301 1176 1376 ἡμῶν
1199 1298 1246 1360 καὶ
1268 1297 1322 1360 τῶν

32 1425 128 1500 γονέων
153 1425 244 1502 ἡμῶν,
277 1428 316 1502 πῆ
347 1423 398 1500 μὲν
429 1423 475 1483 διὰ
503 1423 535 1484 τό
565 1423 604 1500 μὴ
637 1423 712 1502 ἔχειν
741 1423 790 1498 τήν
820 1425 953 1501 τυχοῦσαν
982 1421 1155 1502 συνειοφοράν
1185 1421 1238 1482 ἀπό
1268 1427 1321 1482 τῶν

31 1545 147 1604 τοιούτων
180 1545 327 1626 χωραφίων
356 1546 390 1606 ἐκ
419 1550 465 1607 τού
496 1545 535 1622 μὴ
568 1545 731 1622 πλησιάζειν
760 1544 799 1624 τῷ
829 1541 937 1625 κάστρῳ
967 1551 1018 1622 τῆς
1049 1545 1163 1624 Ἐρέσου
1194 1545 1322 1606 δύνασθαι

30 1671 103 1726 πάντα
125 1666 224 1738 καλῶς
248 1667 384 1748 ἐπιτηρεῖν
410 1665 458 1727 καὶ
481 1665 644 1748 οἰκονομεῖν,
670 1665 717 1726 καὶ
745 1666 804 1726 ἀνθ’
829 1667 908 1746 ἔτερα
930 1667 1117 1742 πλησιάζοντα
1138 1667 1224 1746 τούτῳ
1247 1663 1320 1740 ἐξω-

29 1790 162 1864 νήσασθαι,
185 1794 223 1864 πῆ
247 1787 279 1848 δέ
301 1787 348 1849 καί
370 1789 409 1862 ὠς
430 1791 461 1849 τ“ο
486 1788 631 1864 ἐκτιμηθὲν
653 1787 758 1864 τίμημα
780 1789 890 1869 τούτων,
913 1787 1041 1863 δηλονότι
1064 1794 1118 1848 τῶν
1141 1787 1320 1866 ἐννενήκοντα

29 1911 98 1969 πέντε
119 1913 298 1986 νομισμάτων
324 1911 506 1992 τριιιεφάλων,
531 1911 661 1986 ἐκβαλὼν
683 1909 723 1989 τῷ
746 1912 824 1992 μέρει
845 1915 896 1986 τῆς
911 1907 1024 1986 Πάτμου
1046 1917 1134 1987 μονῆς
1158 1911 1229 1986 μετὰ
1249 1931 1319 1992 προ-

29 2031 115 2106 ίηιίας
137 2034 179 2092 ὅτι
206 2033 316 2109 πολλῆς
343 2031 384 2105 εἰς
409 2033 458 2104 τὰς
481 2031 553 2106 ίδίας
575 2034 655 2108 ήμῶν
677 2035 776 2114 χεῖρας
797 2031 936 2114 παραδούς
959 2031 1018 2111 ὄψει
1041 2031 1088 2093 καὶ
1110 2032 1245 2116 παρουσίᾳ
1266 2039 1320 2094 τῶν

28 2153 181 2225 μελλόντων
207 2155 363 2235 ὑπογράψαι
390 2155 540 2235 μαρτύρων.
570 2153 618 2214 καί
645 2152 841 2230 διακαθέξειή
869 2155 977 2230 τοιαύτη
1006 2155 1076 2231 μονὴ
1105 2153 1136 2230 ἐξ
1162 2155 1319 2236 ὁλοκλήρου

28 2275 55 2332 τό
73 2276 192 2356 ῥηθέντα
217 2277 346 2356 χωράφια
372 2273 413 2348 είς
434 2277 465 2334 τέ
488 2273 554 2352 ἑξῆς
580 2275 627 2336 καί
650 2271 788 2362 διηνψενιές
812 2321 948 2338 .....
965 2271 976 2362 ]
998 2276 1107 2358 κυρίως,
1131 2271 1318 2362 ωἰψθεντικῶς]

28 2397 64 2454 καὶ
85 2398 269 2477 δεσποτικῶς,
290 2399 378 2458 ποιεῖν
402 2397 444 2457 ἐπ’
461 2399 561 2479 αὐτοῖς,
585 2399 637 2458 ὅσα
658 2397 684 2457 οἱ
706 2397 877 2478 φιλευσεβεῖς
899 2396 946 2458 καί
969 2399 1036 2458 θεῖοι
1059 2401 1139 2474 νόμοι
1161 2401 1219 2472 τοῖς
1242 2397 1319 2474 ἀλη-

28 2519 74 2577 ίέσι
106 2519 254 2591 δεσπόταις
288 2517 327 2592 εἰς
361 2521 396 2580 τά
425 2517 513 2580 οἰκεία
548 2519 762 2582 διακελεύονται.
794 2520 856 2579 ὅθεν
890 2517 938 2580 καὶ
971 2519 1194 2596 ἀποβαλλόμεθα
1229 2523 1318 2581 πάντα

28 2641 98 2714 νέμον
124 2644 172 2702 τόν
199 2639 420 2720 προοβοηδούντα
441 2643 506 2716 ἡμῖν
533 2645 578 2700 νύν
600 2662 631 2701 τε
653 2641 718 2701 ὄντα
739 2640 787 2701 καί
810 2641 950 2722 ἐσύστερον
974 2642 1214 2723 ἐπιγενησόμενον,
1238 2643 1316 2718 ὡςή

27 2763 85 2836 μονὴ
112 2763 261 2842 ὀφείλουσα
287 2763 379 2824 τελεῖν
405 2765 473 2843 πρός
495 2765 570 2840 ἡμᾶς
592 2761 638 2824 καί
660 2762 699 2842 τῷ
722 2764 799 2844 μέρει
821 2765 900 2839 ήμῶν
923 2763 1037 2839 ἐτησίως
1058 2762 1105 2824 καί
1128 2764 1316 2845 ἀνυοτερήτως

27 2883 80 2964 ύπέρ
99 2891 153 2944 τῶν
176 2885 303 2945 τοιούτων
324 2885 471 2966 χωραφίων
493 2887 647 2962 νομίσματα
669 2885 820 2965 τρικέφαλα
842 2885 876 2944 τὰ
898 2885 969 2946 κατὰ
995 2887 1090 2966 καιρόν
1116 2887 1316 2963 πολιτευόμενα

26 3005 142 3086 τέσσαρα,
163 3002 373 3086 άνεποιυξήτως,
394 3011 433 3083 μή
452 2989 524 3079 τινος
543 3013 597 3066 τῶν
617 3007 742 3066 ἁπάντων
761 3007 951 3082 τολμήσαντος
966 3011 1142 3088 παραπέσοι
1156 3014 1189 3088 τῇ
1204 3008 1315 3089 τοιαύτη

27 3136 85 3210 μονῇ
99 3135 150 3206 τῆς
166 3137 221 3188 τῶν
235 3129 361 3189 τοιούτων
376 3129 522 3216 χωραφίων
538 3135 661 3208 κατοχῆς
673 3127 719 3190 καί
734 3135 838 3206 νομῆς·
852 3131 891 3202 ὡς
905 3133 950 3190 τού
960 3131 1033 3210 -πρδς
1047 3133 1124 3190 τοῦτο
1138 3131 1315 3209 χωρήσαντος

26 3251 67 3308 τίν
92 3249 120 3310 εί
143 3271 218 3323 τινος
244 3251 298 3332 ἄρα
327 3251 375 3312 καὶ
396 3252 473 3324 ὄντος
496 3251 551 3312 είτε
576 3249 607 3325 ἐξ
628 3255 707 3328 ήμῶν
731 3254 818 3312 αύτῶν
840 3255 860 3327 ή
881 3259 935 3312 τῶν
957 3253 1020 3312 καθ’
1044 3244 1113 3329 αἷμα
1134 3272 1314 3332 προσῳκειω-

26 3371 103 3443 μένων
124 3375 194 3450 ήμῖν
215 3377 234 3446 ἢ
255 3381 310 3434 τῶν
332 3375 366 3434 ἐκ
386 3373 506 3454 πλαγίου
532 3374 579 3434 καὶ
602 3371 634 3447 ἐξ
655 3373 822 3454 ἀγγιοτείας,
846 3377 876 3434 ού
899 3375 981 3450 μόνον
1003 3373 1047 3434 ἵνα
1070 3375 1109 3451 μὴ
1132 3372 1315 3454 είσακούηται,

26 3491 58 3570 ἐφ’
77 3487 116 3567 οἷς
143 3491 200 3576 ἄρα
226 3494 273 3555 καί
300 3495 395 3576 λέγειν
424 3497 494 3575 ἔχει,
522 3495 591 3556 ἀλλ’
615 3497 752 3578 άπρακτος
779 3497 1011 3573 ἀποπεμπόμενος
1034 3497 1087 3557 ἀπό
1109 3499 1210 3570 παντός
1233 3497 1314 3558 δικα-

25 3617 133 3694 στηρίου·
157 3616 205 3678 καί
231 3617 380 3698 προστίμου
406 3617 480 3678 δόσει
507 3617 645 3678 ὑπόκειται
671 3583 744 3699 περὶ.
759 3621 789 3678 τό
816 3619 900 3698 ἀργόν
927 3620 1011 3700 μέρος
1038 3617 1192 3695 νομίσματα
1219 3621 1314 3701 τρικέ-

26 3737 88 3813 φιλα
113 3739 213 3821 λίτρας
240 3739 297 3822 δύο,
323 3741 392 3821 πρός
419 3739 451 3800 δὲ
477 3741 508 3801 τό
531 3740 661 3818 δημόσιον
679 3741 714 3802 ’τό
736 3739 823 3822 τρίτον
844 3741 955 3823 τούτων,
979 3742 1018 3818 μὴ
1041 3741 1081 3814 είς
1103 3763 1162 3802 τινα
1185 3743 1314 3818 βοήθειαν

26 3863 201 3945 καταφεύγων,
223 3863 408 3946 κληρονομεῖν
435 3863 552 3934 καὶτὰς
579 3863 648 3945 ἀρὰς
674 3869 728 3923 τῶν
755 3864 880 3924 ἁπάντων
908 3861 995 3942 άγίων
1020 3864 1065 3923 σύν
1093 3864 1131 3942 τῷ
1158 3861 1204 3923 καί
1229 3864 1315 3936 ούτως

27 3981 146 4062 ἑρμύτδαι
172 3987 204 4045 τ“ο
229 3986 317 4066 παρόν
343 3989 393 4063 τῆς
420 3985 592 4065 διαπράσεως
614 3985 693 4060 ήμῶν
717 3985 866 4066 ἔγγραφον,
890 3987 956 4065 ὅπερ
979 3983 1025 4046 καὶ
1050 4029 1311 4046 .........

26 4150 347 4170 ...........
370 4111 417 4167 τού
441 4103 565 4188 Ἐφέσου,
593 4105 640 4167 καὶ
669 4103 788 4186 ἐξάρχου
816 4109 907 4184 πάσης
935 4105 1028 4179 Ἀσίας
1053 4109 1135 4187 κυρού
1161 4105 1313 4184 Νικολάου,

28 4223 63 4283 διὰ
82 4233 127 4288 τού
148 4234 261 4304 νομικού
285 4275 1035 4293 ........................
1072 4227 1149 4304 μηνὶ
1173 4226 1312 4310 μαρτίῳ,

27 4343 224 4424 ἱνδικτιῶνος
247 4347 282 4432 δ’,
306 4351 400 4422 ἔτους
424 4347 542 4434 ,ςψκδῖ
566 4351 587 4430 †

115 4475 137 4552 †
160 4519 525 4536 ............
553 4467 699 4557 Β]άρδας
724 4472 887 4548 σεβαστός
915 4471 929 4530 ὁ
954 4473 1129 4548 Ἀτουέμης
1150 4467 1311 4558 πάρει[μι]

28 4587 71 4650 ενι
104 4601 141 4675 νη
178 4595 327 4679 mom
364 4597 487 4679 πριση,
525 4597 568 4667 ὡς
600 4595 635 4654 τὸ
667 4594 741 4674 ῦνοι
778 4593 894 4671 δηλοῖ,
932 4573 988 4654 καί
1025 4589 1230 4680 ναιίτινῶιί·
1254 4594 1311 4654 ὓπ-

27 4705 213 4802 [ἔννοιαί-ιι
1024 4715 1026 4718 ’
