3228 5294
1296 400 1336 464 ὀί

354 503 368 536 ἱ

14 591 168 670 οπορίμου
201 591 284 666 μόλις
313 593 344 650 το
375 589 421 651 διὰ
452 591 592 670 ζευγαρίου
621 595 750 652 τοσαῦται
780 595 953 668 καμνόμενον
978 591 1017 665 είς
1040 593 1137 653 ἑκατὸν
1160 591 1270 668 μοδίους
1293 591 1339 652 καὶ

15 711 182 792 ἑξήκοντα,
206 713 236 772 το
259 713 291 773 δὲ
313 713 411 774 λοιπὸν
434 713 525 792 ἱδρῶτι
548 711 595 773 καί
618 713 712 788 αίματι
743 714 788 774 διὰ
818 717 959 790 σκαποίνης
989 713 1036 774 καί
1067 712 1201 788 δικέλλης
1231 715 1264 774 έκ
1292 719 1340 774 τοῦ

14 836 76 893 'ab
111 841 169 893 τῶν
202 841 318 914 πετρῶν,
349 837 388 906 ὡς
418 834 532 915 εἴρηται,
564 835 723 912 συνέχεσθαι
755 834 802 895 καί
833 837 908 906 ὅλως
938 835 1101 916 κρημνῶδες
1126 837 1270 914 τυγχάνειν
1292 833 1339 894 καὶ

19 958 148 1035 ἑρεινάν.
178 955 292 1038 δένδρου
319 957 350 1016 δὲ
378 962 424 1016 τοῦ
453 956 613 1032 οἱανδήποτε
641 957 703 1017 ουδὲ
733 961 829 1038 μικρὸν
851 977 876 1016 τι
902 957 1032 1034 λείψανον
1064 957 1093 1016 ἐν
1124 956 1191 1038 αθτῇ
1219 955 1339 1036 εἴδομεν,

21 1077 93 1138 οὔτε
130 1079 248 1158 ἡμέρου,
279 1077 340 1138 οὔτε
371 1080 426 1154 μὴν
456 1079 561 1158 ἀγρίου,
593 1077 616 1138 εί
645 1078 683 1153 μὴ
716 1080 799 1154 μόνον
830 1077 1030 1160 ξηρσαχλάδας
1064 1078 1175 1140 είκοσιν.
1212 1079 1340 1150 ὡσαύτως

22 1199 96 1258 οὐδὲ
121 1199 189 1274 μίαν
211 1198 259 1258 καί
283 1201 368 1277 μόνην
391 1199 479 1260 οίκίαν
503 1203 697 1277 συνισταμένην
720 1203 750 1260 τ“ο
774 1202 889 1260 σύνολον
911 1205 929 1276 ἢ
953 1204 1036 1275 μόνον
1057 1203 1197 1282 εὐκτήριον
1211 1195 1341 1280 πενιχροί

24 1323 72 1380 ἐπ
102 1321 219 1396 ἀνέμοισι
241 1325 287 1381 τοῦ
309 1321 397 1397 τιμίου
423 1323 579 1398 ἐκτισμένσν
606 1321 751 1403 Θεολὸγου
780 1324 881 1384 ἔσωθεν
907 1331 956 1398 τῆς
978 1331 1111 1402 περιοχῆς
1133 1327 1180 1384 τοῦ
1202 1325 1278 1402 ποτέ,
1302 1325 1341 1396 ὡς

23 1443 59 1502 τάι
85 1442 155 1520 ἴχνη
180 1443 354 1522 δεικνύουσιν,
378 1438 595 1524 ᾠκοδομημένου
618 1445 746 1524 μεγίστου
769 1448 835 1505 ναοῦ
858 1445 948 1524 ἐντῷ
971 1448 1078 1505 πάντων
1100 1451 1154 1504 τῶν
1178 1443 1280 1518 βουνῶν
1301 1442 1340 1516 είς

24 1568 100 1640 ὐψος
123 1565 363 1645 ἀπεφανεοτηκάτι,
394 1566 460 1625 ἔνθα
489 1567 523 1624 τά
552 1567 614 1626 θεῖα
646 1565 692 1626 καὶ
723 1563 829 1648 ἀρρητα
859 1567 969 1647 ῥήματα
999 1568 1013 1625 ὁ
1044 1569 1134 1646 μέγας
1164 1563 1252 1627 οὑτοσί
1274 1566 1339 1641 ἐμυ-

28 1687 85 1761 ήθη
113 1686 272 1759 ἀπόστολος
294 1685 341 1746 καί
363 1687 398 1746 τά
421 1684 527 1759 ἐξαίσια
549 1685 595 1746 καί
619 1688 734 1766 μεγάλα
758 1689 869 1748 ἐτέλεσε
898 1689 1032 1763 θαύματα.
1068 1689 1153 1760 οθτως
1175 1683 1221 1746 οὖν
1242 1687 1340 1763 ταάσην

30 1805 235 1888 ἀναμετρήσας
270 1808 308 1888 τῷ
339 1809 448 1889 ῥηθέντι
478 1795 692 1888 σεβασμιωτάτῳ
728 1809 843 1888 μονοχῷ
870 1807 916 1869 καί
944 1809 983 1888 τῷ
1011 1811 1089 1889 μέρει
1116 1810 1195 1870 αίιτοίι
1218 1805 1249 1882 ἐξ
1271 1807 1340 1868 ἀλα·
1412 1843 1420 1856 ·

30 1931 143 2009 κλήρου
166 1929 370 2010 παραδέδωκα,
395 1923 438 2009 ἐφ’
461 1925 483 2010 ᾧ
506 1930 553 1991 καί
575 1931 605 1990 τδ
627 1933 714 2010 παρδν
736 1932 883 2011 πρακτικὸν
907 1928 1042 2006 ἐξεθέμην
1069 1931 1146 2006 μηνὶ
1174 1932 1341 2010 αὐγοὺστῳ

29 2050 247 2122 ίνδικτιιῖινος
270 2049 315 2110 ια’
339 2053 431 2124 ἔτους
454 2049 591 2134 ΙςφΙ-γς’.
616 2055 646 2132 †‚

142 2173 164 2251 †
187 2172 374 2255 Νικόλαος,
398 2173 577 2248 βασιλικδς
600 2177 751 2253 νοτάριος
773 2177 829 2235 τοῦ
852 2176 1013 2254 σεκρέτου
1028 2177 1083 2234 τοῦ
1098 2173 1340 2254 σακελλαρίου,

24 2295 156 2374 ’κριτὴς
178 2293 234 2354 καί
256 2295 465 2376 ἀναγραφεὺς
487 2301 550 2356 τῶν
574 2294 760 2356 Κυκλάδων
783 2297 904 2376 νήσων,
928 2297 942 2354 ὁ
965 2297 1117 2370 Τζάνζης
1139 2295 1169 2374 †.

144 2411 226 2493 Εἶχε
249 2417 285 2476 δέ
309 2415 367 2500 καί
393 2418 451 2492 τὴν
483 2417 537 2476 διὰ
567 2417 733 2494 μολίβδου
764 2418 885 2492 συνήθη
914 2417 1077 2498 σφραγῖδα
1107 2419 1217 2477 αὐτοῦ·
1249 2417 1341 2494 κθριε

34 2537 157 2613 βοήθει
180 2538 353 2618 Νικολάῳ,
378 2537 542 2616 βασιλικῷ
565 2537 706 2619 νοταρίῳ
729 2543 784 2599 τοῦ
807 2539 1050 2619 σακελλαρίου,
1066 2545 1161 2621 κριτῇ
1184 2536 1239 2598 καί
1262 2538 1341 2597 ἀνα-

35 2662 159 2738 γραφεί
180 2665 241 2718 τῶν
264 2659 451 2720 Κυκλάδων
474 2664 597 2738 νήσων,
621 2661 663 2740 τῷ
686 2661 829 2742 Τζάνζη.
853 2661 873 2738 †

146 2780 344 2860 Κατέστρωσον
363 2781 394 2840 τ“ο
415 2781 512 2862 παρὸν,
536 2781 652 2862 πρόεδρε
675 2781 722 2840 καί
739 2783 843 2860 γενικέ,
868 2780 907 2854 είς
926 2784 957 2841 το
973 2783 1022 2842 ἀπὸ
1039 2783 1069 2842 σὲ
1092 2783 1230 2862 σέκρετον,
1246 2783 1285 2854 ὡς
1307 2781 1340 2841 ἂν

40 2903 93 2982 ἔχῃ
118 2901 229 2980 εἴδησιν,
252 2904 298 2962 τ’σν
319 2903 556 2984 ἐγγεγραμμένον.
580 2903 625 2962 Tb
654 2903 703 2962 δέ·
733 2901 812 2978 μηνί
836 2903 962 2983 μαρτίῳ
986 2901 1196 2976 ίνδικτιῶνος
1220 2903 1260 2976 ιβ’
1283 2889 1342 2962 σὺν

39 3021 81 3100 τῷ
104 3020 316 3104 κατεστρώθη
347 3029 402 3084 τοῦ
432 3025 619 3103 λογοθέτου
650 3030 705 3085 τοῦ
734 3031 797 3084 τῶν
827 3027 995 3104 σεκρέτων
1024 3023 1079 3084 καί
1109 3027 1126 3083 ἀ
1159 3025 1211 3084 διά
1239 3029 1341 3105 κηροῦ

40 3146 183 3220 συνήθης
206 3143 355 3224 σφραγίς.

144 3267 367 3347 Κατεστρώθη
398 3265 447 3340 είς
473 3269 509 3328 τ“σ
536 3269 692 3349 σέκρετσν
719 3270 774 3327 τοῦ
802 3269 936 3345 γενικοῦ
967 3265 1151 3344 λογσθέτου
1177 3266 1262 3326 κατά
1287 3266 1341 3326 τάν

44 3389 265 3469 φεβρσυάριον
289 3393 376 3465 μῆνα
398 3396 457 3466 τῆς
480 3389 675 3465 δωδεκάτης
698 3389 919 3460 ίνδικτιῶνσς.

144 3517 304 3587 Faemplar.
334 3518 432 3572 Edidit
455 3518 479 3572 I.
511 3516 655 3572 Sakkelion
677 3517 705 3571 εἰν
731 3519 815 3570 libro:
839 3509 1006 3570 Ἀκσλουθία
1029 3509 1089 3589 ἱερὰ
1118 3513 1164 3570 τοῦ
1194 3509 1265 3569 ὁσίου
1294 3506 1341 3568 καὶ

49 3611 170 3694 θεοφδρσυ
199 3617 303 3695 πατρὸς
329 3616 409 3692 ἡμῶν
437 3613 656 3696 Χριστοδοὺλου.
685 3613 814 3686 Ἐκδοσις
845 3613 930 3693 τρίτη.
960 3613 1125 3695 Ἐπιμελείᾳ
1151 3612 1198 3672 καὶ
1226 3611 1342 3694 φροντίδι

49 3713 181 3795 Κυρίλλσυ
202 3718 388 3800 ίεροδιακάνου
412 3713 505 3794 Βοΐνη.
529 3726 639 3780 Athenio
664 3727 758 3780 1884.
778 3743 811 3795 p.
839 3727 886 3780 18.
912 3725 988 3780 Flor.
1012 3742 1061 3778 ανσ
1086 3727 1134 3780 60.
1159 3716 1194 3790 ζ’.

263 4029 389 4094 XVIII.
414 3979 664 4118 [6597-1089ῇ,
693 4053 804 4095 mense
827 4028 928 4116 aprili,
952 4029 1017 4094 ind.
1042 4029 1118 4094 XII.
1200 4073 1203 4081 ·

59 4207 208 4280 Νίαιρίιονυε
243 4213 386 4281 Capacum,
418 4229 510 4268 οειιεατ
539 4211 644 4266 ίασυίασ
678 4213 732 4284 ίίνί,
756 4213 833 4265 iussu
860 4212 1032 4280 imperatoris
1055 4211 1146 4266 Αίεαά·
1168 4211 1192 4266 Ι.
1219 4209 1345 4266 Οααιιιεαί

145 4318 255 4372 dimittit
278 4334 297 4369 α
319 4317 419 4370 micitia
442 4317 573 4386 quosdam
596 4315 741 4386 inquilinos
765 4315 870 4368 insulae
893 4315 994 4368 Palmi.
1021 4315 1133 4368 Initium
1156 4316 1236 4370 deest.

146 4503 166 4580 γι
198 4544 883 4564 ..................
916 4505 970 4558 τῶν
992 4499 1063 4558 κατὰ
1085 4499 1197 4579 καιροὺς
1218 4501 1342 4578 πρακτό-

64 4635 104 4690 ρων
124 4623 321 4698 ἀπαιτουμένην
345 4617 497 4708 ἐπήήρειαν]
523 4623 621 4683 τέλεον
648 4627 697 4698 τῆς
725 4621 851 4698 τοιαίτης
877 4623 958 4696 νήσου
983 4620 1026 4679 διά
1048 4626 1097 4697 τῆς
1121 4617 1250 4701 ῥηθείσης
1271 4641 1342 4702 χρυ-

65 4739 197 4810 ῑῦθεθλλου
227 4751 334 4825 γραφῆς
366 4742 492 4823 ἐξέκοψε,
521 4741 568 4804 καί
598 4740 722 4824 καθαρὰν
749 4744 797 4816 τὴν
826 4741 984 4805 δεσποτείαν
1007 4741 1053 4802 καί
1078 4741 1276 4820 ἀμετακίνητον
1304 4737 1342 4818 τῷ
