3184 5288
263 407 325 470 164

363 603 385 681 †
407 600 656 672 Κωνοταντίνος
677 599 791 679 ίερείνς
813 600 828 658 ό
847 599 1080 678 Μυρσινιώτης
1106 599 1245 675 νομικός
1271 597 1326 658 καί
1350 599 1546 680 δευτερεύων

259 729 316 799 τῆς
342 723 530 801 ἁγιωτάτης
556 723 796 801 μητροπόλεως
822 721 975 797 Μιλήτου
1002 720 1111 804 οίκείᾳ
1140 719 1230 802 χειρί
1256 722 1387 802 ἔγραψα
1412 721 1467 781 καί
1492 723 1546 779 ῦπ-

260 845 399 924 έιοανν·
423 845 444 923 †

361 972 504 1044 Aremw.
528 974 635 1028 m.
660 971 735 1028 nor.
759 989 809 1028 m
833 974 882 1028 οε.

551 1279 606 1344 LI.
631 1279 856 1365 6721-1213,
879 1301 989 1344 mense
1012 1279 1135 1364 marti0‚
1158 1277 1215 1344 ind
1236 1278 1261 1342 Ι.

257 1427 374 1482 Μαντικά
390 1427 510 1496 Canem,
529 1445 599 1482 ωπον
614 1434 639 1482 τί
648 1427 706 1498 filia·
722 1428 780 1482 σιύο
794 1429 1006 1498 μνοίουιοιίατίο
1024 1425 1139 1498 (ἕεστριδ
1155 1425 1286 1480 Eunucho
1307 1426 1427 1480 υαπάυνιο
1443 1432 1546 1496 partem

676 1533 740 1604 ομιτ·
759 1533 788 1586 in
810 1533 916 1604 ταμίοιια
942 1531 1132 1604 Ίθομιροτυητ.

346 1715 443 1792 Σίίίθν
501 1713 504 1804 ί
645 1717 782 1790 Μαθουὴλ
1043 1715 1139 1795 Σίγνον
1197 1713 1303 1810 γἈννης
1327 1713 1515 1782 Κουλουκίνας

300 1841 347 1898 τοῦ
363 1837 488 1919 Κάπρου
502 1819 560 1921 ,καί
582 1838 708 1919 γαμβροῦ
730 1843 775 1898 τοῦ
799 1839 916 1918 Εὐγένη.
998 1845 1047 1914 τῆς
1069 1813 1200 1920 συμβίουί
1313 1838 1402 1896 αίντοῦ.

557 1993 654 2072 Σίγνον
687 1993 691 2085 ί
731 1995 865 2067 Εὔδοκίας
993 1993 1089 2070 Σίγνον
1133 1993 1274 2054 Νικολάου

548 2123 598 2193 τῆς
620 2119 669 2177 θυ-
688 2093 899 2196 ίγατρόςαίπῶν.
976 2121 1022 2177 τοῦ
1044 2117 1100 2177 υἱοῦ
1158 2117 1254 2180 αἰπῶν.

358 2311 379 2390 †
402 2309 450 2368 Ἐν
473 2311 584 2386 δνόμοττι
607 2314 653 2370 τοῦ
675 2311 778 2390 πατρός
799 2307 846 2369 καί
868 2313 914 2369 τοῦ
936 2309 992 2370 υἱοῦ
1015 2307 1061 2368 καί
1084 2313 1130 2370 τοῦ
1152 2309 1230 2388 ἁγίου
1252 2309 1405 2384 πνεῦματσς
1431 2303 1477 2366 καὶ
1500 2311 1547 2380 τῆς

252 2430 351 2510 κυρίως
391 2429 438 2490 καί
471 2429 584 2508 άληθῶς
617 2427 798 2512 ὑπερενδόξου
832 2431 976 2506 δεσποίνης
1009 2433 1088 2507 ἡμῶν
1122 2432 1250 2492 θεοτόκου
1290 2428 1337 2490 καὶ
1371 2429 1547 2508 άειπαρθένον

254 2552 374 2632 Μαρίας.
398 2552 533 2628 Μανουὴλ
555 2555 570 2612 ό
592 2553 648 2626 υίδς
675 2553 780 2614 ἐκείνου
802 2559 847 2614 τοῦ
870 2553 1100 2628 άπσβεβιωνότως
1123 2553 1259 2634 Γεωργίου
1286 2555 1331 2612 τοῦ
1355 2553 1479 2630 Κάσιρου
1502 2549 1547 2610 καὶ

251 2675 376 2756 γαμβρός
392 2676 541 2754 Εὐγενικῆς
560 2681 609 2751 τῆς
630 2680 678 2736 τοῦ
692 2677 874 2757 Βαρικαλήγη
898 2677 956 2752 ἅμα
982 2673 1136 2758 τῇσυμβίῳ
1150 2695 1201 2752 μου
1217 2672 1304 2756 Ἀννη
1324 2671 1546 2754 τῇΚουλουκίνᾳ

251 2795 298 2857 καί
327 2803 381 2856 τῶν
407 2796 526 2875 γνησίων
548 2818 602 2872 μσς
624 2798 739 2880 παίδων,
769 2805 818 2876 τῆς
840 2818 869 2858 τε
893 2797 1028 2870 Εδδοκίας
1057 2795 1104 2858 καί
1131 2796 1282 2876 Νικολάου,
1309 2795 1457 2875 ἀμφότεροι
1485 2795 1546 2865 τοθς

250 2917 354 2995 τιμίους
385 2918 432 2980 καί
466 2921 614 2992 ζωοποιοίνς
647 2920 775 3001 σταυροὺς
806 2919 959 3002 ίδιοχείρως
996 2917 1194 3002 προτάξαντες,
1218 2918 1248 2977 τό
1280 2919 1366 2998 παρόν
1399 2918 1545 2996 κρατήρων

249 3042 327 3117 ἡμῶν
352 3042 535 3122 ἐνυπόγραρον
558 3043 694 3123 ἔγγραφον
716 3044 846 3119 τιθέμεθα
872 3041 920 3104 καί
945 3047 1073 3120 ποιοῦμεν
1102 3041 1230 3112 ἑκουσίως
1257 3037 1304 3100 καὶ
1326 3037 1545 3114 άμεταμελητως

250 3163 321 3238 μετὰ
354 3163 525 3242 διασκέψεως
557 3164 730 3245 πολυμεροῦς
763 3164 810 3224 καὶ
843 3164 986 3242 ἀποδοχῆς
1023 3164 1154 3242 μεγίστης
1188 3155 1274 3243 χωρίς
1311 3160 1409 3241 δόλου,
1437 3161 1545 3240 τρόπον,

247 3285 371 3364 πλάνης,
394 3285 515 3365 ἀπάτης,
538 3285 707 3368 δελεαομοῦ,
736 3288 819 3362 νόμον
845 3286 892 3346 καί
918 3289 1019 3366 φάκτου
1047 3281 1159 3364 ἀγνοίας
1181 3283 1228 3345 καὶ
1250 3285 1354 3344 λοιπῶν
1378 3281 1470 3344 αἰτίων
1493 3287 1543 3342 τῶν

248 3408 305 3478 τοῖς
331 3407 424 3482 νόμοις
447 3407 677 3488 ἀπηγορευμένων
702 3408 771 3488 πρδς
792 3407 824 3467 σέ
845 3409 892 3468 τόν
914 3405 1171 3488 μεγαλσδσξότατον
1197 3406 1441 3488 πρωτοβεστιάριον
1471 3409 1543 3484 κῦριν

249 3529 385 3608 Γεῦργιον
413 3529 460 3588 τόν
486 3529 622 3608 Εὐνοῦχον
657 3529 705 3590 καί
733 3531 802 3610 πρός
833 3531 904 3591 ἅπαν
933 3534 963 3591 τό
995 3530 1131 3592 άπολυθέν
1167 3531 1237 3589 άπαν
1266 3529 1408 3609 πρόσωπόν
1438 3547 1468 3586 τε
1500 3525 1543 3586 καὶ

248 3650 346 3730 μέρος,
376 3649 470 3723 καθὼς
499 3651 698 3727 δηλωθήσεται.
733 3651 780 3713 καὶ
807 3652 862 3733 γάρ
887 3654 918 3712 τό
946 3653 979 3712 ἐκ
1006 3653 1168 3732 πενθερικῆς
1195 3671 1247 3726 μου
1274 3650 1382 3731 κλήροις
1409 3651 1543 3726 κέκτημαι

247 3768 395 3852 χωροίριον,
422 3773 453 3832 τό
479 3775 509 3832 δν
532 3772 578 3834 καὶ
607 3773 778 3851 διακείμενον
800 3775 829 3834 ἐν
852 3781 885 3856 τῇ
906 3782 1025 3856 περιοχῇ
1048 3780 1101 3834 τῶν
1124 3775 1287 3854 Τροπηγῶν,
1310 3771 1340 3830 τό
1363 3771 1454 3850 ῆμυσι,
1478 3773 1542 3850 ὅπερ

247 3892 295 3952 καὶ
326 3893 371 3952 διὰ
393 3894 545 3974 συμφωνίας
567 3897 647 3972 ἡμῶν
674 3897 790 3978 ἔχομεν,
814 3895 898 3956 τόδὲ
926 3898 1016 3978 ἕτερον
1039 3899 1122 3972 ἤμυσι
1149 3895 1296 3973 κατέχεται
1321 3892 1397 3973 παρὰ
1418 3897 1464 3952 τοῦ
1496 3889 1540 3964 ἐξ·

248 4013 368 4094 αδέλρου
391 4036 452 4096 μου,
475 4023 556 4098 κυροῦ
580 4017 687 4093 Νικητα
709 4021 755 4078 τοῦ
778 4017 914 4099 Κουλίκη,
945 4017 992 4080 καὶ
1019 4017 1191 4096 πλησιαστδς
1220 4017 1331 4094 ἔχοντος
1357 4015 1419 4086 τοίις
1444 4015 1541 4084 παῖδας

246 4143 295 4213 τῆς
319 4137 518 4220 Ἀρμενηοσας,
546 4136 667 4220 ὑπάρχον
690 4146 723 4222 τῇ
745 4143 867 4221 χωρήσει
890 4139 993 4217 μοδίων1
1015 4141 1105 4220 ἐννέα,
1128 4141 1190 4201 όσον
1220 4141 1252 4199 άν
1278 4134 1325 4198 καί
1352 4137 1457 4214 ἔλαχεν
1479 4138 1542 4212 ἡμῖν

246 4260 326 4337 χάριν
356 4259 486 4340 μεριδίου,
521 4259 559 4332 εἰς
589 4260 743 4338 νομίσματα
774 4263 927 4344 τρικέφαλα
957 4261 1001 4345 ἐξ,
1033 4267 1051 4324 ά
1081 4261 1127 4324 καί
1151 4261 1292 4337 ἐλάβομεν
1320 4262 1405 4320 ταῦτα
1432 4258 1465 4320 ἐκ
1492 4265 1541 4318 τῶν

245 4385 346 4460 χειρῶν
373 4401 420 4443 σου
443 4389 503 4443 σῶα
528 4382 575 4444 καί
599 4384 750 4465 ἀνελλιπῆ,
774 4383 821 4446 καὶ
843 4385 959 4457 τελείως
982 4386 1161 4465 ἐκπληρωθέν
1183 4387 1213 4445 τ“ο
1237 4385 1303 4446 όλον
1325 4381 1430 4457 τίμημα
1454 4382 1540 4456 αὺτοῦ,

245 4499 293 4562 καί
319 4503 368 4564 οὒκ
397 4505 500 4583 ἔχομεν
527 4506 613 4585 λόγον
640 4507 699 4568 τινδι
725 4507 797 4568 κατὰ
817 4511 866 4568 σοῦ
887 4511 906 4584 η
929 4511 974 4568 τοῦ
996 4509 1063 4568 όλου
1086 4509 1185 4590 μέρους
1212 4531 1268 4572 σου.
1292 4511 1431 4592 παρεδόθη
1460 4510 1491 4572 δὲ
1512 4511 1540 4570 τό

245 4627 362 4686 τοιοῦτον
395 4629 533 4706 χωράριον
566 4631 620 4687 τῶν
655 4627 735 4690 ἐννέα
768 4628 872 4705 μοδίων
900 4630 949 4704 τὴν
981 4633 1101 4710 σήμερον
1131 4637 1273 4714 σωματικῇ
1302 4633 1467 4714 παραδόσει,
1497 4636 1540 4695 τοῦ

246 4746 321 4824 ἔχειν
348 4751 424 4807 τοῦτο
454 4746 501 4808 καί
527 4750 656 4824 νέμεσθαι
683 4750 794 4833 κυρίως,
824 4753 972 4830 αῦθεντιῖνς,
996 4749 1090 4824 ἰδικῶς
1113 4773 1142 4812 τε
1169 4751 1215 4814 καί
1242 4750 1417 4836 μονομεριῖις,
1443 4757 1537 4838 ἀπερι-
