3160 5292
227 331 339 395 -244

274 525 340 605 ὑπὲρ
363 522 525 601 ἐξιννήσειυς
547 529 708 605 μαγαρικῶν
730 525 882 601 νομίσματα
905 524 951 585 660
973 526 1141 604 κσμνηνάτα,
1169 487 1235 606 ὑπὲρ
1259 522 1419 600 ἐξωνὴσεως
1441 524 1549 584 σανιὸίυι

273 645 427 723 νομίσματα
446 647 563 727 τέσσαρα
582 643 750 724 κομνηνάτα,
773 645 839 726 ὑπὲρ
863 642 1015 719 ἑξωνίοειυς
1035 645 1133 720 πίσσης
1155 645 1308 722 νομίσματα
1331 644 1378 706 ὸίνσ
1397 649 1550 724 κομνηνάτα,

274 769 338 850 ὑπὲρ
362 765 523 843 ἑξιυνὴσεως
544 768 710 850 κεραμιὸίιυν
732 767 887 844 νομίσματα
910 767 967 847 δίο,
995 767 1061 846 ὐπὲρ
1083 765 1245 844 ἐξυνὴσειυς
1267 769 1352 846 γ’νψου
1379 767 1497 844 νόμισμα
1520 770 1550 828 ἔν.

274 891 314 964 εἰς
335 893 384 968 τὴν
406 892 486 952 πόλιν
513 891 578 972 ὑπὲρ
600 889 708 970 φυτείας
730 890 883 966 νομίσματα
904 889 946 950 κε’
970 891 1078 968 χινάτα.
1110 887 1150 960 εἰς
1171 891 1217 951 τὸν
1240 887 1402 966 Ἀσώματον
1424 889 1490 970 ὑπὲρ
1509 897 1552 949 τῶν

273 1013 418 1095 τροχάλων
441 1012 563 1074 καὶτῶν
588 1014 763 1088 κυλισμάτυιν
789 1009 836 1073 καί
862 1017 912 1088 τῆς
939 1009 1101 1088 ἐξωνὴσεως
1127 1016 1173 1072 τοῦ
1199 1011 1275 1074 οίκσυ
1301 1009 1348 1072 καὶ
1374 1015 1421 1074 τοῦ
1443 1015 1553 1092 φραγμοῦ

273 1135 427 1211 νομίσματα
453 1133 509 1215 κβ’,
539 1133 586 1194 καί
618 1134 684 1214 ὑπὲρ
714 1131 862 1209 οἰκοδομὴν
891 1138 941 1210 τῆς
972 1133 1123 1210 ἐκκλησίας
1149 1133 1302 1210 νομίσματα
1328 1131 1373 1208 κβ’
1400 1132 1488 1214 χωρίς
1510 1141 1554 1192 τῶν

273 1259 408 1336 παρεκτὸς
429 1258 475 1318 τὸν
498 1255 607 1334 κτίστην
628 1256 695 1336 ὑπὲρ
716 1263 769 1316 τῶν
793 1255 839 1317 δύο
862 1261 955 1332 μηνῶν
978 1259 1024 1316 τοῦ
1038 1275 1069 1316 τε
1090 1255 1171 1331 ἡλίου
1195 1261 1255 1333 (sic)
1283 1254 1329 1317 καί
1351 1259 1398 1316 τοῦ
1420 1255 1555 1332 αίιγοίιστσυ

273 1380 427 1456 νομίσματα
455 1379 528 1439 ὸκτιὸ
556 1381 664 1456 χινάτα.
706 1375 765 1438 ἐπεὶ
796 1375 837 1458 ὸέ,
871 1380 909 1450 ὡς
939 1378 954 1436 6
983 1378 1047 1450 θεὸς
1076 1381 1205 1459 μαρτυρεῖ
1234 1376 1281 1438 καί
1309 1379 1327 1452 ἡ
1358 1376 1487 1456 ἀλὴθεια,
1516 1377 1555 1435 οὐκ

274 1501 356 1581 ὀλίγα
385 1503 518 1572 κσπιάσας
547 1498 595 1560 καὶ
624 1498 783 1578 άγωνισψείς
813 1498 853 1572 εἷς
879 1520 909 1559 τε
938 1499 972 1560 τά
1001 1505 1054 1559 τῶν
1084 1499 1207 1561 κελλίων
1237 1498 1446 1575 οἰκοδομήματα
1478 1501 1510 1558 τά
1533 1519 1557 1557 ιε

275 1625 387 1700 ἔμμαζα
409 1621 456 1683 καί
477 1623 511 1683 τὸ
533 1621 631 1694 άλλως
653 1619 700 1682 καὶ
723 1619 763 1694 εἰς
786 1622 868 1697 αίπὴν
895 1622 943 1697 τὴν
971 1620 1121 1698 ἐκκλησίαν
1150 1615 1198 1682 καί
1225 1619 1264 1694 είς
1291 1621 1325 1682 τὰ
1351 1619 1455 1695 ἔξωθεν
1483 1621 1557 1680 πάλιν

275 1745 314 1818 είς
336 1765 366 1805 τε
388 1746 436 1820 τὴν
458 1745 543 1821 ληνὸν
569 1743 616 1804 καί
638 1750 688 1820 τῆς
710 1745 851 1821 ἀπσὸὴκης
873 1743 907 1804 τὰ
928 1743 1031 1804 κελλία
1059 1743 1154 1816 αὖτοὺς
1180 1744 1251 1819 ὑμᾶς
1272 1741 1472 1824 προβαλλομαι
1494 1745 1558 1821 μάρ

274 1889 368 1949 τυρας,
402 1869 462 1947 οίγε
489 1868 537 1944 τὴν
568 1866 701 1942 ἀλήθειαν
732 1865 864 1940 βοίλεοθε
891 1867 1050 1948 ὁμολογεῖν,
1081 1863 1228 1926 ἀλλὰκαὶ
1254 1861 1321 1926 σίντὰ
1354 1865 1388 1925 τὰ
1416 1868 1560 1946 πράγματα

274 1990 414 2070 άριὸὴλιυς
436 1989 615 2050 διδάσκουσιν.
646 1986 692 2048 καὶ
715 1986 754 2060 είς
776 1990 806 2048 τὸ
828 1986 981 2063 οίνὸαμηνὸν
1004 1991 1066 2064 (σία)
1089 1986 1407 2068 σιγιλλοχρυσὸβσυλλον
1435 1991 1484 2048 τοῦ
1507 1986 1559 2045 ἀοι-

274 2111 353 2189 δίμου
387 2110 433 2172 καί
467 2112 628 2188 ἀειμνήστου
662 2111 801 2186 βασιλέως
833 2114 914 2192 κυρσίι
947 2105 1072 2182 Ἀλεξίου
1101 2113 1146 2170 τοῦ
1177 2109 1332 2186 λαμβάνειν
1366 2109 1483 2186 ἐτησίους
1517 2108 1561 2166 ἀπὸ

273 2240 323 2312 τῆς
338 2236 451 2315 Κρήτης
471 2233 542 2294 σίτου
565 2231 648 2310 μὸὸια
669 2235 813 2311 τριάκοντα
834 2229 881 2292 καὶ
902 2226 1057 2306 νομίσματα
1075 2229 1129 2312 κδ’,
1152 2234 1171 2307 ἡ
1193 2233 1266 2309 τάχα
1288 2229 1336 2290 καί
1357 2231 1451 2312 ἡμεῖς,
1473 2229 1564 2291 πολλὰ

275 2355 417 2432 βιάσαντες
437 2359 529 2415 τοῦτον
552 2356 566 2414 6
590 2399 647 2416 ...
673 2348 788 2438 [ἑ]κεῖνοι
810 2360 859 2429 τῆς
882 2353 986 2426 δόσεως
1007 2353 1105 2430 ταυτης
1127 2353 1176 2413 οίνκ
1199 2351 1331 2427 ἐπίνομεν
1353 2347 1474 2438 [τψοίτψη
1495 2354 1563 2428 δμιυς

274 2479 313 2548 ὡς
335 2478 350 2536 6
372 2478 434 2547 θεὸς
457 2476 603 2553 εὐδόκησεν
626 2474 672 2536 καὶ
694 2476 710 2534 6
732 2475 911 2554 ἡγατημένος
938 2475 1022 2555 τοίιτῳ
1046 2473 1093 2534 καί
1117 2495 1217 2536 ...εν
1243 2473 1290 2534 καὶ
1317 2473 1459 2550 λαμβάνει
1487 2479 1565 2534 ταῦτα

274 2600 292 2674 ἡ
316 2601 386 2674 μονὴ
409 2600 472 2658 θεοῦ
493 2601 592 2678 χάριτι.
616 2595 662 2658 καί
685 2643 768 2658 ....
796 2601 874 2658 τοῦτο
896 2597 992 2658 πολλά
1013 2595 1161 2677 πίστευσαι,
1189 2594 1321 2656 ἐκοπίασα
1342 2594 1390 2656 καὶ
1411 2595 1566 2676 ἡγωνίσὸγν

274 2718 322 2780 καὶ
348 2721 559 2796 ὲκενοτομὴθην.
594 2719 640 2780 καί
669 2719 764 2794 ἐπειδὴ
790 2719 886 2780 πολλὰ
912 2719 1057 2780 ουνεκσπία
1084 2719 1145 2796 ὑμῖν
1171 2717 1218 2779 καὶ
1245 2717 1447 2800 ὑπερεκοπίασα
1471 2718 1565 2778 πλίονι

275 2842 359 2923 ὑμιῖνν,
387 2844 426 2914 ὡς
447 2843 465 2916 ἡ
489 2841 607 2917 ἀλήθεια
629 2842 767 2922 μαρτυρεῖ,
791 2841 927 2917 βούλομαι
949 2840 1029 2920 κάγὼ
1051 2841 1223 2920 φυλαχθῆναι
1245 2839 1295 2914 τὰς
1318 2840 1387 2916 ἐμὸς
1413 2841 1566 2919 ἐπισκέψεις

273 2967 319 3024 τσῦ
342 2959 411 3024 εἶναι
438 2961 477 3034 εἰς
504 2965 549 3024 τὸν
572 2965 730 3039 Ἀσιίνματον
758 2961 893 3042 άὸελροὸς
920 2961 975 3042 660,
1000 2963 1053 3036 ἕως
1075 2955 1106 3022 οὗ
1127 2960 1280 3024 συνίσταται
1301 2963 1318 3038 ἡ
1342 2963 1424 3046 μσνὴ,
1448 2961 1500 3024 καὶ
1521 2983 1564 3022 τσ-

274 3089 319 3146 νῦν
346 3086 397 3162 μὲν
425 3081 494 3145 εἶναι
521 3088 566 3146 τόν
585 3107 616 3146 τε
643 3085 765 3164 μοναχὸν
790 3085 897 3146 Λουκᾶν
927 3082 974 3144 καί
1000 3085 1045 3145 τὸν
1070 3087 1191 3164 μοναχὸν
1214 3084 1386 3163 Θεὸκτιστσν,
1410 3087 1452 3159 ὡς
1475 3081 1566 3145 πολλὰ

273 3205 456 3279 κοπιάσαντας
478 3205 525 3267 καὶ
548 3206 643 3280 αὺτοὸς
666 3207 695 3267 ἐν
719 3205 800 3288 αὸτῴ,
823 3207 945 3288 τὸνμὲν,
968 3205 1013 3267 ἵνα
1034 3207 1158 3290 ἡσυχάζῃ
1180 3205 1228 3267 καὶ
1249 3207 1347 3289 ψάλλῃ
1369 3208 1400 3267 τὸ
1416 3207 1565 3288 ευκτὴριον,

274 3331 360 3406 δῆλον
394 3330 433 3390 ὅτι
462 3331 509 3389 τὸν
542 3331 665 3408 μοναχὸν
692 3327 869 3408 Θεὸκτιστον,
899 3329 946 3388 τὸν
976 3328 1007 3388 δὲ
1039 3330 1161 3408 μοναχὸν
1188 3331 1298 3390 Λουκάν
1331 3329 1511 3391 ἑκὸσυλείιειν
1541 3329 1564 3385 τὸ

273 3451 455 3531 περιβολίτζιν
477 3449 524 3511 καί
545 3452 591 3511 τὸν
612 3451 733 3528 κηπίτζιν
755 3449 801 3512 καὶ
824 3451 858 3510 τὰ
880 3450 976 3532 λοιπά,
999 3451 1074 3529 ἔχειν
1097 3449 1129 3511 ὸὲ
1151 3451 1180 3511 ἐν
1202 3455 1259 3524 τοῖς
1282 3450 1444 3531 ἀναγκαίοις
1465 3454 1566 3531 καιροῖς

274 3571 321 3634 καὶ
346 3575 503 3653 πράγμασιν
528 3575 574 3633 τὸν
601 3574 723 3652 μοναχὸν
745 3572 908 3635 Θεάκτιστον
931 3571 1248 3648 συναντιλαμβανάμενον
1270 3571 1317 3633 καὶ
1338 3578 1432 3634 τοῦτον
1459 3575 1492 3635 ὲν
1515 3575 1567 3644 ταῖς

273 3697 467 3776 περιστάσεσιν,
494 3699 554 3769 ταῖς
581 3695 612 3756 ὸὲ
639 3696 749 3767 λοιπαῖς
770 3697 887 3776 ἡμέραις
908 3697 1064 3777 ἡσυχάζειν,
1091 3695 1184 3768 καθὼς
1207 3695 1344 3776 βούλεται,
1371 3693 1420 3756 καὶ
1448 3695 1570 3774 ψαλλειν

274 3818 323 3893 τὴν
349 3811 512 3878 ἀκολουθίαν
539 3819 618 3878 αὺτοῦ
644 3815 691 3877 καί
717 3817 747 3877 τὸ
775 3817 923 3897 εὸκτὴριον,
953 3816 1046 3889 καθὼς
1073 3817 1087 3876 ὸ
1109 3817 1204 3896 καιρὸς
1226 3817 1342 3896 ἀπαιτεῖ,
1367 3819 1443 3897 ἔχειν
1471 3819 1505 3879 δὲ
1527 3817 1570 3878 καὶ

275 3939 369 4012 αίιτοὸς
396 3937 435 4010 είς
461 3941 507 3999 τὸν
528 3939 681 4018 ἡγούμενον
708 3940 845 4017 ὑποταγὴν
872 3938 919 4000 καί
944 3941 1103 4000 ταπείνωσιν
1129 3937 1177 3999 καί
1204 3939 1244 4012 εἰς
1265 3943 1368 4014 πάντας
1390 3943 1457 4015 τοίις
1483 3941 1570 4002 άὸελ-

274 4061 338 4140 ροὸς
367 4061 477 4139 ἀγάπην
506 4058 554 4120 καὶ
580 4057 697 4120 διάθεσιν
723 4059 770 4122 καὶ
797 4056 919 4146 μηψκέψτι
946 4059 991 4123 οὖν
1018 4061 1161 4134 πίπτοντες
1186 4065 1205 4136 ἡ
1232 4061 1426 4141 ἀπσοχίζοντες
1459 4063 1570 4132 ἑαυτοῖς

273 4189 323 4259 τῆς
349 4180 534 4261 άδελρότητσς
562 4182 636 4243 αὺτσί
656 4203 687 4243 τε
712 4181 759 4243 καὶ
785 4182 811 4244 σί
838 4183 899 4258 μετ’
923 4183 1025 4254 αὐισίις.
1056 4183 1127 4257 μετὰ
1154 4183 1186 4243 ὸὲ
1208 4185 1258 4260 τὴν
1279 4185 1378 4244 τούτων
1402 4187 1570 4268 παρέλευσιν

273 4302 298 4364 οί
321 4304 475 4380 μέλλοντες
495 4305 726 4385 προσκαθέσεσθαι
749 4303 839 4383 ἐντῷ
862 4305 993 4385 εὺκτηρίῳ
1015 4309 1061 4366 τοῦ
1084 4307 1147 4366 θεοῦ
1170 4305 1343 4367 ἐκὸσυλείιειν
1365 4305 1413 4367 καὶ
1435 4307 1570 4386 ψάλλειν,

272 4425 317 4485 ίνα
339 4424 409 4485 ἐστίν
432 4422 584 4499 ἑξάπαντος
609 4427 624 4485 6
647 4418 687 4499 εἷς
708 4428 949 4506 γραμματισμὲνος
973 4427 1069 4489 διὰτὸ
1091 4427 1211 4506 ψάλλειν
1234 4428 1283 4504 τὴν
1306 4427 1474 4510 ἐκκλησίαν,
1501 4431 1570 4509 ἔχειν

275 4547 305 4607 δὲ
328 4547 374 4608 καὶ
397 4547 442 4607 τὸν
464 4549 616 4625 ἡγούμενον
641 4546 689 4608 καί
710 4549 772 4622 τοὺς
794 4547 928 4629 άδελροὸς
949 4551 1016 4630 πρὸς
1039 4549 1135 4623 αὸτοὸς
1157 4549 1267 4629 ἀγάπην
1293 4547 1341 4611 καί
1367 4548 1509 4634 διάθεσιν,
1532 4555 1570 4611 τὸν

274 4669 325 4745 μὲν
353 4669 506 4748 ἡγούμενον
539 4673 680 4751 πατρικήν,
713 4669 774 4743 τοὸς
807 4670 838 4731 δὲ
873 4669 1009 4751 ἀὸελψοὸς
1043 4667 1204 4754 ἀδελφικὴν,
1232 4671 1279 4733 καί
1308 4671 1382 4750 μηδὲ
1413 4671 1458 4748 είς
1489 4677 1570 4736 &m
