<?xml version="1.0" encoding="UTF-8"?>
<!DOCTYPE html PUBLIC "-//W3C//DTD XHTML 1.0 Transitional//EN"
    "http://www.w3.org/TR/xhtml1/DTD/xhtml1-transitional.dtd">
<html xmlns="http://www.w3.org/1999/xhtml" xml:lang="en" lang="en">
 <head>
  <title>
</title>
<meta http-equiv="Content-Type" content="text/html;charset=utf-8" />
  <meta name='ocr-system' content='tesseract 3.04.00' />
  <meta name='ocr-capabilities' content='ocr_page ocr_carea ocr_par ocr_line ocrx_word'/>
</head>
<body>
  <div class='ocr_page' id='page_1' title='image "./actaetdiplomata02miklgoog_0376.png"; bbox 0 0 3162 5278; ppageno 0'>
   <div class='ocr_carea' id='block_1_1' title="bbox 1267 359 1328 424">
    <p class='ocr_par' dir='ltr' id='par_1_1' title="bbox 1267 359 1328 424">
     <span class='ocr_line' id='line_1_1' title="bbox 1267 359 1328 424; baseline 0 0"><span class='ocrx_word' id='word_1_1' title='bbox 1267 359 1328 424; x_wconf 80' lang='lat'>361</span> 
     </span>
    </p>
   </div>
   <div class='ocr_carea' id='block_1_2' title="bbox 37 552 1334 2092">
    <p class='ocr_par' dir='ltr' id='par_1_2' title="bbox 37 552 1334 2092">
     <span class='ocr_line' id='line_1_2' title="bbox 39 552 1334 634; baseline 0.003 -24"><span class='ocrx_word' id='word_1_2' title='bbox 39 555 114 614; x_wconf 75' lang='grc' dir='ltr'>πάτου</span> <span class='ocrx_word' id='word_1_3' title='bbox 148 555 332 632; x_wconf 76' lang='grc' dir='ltr'>πατριάρχου,</span> <span class='ocrx_word' id='word_1_4' title='bbox 367 557 448 632; x_wconf 92' lang='grc' dir='ltr'>κυροῦ</span> <span class='ocrx_word' id='word_1_5' title='bbox 479 552 607 612; x_wconf 80' lang='grc' dir='ltr'>Ἰωάννου</span> <span class='ocrx_word' id='word_1_6' title='bbox 640 553 861 614; x_wconf 85' lang='grc' dir='ltr'>κατακολουθούν</span> <span class='ocrx_word' id='word_1_7' title='bbox 894 554 945 628; x_wconf 87' lang='grc' dir='ltr'>μὲν</span> <span class='ocrx_word' id='word_1_8' title='bbox 979 557 1035 626; x_wconf 83' lang='grc' dir='ltr'>τοῖς</span> <span class='ocrx_word' id='word_1_9' title='bbox 1068 555 1263 632; x_wconf 85' lang='grc' dir='ltr'>ἐμφερσμένοις</span> <span class='ocrx_word' id='word_1_10' title='bbox 1296 556 1334 634; x_wconf 78' lang='grc' dir='ltr'>τῷ</span> 
     </span>
     <span class='ocr_line' id='line_1_3' title="bbox 39 673 1333 756; baseline 0.002 -24"><span class='ocrx_word' id='word_1_11' title='bbox 39 673 172 754; x_wconf 75' lang='grc' dir='ltr'>βασιλικῷ</span> <span class='ocrx_word' id='word_1_12' title='bbox 198 673 409 754; x_wconf 82' lang='grc' dir='ltr'>χρυσοβούλλῳ,</span> <span class='ocrx_word' id='word_1_13' title='bbox 436 677 627 753; x_wconf 81' lang='grc' dir='ltr'>παρεχόμενον</span> <span class='ocrx_word' id='word_1_14' title='bbox 656 673 687 734; x_wconf 82' lang='grc' dir='ltr'>δὲ</span> <span class='ocrx_word' id='word_1_15' title='bbox 709 675 792 755; x_wconf 82' lang='grc' dir='ltr'>ταύτῃ</span> <span class='ocrx_word' id='word_1_16' title='bbox 815 681 847 756; x_wconf 77' lang='grc' dir='ltr'>τῇ</span> <span class='ocrx_word' id='word_1_17' title='bbox 870 673 1008 756; x_wconf 81' lang='grc' dir='ltr'>σεβασμίᾳ</span> <span class='ocrx_word' id='word_1_18' title='bbox 1030 681 1100 756; x_wconf 85' lang='grc' dir='ltr'>μονῇ</span> <span class='ocrx_word' id='word_1_19' title='bbox 1122 677 1153 735; x_wconf 77' lang='grc' dir='ltr'>τ“σ</span> <span class='ocrx_word' id='word_1_20' title='bbox 1176 675 1333 755; x_wconf 83' lang='grc' dir='ltr'>ἀνεπηρέα-</span> 
     </span>
     <span class='ocr_line' id='line_1_4' title="bbox 40 794 1333 878; baseline 0.004 -25"><span class='ocrx_word' id='word_1_21' title='bbox 40 817 95 856; x_wconf 79' lang='grc' dir='ltr'>στον</span> <span class='ocrx_word' id='word_1_22' title='bbox 118 795 166 856; x_wconf 81' lang='grc' dir='ltr'>καὶ</span> <span class='ocrx_word' id='word_1_23' title='bbox 190 795 376 874; x_wconf 83' lang='grc' dir='ltr'>άνενόχλητον</span> <span class='ocrx_word' id='word_1_24' title='bbox 398 794 445 854; x_wconf 89' lang='grc' dir='ltr'>καί</span> <span class='ocrx_word' id='word_1_25' title='bbox 468 795 521 854; x_wconf 77' lang='grc' dir='ltr'>ἀπο</span> <span class='ocrx_word' id='word_1_26' title='bbox 543 802 596 854; x_wconf 85' lang='grc' dir='ltr'>τῶν</span> <span class='ocrx_word' id='word_1_27' title='bbox 624 795 695 856; x_wconf 83' lang='grc' dir='ltr'>κατὰ</span> <span class='ocrx_word' id='word_1_28' title='bbox 716 797 826 876; x_wconf 79' lang='grc' dir='ltr'>καιρούς</span> <span class='ocrx_word' id='word_1_29' title='bbox 849 797 1098 871; x_wconf 84' lang='grc' dir='ltr'>ἀποστελλομένων</span> <span class='ocrx_word' id='word_1_30' title='bbox 1121 795 1246 877; x_wconf 84' lang='grc' dir='ltr'>ἐξάρχων</span> <span class='ocrx_word' id='word_1_31' title='bbox 1268 798 1333 878; x_wconf 79' lang='grc' dir='ltr'>παρ’</span> 
     </span>
     <span class='ocr_line' id='line_1_5' title="bbox 41 913 1332 1000; baseline 0.002 -24"><span class='ocrx_word' id='word_1_32' title='bbox 41 921 127 996; x_wconf 75' lang='grc' dir='ltr'>ἑτέρου</span> <span class='ocrx_word' id='word_1_33' title='bbox 155 913 309 998; x_wconf 74' lang='grc' dir='ltr'>προπίπτου,</span> <span class='ocrx_word' id='word_1_34' title='bbox 340 916 488 976; x_wconf 84' lang='grc' dir='ltr'>ἀποκλεῖον</span> <span class='ocrx_word' id='word_1_35' title='bbox 512 915 544 976; x_wconf 84' lang='grc' dir='ltr'>δὲ</span> <span class='ocrx_word' id='word_1_36' title='bbox 573 915 620 977; x_wconf 86' lang='grc' dir='ltr'>καί</span> <span class='ocrx_word' id='word_1_37' title='bbox 646 918 695 992; x_wconf 81' lang='grc' dir='ltr'>τὴν</span> <span class='ocrx_word' id='word_1_38' title='bbox 722 917 828 978; x_wconf 75' lang='grc' dir='ltr'>εἴσοδον</span> <span class='ocrx_word' id='word_1_39' title='bbox 854 923 917 978; x_wconf 84' lang='grc' dir='ltr'>πᾶσι</span> <span class='ocrx_word' id='word_1_40' title='bbox 946 921 1001 990; x_wconf 81' lang='grc' dir='ltr'>τοῖς</span> <span class='ocrx_word' id='word_1_41' title='bbox 1029 919 1183 999; x_wconf 74' lang='grc' dir='ltr'>ἀρχιερεῦσι</span> <span class='ocrx_word' id='word_1_42' title='bbox 1210 921 1265 991; x_wconf 80' lang='grc' dir='ltr'>τοῖς</span> <span class='ocrx_word' id='word_1_43' title='bbox 1291 921 1332 1000; x_wconf 76' lang='grc' dir='ltr'>ὑφ’</span> 
     </span>
     <span class='ocr_line' id='line_1_6' title="bbox 42 1037 1334 1121; baseline 0.005 -25"><span class='ocrx_word' id='word_1_44' title='bbox 42 1039 146 1110; x_wconf 81' lang='grc' dir='ltr'>ἑαυτούς</span> <span class='ocrx_word' id='word_1_45' title='bbox 174 1039 250 1116; x_wconf 77' lang='grc' dir='ltr'>ἄγειν</span> <span class='ocrx_word' id='word_1_46' title='bbox 276 1039 325 1113; x_wconf 79' lang='grc' dir='ltr'>τὴν</span> <span class='ocrx_word' id='word_1_47' title='bbox 352 1037 438 1112; x_wconf 73' lang='grc' dir='ltr'>μονὴν</span> <span class='ocrx_word' id='word_1_48' title='bbox 467 1037 655 1118; x_wconf 85' lang='grc' dir='ltr'>ἐπιχειροῦσιν,</span> <span class='ocrx_word' id='word_1_49' title='bbox 684 1039 715 1098; x_wconf 84' lang='grc' dir='ltr'>ού</span> <span class='ocrx_word' id='word_1_50' title='bbox 742 1039 797 1112; x_wconf 81' lang='grc' dir='ltr'>μὴν</span> <span class='ocrx_word' id='word_1_51' title='bbox 825 1037 865 1118; x_wconf 84' lang='grc' dir='ltr'>δέ,</span> <span class='ocrx_word' id='word_1_52' title='bbox 894 1039 973 1098; x_wconf 85' lang='grc' dir='ltr'>ἀλλά</span> <span class='ocrx_word' id='word_1_53' title='bbox 998 1038 1107 1118; x_wconf 78' lang='grc' dir='ltr'>καὶτῷ</span> <span class='ocrx_word' id='word_1_54' title='bbox 1129 1041 1200 1100; x_wconf 83' lang='grc' dir='ltr'>κατὰ</span> <span class='ocrx_word' id='word_1_55' title='bbox 1222 1042 1334 1121; x_wconf 83' lang='grc' dir='ltr'>καιρούς</span> 
     </span>
     <span class='ocr_line' id='line_1_7' title="bbox 38 1157 1333 1240; baseline 0.002 -22"><span class='ocrx_word' id='word_1_56' title='bbox 38 1163 189 1240; x_wconf 83' lang='grc' dir='ltr'>πατριάρχη</span> <span class='ocrx_word' id='word_1_57' title='bbox 217 1159 304 1234; x_wconf 82' lang='grc' dir='ltr'>μηδὲν</span> <span class='ocrx_word' id='word_1_58' title='bbox 330 1163 470 1239; x_wconf 87' lang='grc' dir='ltr'>προσεῖναι</span> <span class='ocrx_word' id='word_1_59' title='bbox 498 1157 541 1220; x_wconf 84' lang='grc' dir='ltr'>ἐπί</span> <span class='ocrx_word' id='word_1_60' title='bbox 567 1165 600 1240; x_wconf 77' lang='grc' dir='ltr'>τῇ</span> <span class='ocrx_word' id='word_1_61' title='bbox 628 1165 698 1240; x_wconf 70' lang='grc' dir='ltr'>μονῇ</span> <span class='ocrx_word' id='word_1_62' title='bbox 721 1161 804 1240; x_wconf 78' lang='grc' dir='ltr'>ταύτῃ</span> <span class='ocrx_word' id='word_1_63' title='bbox 828 1159 1017 1234; x_wconf 80' lang='grc' dir='ltr'>οίονδηπστοῦν</span> <span class='ocrx_word' id='word_1_64' title='bbox 1041 1160 1144 1222; x_wconf 89' lang='grc' dir='ltr'>δίκαιον</span> <span class='ocrx_word' id='word_1_65' title='bbox 1166 1167 1333 1240; x_wconf 85' lang='grc' dir='ltr'>συγχωροῦν,</span> 
     </span>
     <span class='ocr_line' id='line_1_8' title="bbox 39 1278 1333 1364; baseline 0.002 -24"><span class='ocrx_word' id='word_1_66' title='bbox 39 1283 100 1340; x_wconf 73' lang='grc' dir='ltr'>ἀλλ’</span> <span class='ocrx_word' id='word_1_67' title='bbox 126 1285 144 1356; x_wconf 78' lang='grc' dir='ltr'><strong>ἡ</strong></span> <span class='ocrx_word' id='word_1_68' title='bbox 167 1283 249 1357; x_wconf 69' lang='grc' dir='ltr'>μόνον</span> <span class='ocrx_word' id='word_1_69' title='bbox 272 1281 302 1340; x_wconf 77' lang='grc' dir='ltr'>τ“ο</span> <span class='ocrx_word' id='word_1_70' title='bbox 326 1283 496 1356; x_wconf 82' lang='grc' dir='ltr'>μνημόσυνον</span> <span class='ocrx_word' id='word_1_71' title='bbox 519 1283 566 1340; x_wconf 89' lang='grc' dir='ltr'>τοῦ</span> <span class='ocrx_word' id='word_1_72' title='bbox 588 1278 687 1342; x_wconf 80' lang='grc' dir='ltr'>οἰκείου</span> <span class='ocrx_word' id='word_1_73' title='bbox 710 1281 843 1356; x_wconf 80' lang='grc' dir='ltr'>ὀνόματος</span> <span class='ocrx_word' id='word_1_74' title='bbox 867 1281 895 1341; x_wconf 86' lang='grc' dir='ltr'>ἑν</span> <span class='ocrx_word' id='word_1_75' title='bbox 918 1283 977 1353; x_wconf 83' lang='grc' dir='ltr'>ταῖς</span> <span class='ocrx_word' id='word_1_76' title='bbox 1000 1282 1085 1355; x_wconf 85' lang='grc' dir='ltr'>θείαις</span> <span class='ocrx_word' id='word_1_77' title='bbox 1108 1282 1333 1364; x_wconf 78' lang='grc' dir='ltr'>ἱερστελεσάαις,</span> 
     </span>
     <span class='ocr_line' id='line_1_9' title="bbox 38 1399 1333 1484; baseline 0 -22"><span class='ocrx_word' id='word_1_78' title='bbox 38 1407 99 1480; x_wconf 77' lang='grc' dir='ltr'>προς</span> <span class='ocrx_word' id='word_1_79' title='bbox 122 1403 225 1474; x_wconf 79' lang='grc' dir='ltr'>τούτοις</span> <span class='ocrx_word' id='word_1_80' title='bbox 249 1401 432 1482; x_wconf 73' lang='grc' dir='ltr'>διοριζόμενον</span> <span class='ocrx_word' id='word_1_81' title='bbox 460 1399 561 1474; x_wconf 82' lang='grc' dir='ltr'>ἐξεῖναι</span> <span class='ocrx_word' id='word_1_82' title='bbox 584 1405 641 1473; x_wconf 84' lang='grc' dir='ltr'>τοῖς</span> <span class='ocrx_word' id='word_1_83' title='bbox 664 1407 797 1479; x_wconf 85' lang='grc' dir='ltr'>μοναχοῑς</span> <span class='ocrx_word' id='word_1_84' title='bbox 820 1403 971 1474; x_wconf 74' lang='grc' dir='ltr'><strong>ἀκωλύτως</strong></span> <span class='ocrx_word' id='word_1_85' title='bbox 993 1405 1056 1483; x_wconf 88' lang='grc' dir='ltr'>παρ’</span> <span class='ocrx_word' id='word_1_86' title='bbox 1080 1399 1103 1484; x_wconf 84' lang='grc' dir='ltr'>ᾧ</span> <span class='ocrx_word' id='word_1_87' title='bbox 1126 1407 1158 1462; x_wconf 86' lang='grc' dir='ltr'>ᾶν</span> <span class='ocrx_word' id='word_1_88' title='bbox 1182 1403 1333 1478; x_wconf 79' lang='grc' dir='ltr'>βούλωνται</span> 
     </span>
     <span class='ocr_line' id='line_1_10' title="bbox 38 1521 1332 1605; baseline 0.004 -23"><span class='ocrx_word' id='word_1_89' title='bbox 38 1521 82 1598; x_wconf 74' lang='grc' dir='ltr'>τίς</span> <span class='ocrx_word' id='word_1_90' title='bbox 106 1526 209 1585; x_wconf 79' lang='grc' dir='ltr'>ἑαυτῶν</span> <span class='ocrx_word' id='word_1_91' title='bbox 234 1525 367 1584; x_wconf 82' lang='grc' dir='ltr'>ποιεῖσθαι</span> <span class='ocrx_word' id='word_1_92' title='bbox 389 1523 559 1604; x_wconf 88' lang='grc' dir='ltr'>χειροτονίας</span> <span class='ocrx_word' id='word_1_93' title='bbox 581 1521 628 1582; x_wconf 90' lang='grc' dir='ltr'>καί</span> <span class='ocrx_word' id='word_1_94' title='bbox 649 1525 713 1584; x_wconf 82' lang='grc' dir='ltr'>καθ’</span> <span class='ocrx_word' id='word_1_95' title='bbox 736 1525 846 1596; x_wconf 82' lang='grc' dir='ltr'>ἑαυτούς</span> <span class='ocrx_word' id='word_1_96' title='bbox 870 1525 990 1605; x_wconf 86' lang='grc' dir='ltr'>ἐνεργεῖν</span> <span class='ocrx_word' id='word_1_97' title='bbox 1012 1526 1061 1600; x_wconf 71' lang='grc' dir='ltr'>τὴν</span> <span class='ocrx_word' id='word_1_98' title='bbox 1084 1531 1130 1586; x_wconf 91' lang='grc' dir='ltr'>τοῦ</span> <span class='ocrx_word' id='word_1_99' title='bbox 1152 1533 1223 1604; x_wconf 82' lang='grc' dir='ltr'>σφῶν</span> <span class='ocrx_word' id='word_1_100' title='bbox 1245 1529 1332 1604; x_wconf 82' lang='grc' dir='ltr'>ἠγου·</span> 
     </span>
     <span class='ocr_line' id='line_1_11' title="bbox 38 1646 1333 1728; baseline 0.002 -22"><span class='ocrx_word' id='word_1_101' title='bbox 38 1651 117 1720; x_wconf 78' lang='grc' dir='ltr'>μένου</span> <span class='ocrx_word' id='word_1_102' title='bbox 146 1647 356 1726; x_wconf 73' lang='grc' dir='ltr'>προχείρησινν.</span> <span class='ocrx_word' id='word_1_103' title='bbox 388 1647 450 1721; x_wconf 82' lang='grc' dir='ltr'>μεθ’</span> <span class='ocrx_word' id='word_1_104' title='bbox 473 1647 503 1704; x_wconf 79' lang='grc' dir='ltr'>δν</span> <span class='ocrx_word' id='word_1_105' title='bbox 534 1646 685 1724; x_wconf 79' lang='grc' dir='ltr'>ἁγιώτατον</span> <span class='ocrx_word' id='word_1_106' title='bbox 710 1649 891 1726; x_wconf 86' lang='grc' dir='ltr'>πατριάρχην,</span> <span class='ocrx_word' id='word_1_107' title='bbox 923 1651 970 1725; x_wconf 88' lang='grc' dir='ltr'>κύρ</span> <span class='ocrx_word' id='word_1_108' title='bbox 999 1647 1138 1726; x_wconf 92' lang='grc' dir='ltr'>Ἰωάννην,</span> <span class='ocrx_word' id='word_1_109' title='bbox 1169 1647 1215 1706; x_wconf 86' lang='grc' dir='ltr'>καὶ</span> <span class='ocrx_word' id='word_1_110' title='bbox 1247 1650 1333 1728; x_wconf 80' lang='grc' dir='ltr'>ἕτεροι</span> 
     </span>
     <span class='ocr_line' id='line_1_12' title="bbox 38 1763 1333 1848; baseline 0.002 -22"><span class='ocrx_word' id='word_1_111' title='bbox 38 1769 105 1828; x_wconf 72' lang='grc' dir='ltr'>κατὰ</span> <span class='ocrx_word' id='word_1_112' title='bbox 128 1769 239 1848; x_wconf 85' lang='grc' dir='ltr'>καιρούς</span> <span class='ocrx_word' id='word_1_113' title='bbox 261 1770 435 1848; x_wconf 88' lang='grc' dir='ltr'>πατριάρχαι,</span> <span class='ocrx_word' id='word_1_114' title='bbox 458 1771 508 1846; x_wconf 90' lang='grc' dir='ltr'>κῦρ</span> <span class='ocrx_word' id='word_1_115' title='bbox 532 1767 641 1838; x_wconf 80' lang='grc' dir='ltr'>Λουκᾶς</span> <span class='ocrx_word' id='word_1_116' title='bbox 664 1763 773 1841; x_wconf 81' lang='grc' dir='ltr'>δηλαδὴ</span> <span class='ocrx_word' id='word_1_117' title='bbox 796 1766 842 1826; x_wconf 86' lang='grc' dir='ltr'>καί</span> <span class='ocrx_word' id='word_1_118' title='bbox 865 1771 914 1846; x_wconf 86' lang='grc' dir='ltr'>κύρ</span> <span class='ocrx_word' id='word_1_119' title='bbox 937 1768 1050 1841; x_wconf 82' lang='grc' dir='ltr'>Συμεὼν</span> <span class='ocrx_word' id='word_1_120' title='bbox 1073 1766 1120 1828; x_wconf 85' lang='grc' dir='ltr'>καί</span> <span class='ocrx_word' id='word_1_121' title='bbox 1141 1773 1191 1848; x_wconf 93' lang='grc' dir='ltr'>κῦρ</span> <span class='ocrx_word' id='word_1_122' title='bbox 1215 1769 1333 1848; x_wconf 88' lang='grc' dir='ltr'>Ἰωάοαφ</span> 
     </span>
     <span class='ocr_line' id='line_1_13' title="bbox 37 1887 1334 1970; baseline 0.002 -22"><span class='ocrx_word' id='word_1_123' title='bbox 37 1891 151 1969; x_wconf 78' lang='grc' dir='ltr'>καὶπῦρ</span> <span class='ocrx_word' id='word_1_124' title='bbox 176 1889 316 1970; x_wconf 84' lang='grc' dir='ltr'>Κύριλλος</span> <span class='ocrx_word' id='word_1_125' title='bbox 345 1887 392 1948; x_wconf 87' lang='grc' dir='ltr'>καί</span> <span class='ocrx_word' id='word_1_126' title='bbox 421 1887 505 1948; x_wconf 73' lang='grc' dir='ltr'>ἄλλοι</span> <span class='ocrx_word' id='word_1_127' title='bbox 533 1893 588 1946; x_wconf 87' lang='grc' dir='ltr'>τῶν</span> <span class='ocrx_word' id='word_1_128' title='bbox 619 1889 867 1969; x_wconf 74' lang='grc' dir='ltr'>μεταγενεστέρων,</span> <span class='ocrx_word' id='word_1_129' title='bbox 898 1889 956 1948; x_wconf 72' lang='grc' dir='ltr'>ὅτε</span> <span class='ocrx_word' id='word_1_130' title='bbox 981 1889 1133 1968; x_wconf 82' lang='grc' dir='ltr'>Μελέτιος,</span> <span class='ocrx_word' id='word_1_131' title='bbox 1163 1893 1257 1960; x_wconf 90' lang='grc' dir='ltr'>πάπας</span> <span class='ocrx_word' id='word_1_132' title='bbox 1285 1887 1334 1950; x_wconf 83' lang='grc' dir='ltr'>καί</span> 
     </span>
     <span class='ocr_line' id='line_1_14' title="bbox 37 2005 1332 2092; baseline 0.003 -22"><span class='ocrx_word' id='word_1_133' title='bbox 37 2015 203 2092; x_wconf 80' lang='grc' dir='ltr'>πατριάρχης</span> <span class='ocrx_word' id='word_1_134' title='bbox 234 2019 283 2087; x_wconf 78' lang='grc' dir='ltr'>τῆς</span> <span class='ocrx_word' id='word_1_135' title='bbox 313 2010 536 2088; x_wconf 75' lang='grc' dir='ltr'>μεγαλοπόλεως</span> <span class='ocrx_word' id='word_1_136' title='bbox 564 2005 780 2089; x_wconf 74' lang='grc' dir='ltr'>Ἀλεξανδρείας</span> <span class='ocrx_word' id='word_1_137' title='bbox 814 2009 860 2070; x_wconf 84' lang='grc' dir='ltr'>καί</span> <span class='ocrx_word' id='word_1_138' title='bbox 892 2011 1055 2090; x_wconf 75' lang='grc' dir='ltr'>ἐπιπηρητὴς</span> <span class='ocrx_word' id='word_1_139' title='bbox 1085 2017 1131 2071; x_wconf 91' lang='grc' dir='ltr'>τοῦ</span> <span class='ocrx_word' id='word_1_140' title='bbox 1161 2010 1332 2088; x_wconf 73' lang='grc' dir='ltr'>οἰκονομικοῦ</span> 
     </span>
    </p>
   </div>
   <div class='ocr_carea' id='block_1_3' title="bbox 37 2129 1331 2214">
    <p class='ocr_par' dir='ltr' id='par_1_3' title="bbox 37 2129 1331 2214">
     <span class='ocr_line' id='line_1_15' title="bbox 37 2129 1331 2214; baseline 0.002 -22"><span class='ocrx_word' id='word_1_141' title='bbox 37 2137 137 2214; x_wconf 71' lang='grc' dir='ltr'>θρόνου,</span> <span class='ocrx_word' id='word_1_142' title='bbox 161 2131 208 2194; x_wconf 88' lang='grc' dir='ltr'>καί</span> <span class='ocrx_word' id='word_1_143' title='bbox 230 2133 245 2192; x_wconf 81' lang='grc' dir='ltr'>ὁ</span> <span class='ocrx_word' id='word_1_144' title='bbox 267 2137 317 2212; x_wconf 90' lang='grc' dir='ltr'>κῦρ</span> <span class='ocrx_word' id='word_1_145' title='bbox 340 2133 475 2200; x_wconf 65' lang='grc' dir='ltr'>Διονύσιος</span> <span class='ocrx_word' id='word_1_146' title='bbox 502 2129 549 2190; x_wconf 87' lang='grc' dir='ltr'>καί</span> <span class='ocrx_word' id='word_1_147' title='bbox 578 2130 662 2190; x_wconf 78' lang='grc' dir='ltr'>ἀλλοι</span> <span class='ocrx_word' id='word_1_148' title='bbox 685 2135 920 2211; x_wconf 82' lang='grc' dir='ltr'>μεταγενέστεροι,</span> <span class='ocrx_word' id='word_1_149' title='bbox 949 2134 994 2192; x_wconf 78' lang='grc' dir='ltr'>ὅτε</span> <span class='ocrx_word' id='word_1_150' title='bbox 1017 2137 1066 2212; x_wconf 84' lang='grc' dir='ltr'>κύρ</span> <span class='ocrx_word' id='word_1_151' title='bbox 1090 2133 1241 2214; x_wconf 79' lang='grc' dir='ltr'>Ἱερεμίας,</span> <span class='ocrx_word' id='word_1_152' title='bbox 1265 2155 1331 2214; x_wconf 88' lang='grc' dir='ltr'>συγ-</span> 
     </span>
    </p>
   </div>
   <div class='ocr_carea' id='block_1_4' title="bbox 38 2236 1333 2332">
    <p class='ocr_par' dir='ltr' id='par_1_4' title="bbox 38 2236 1333 2332">
     <span class='ocr_line' id='line_1_16' title="bbox 38 2236 1333 2332; baseline 0.002 -18"><span class='ocrx_word' id='word_1_153' title='bbox 38 2257 205 2330; x_wconf 82' lang='grc' dir='ltr'>·ιοινοβιάτης</span> <span class='ocrx_word' id='word_1_154' title='bbox 233 2257 280 2314; x_wconf 87' lang='grc' dir='ltr'>τοῦ</span> <span class='ocrx_word' id='word_1_155' title='bbox 311 2236 403 2314; x_wconf 71' lang='grc' dir='ltr'>αὐτοῦ’</span> <span class='ocrx_word' id='word_1_156' title='bbox 420 2253 609 2332; x_wconf 86' lang='grc' dir='ltr'>μοναστηρίου,</span> <span class='ocrx_word' id='word_1_157' title='bbox 637 2251 684 2312; x_wconf 87' lang='grc' dir='ltr'>καί</span> <span class='ocrx_word' id='word_1_158' title='bbox 714 2256 728 2312; x_wconf 87' lang='grc' dir='ltr'>ὁ</span> <span class='ocrx_word' id='word_1_159' title='bbox 755 2257 804 2331; x_wconf 90' lang='grc' dir='ltr'>κῦρ</span> <span class='ocrx_word' id='word_1_160' title='bbox 828 2255 964 2332; x_wconf 79' lang='grc' dir='ltr'>Νεόφυτος</span> <span class='ocrx_word' id='word_1_161' title='bbox 991 2257 1053 2316; x_wconf 79' lang='grc' dir='ltr'>κατ’</span> <span class='ocrx_word' id='word_1_162' title='bbox 1077 2257 1143 2316; x_wconf 76' lang='grc' dir='ltr'>αὐτὰ</span> <span class='ocrx_word' id='word_1_163' title='bbox 1172 2261 1228 2328; x_wconf 82' lang='grc' dir='ltr'>τοῖς</span> <span class='ocrx_word' id='word_1_164' title='bbox 1256 2255 1333 2330; x_wconf 84' lang='grc' dir='ltr'>ἰδίοις</span> 
     </span>
    </p>
   </div>
   <div class='ocr_carea' id='block_1_5' title="bbox 35 2375 1333 4642">
    <p class='ocr_par' dir='ltr' id='par_1_5' title="bbox 35 2375 1333 4642">
     <span class='ocr_line' id='line_1_17' title="bbox 39 2375 1333 2456; baseline 0.002 -22"><span class='ocrx_word' id='word_1_165' title='bbox 39 2377 120 2434; x_wconf 71' lang='grc' dir='ltr'>αὐτῶν</span> <span class='ocrx_word' id='word_1_166' title='bbox 155 2375 357 2453; x_wconf 81' lang='grc' dir='ltr'>σιγιλλιύδεσιν</span> <span class='ocrx_word' id='word_1_167' title='bbox 391 2375 565 2449; x_wconf 75' lang='grc' dir='ltr'>ὑπομνήμασι</span> <span class='ocrx_word' id='word_1_168' title='bbox 598 2375 631 2434; x_wconf 83' lang='grc' dir='ltr'>τὰ</span> <span class='ocrx_word' id='word_1_169' title='bbox 664 2379 800 2456; x_wconf 81' lang='grc' dir='ltr'>προνάμια</span> <span class='ocrx_word' id='word_1_170' title='bbox 834 2380 881 2436; x_wconf 92' lang='grc' dir='ltr'>τοῦ</span> <span class='ocrx_word' id='word_1_171' title='bbox 914 2375 987 2456; x_wconf 85' lang='grc' dir='ltr'>ἱεροῦ</span> <span class='ocrx_word' id='word_1_172' title='bbox 1022 2378 1115 2436; x_wconf 85' lang='grc' dir='ltr'>τούτου</span> <span class='ocrx_word' id='word_1_173' title='bbox 1153 2377 1333 2456; x_wconf 86' lang='grc' dir='ltr'>μονασιηρίου</span> 
     </span>
     <span class='ocr_line' id='line_1_18' title="bbox 38 2495 1331 2579; baseline 0.003 -24"><span class='ocrx_word' id='word_1_174' title='bbox 38 2500 121 2556; x_wconf 82' lang='grc' dir='ltr'>σθένει</span> <span class='ocrx_word' id='word_1_175' title='bbox 146 2495 227 2557; x_wconf 85' lang='grc' dir='ltr'>παντὶ</span> <span class='ocrx_word' id='word_1_176' title='bbox 255 2497 470 2576; x_wconf 80' lang='grc' dir='ltr'>διεκρατύναντο,</span> <span class='ocrx_word' id='word_1_177' title='bbox 500 2499 774 2577; x_wconf 86' lang='grc' dir='ltr'>προσεπικυρούμενοι</span> <span class='ocrx_word' id='word_1_178' title='bbox 803 2498 837 2557; x_wconf 88' lang='grc' dir='ltr'>τά</span> <span class='ocrx_word' id='word_1_179' title='bbox 867 2503 920 2558; x_wconf 85' lang='grc' dir='ltr'>τῶν</span> <span class='ocrx_word' id='word_1_180' title='bbox 947 2501 1168 2579; x_wconf 84' lang='grc' dir='ltr'>προγενεστέρων</span> <span class='ocrx_word' id='word_1_181' title='bbox 1195 2499 1220 2559; x_wconf 93' lang='grc' dir='ltr'>σί</span> <span class='ocrx_word' id='word_1_182' title='bbox 1243 2521 1331 2574; x_wconf 90' lang='grc' dir='ltr'>μετα-</span> 
     </span>
     <span class='ocr_line' id='line_1_19' title="bbox 37 2615 1332 2701; baseline 0.002 -23"><span class='ocrx_word' id='word_1_183' title='bbox 37 2623 187 2700; x_wconf 84' lang='grc' dir='ltr'>γενέστεροι</span> <span class='ocrx_word' id='word_1_184' title='bbox 218 2621 299 2700; x_wconf 90' lang='grc' dir='ltr'>χάριν</span> <span class='ocrx_word' id='word_1_185' title='bbox 331 2619 491 2696; x_wconf 83' lang='grc' dir='ltr'>εῦλαβείας,</span> <span class='ocrx_word' id='word_1_186' title='bbox 524 2617 722 2696; x_wconf 83' lang='grc' dir='ltr'>σεμνολάγημα</span> <span class='ocrx_word' id='word_1_187' title='bbox 751 2623 835 2679; x_wconf 89' lang='grc' dir='ltr'>ταῦτα</span> <span class='ocrx_word' id='word_1_188' title='bbox 861 2621 1011 2698; x_wconf 82' lang='grc' dir='ltr'>φάσκοντες</span> <span class='ocrx_word' id='word_1_189' title='bbox 1042 2615 1110 2680; x_wconf 83' lang='grc' dir='ltr'>είναι</span> <span class='ocrx_word' id='word_1_190' title='bbox 1137 2627 1170 2701; x_wconf 71' lang='grc' dir='ltr'>τῇ</span> <span class='ocrx_word' id='word_1_191' title='bbox 1196 2619 1332 2701; x_wconf 82' lang='grc' dir='ltr'>περιδύξῳ</span> 
     </span>
     <span class='ocr_line' id='line_1_20' title="bbox 36 2738 1331 2822; baseline 0.003 -24"><span class='ocrx_word' id='word_1_192' title='bbox 36 2742 113 2822; x_wconf 74' lang='grc' dir='ltr'>ταύτῃ</span> <span class='ocrx_word' id='word_1_193' title='bbox 137 2745 208 2820; x_wconf 72' lang='grc' dir='ltr'>μονῇ</span> <span class='ocrx_word' id='word_1_194' title='bbox 230 2738 436 2820; x_wconf 82' lang='grc' dir='ltr'>προσαρμοσθὲν</span> <span class='ocrx_word' id='word_1_195' title='bbox 459 2741 509 2800; x_wconf 80' lang='grc' dir='ltr'>ύπδ</span> <span class='ocrx_word' id='word_1_196' title='bbox 532 2739 677 2816; x_wconf 79' lang='grc' dir='ltr'>βασιλικῆς</span> <span class='ocrx_word' id='word_1_197' title='bbox 701 2741 840 2815; x_wconf 71' lang='grc' dir='ltr'>εὐσεβείας</span> <span class='ocrx_word' id='word_1_198' title='bbox 864 2741 910 2800; x_wconf 87' lang='grc' dir='ltr'>διά</span> <span class='ocrx_word' id='word_1_199' title='bbox 928 2741 958 2800; x_wconf 83' lang='grc' dir='ltr'>τδ</span> <span class='ocrx_word' id='word_1_200' title='bbox 980 2741 1026 2800; x_wconf 78' lang='grc' dir='ltr'>τον</span> <span class='ocrx_word' id='word_1_201' title='bbox 1050 2741 1203 2816; x_wconf 80' lang='grc' dir='ltr'>ἐπιστηθιον</span> <span class='ocrx_word' id='word_1_202' title='bbox 1227 2743 1331 2804; x_wconf 79' lang='grc' dir='ltr'>ἐκεῖνον</span> 
     </span>
     <span class='ocr_line' id='line_1_21' title="bbox 37 2859 1331 2943; baseline 0.004 -23"><span class='ocrx_word' id='word_1_203' title='bbox 37 2863 156 2940; x_wconf 76' lang='grc' dir='ltr'>μαθητὴν</span> <span class='ocrx_word' id='word_1_204' title='bbox 178 2859 227 2922; x_wconf 86' lang='grc' dir='ltr'>καί</span> <span class='ocrx_word' id='word_1_205' title='bbox 250 2861 402 2920; x_wconf 80' lang='grc' dir='ltr'>άπάστολον</span> <span class='ocrx_word' id='word_1_206' title='bbox 426 2861 556 2936; x_wconf 77' lang='grc' dir='ltr'>Ἰωάννην</span> <span class='ocrx_word' id='word_1_207' title='bbox 578 2861 624 2920; x_wconf 73' lang='grc' dir='ltr'>τὸν</span> <span class='ocrx_word' id='word_1_208' title='bbox 647 2859 791 2939; x_wconf 81' lang='grc' dir='ltr'>Θεολίγον</span> <span class='ocrx_word' id='word_1_209' title='bbox 821 2861 849 2920; x_wconf 85' lang='grc' dir='ltr'>ἐν</span> <span class='ocrx_word' id='word_1_210' title='bbox 872 2863 938 2942; x_wconf 83' lang='grc' dir='ltr'>αύτῄ</span> <span class='ocrx_word' id='word_1_211' title='bbox 961 2865 994 2941; x_wconf 69' lang='grc' dir='ltr'>τῇ</span> <span class='ocrx_word' id='word_1_212' title='bbox 1016 2864 1092 2940; x_wconf 78' lang='grc' dir='ltr'>νήσῳ</span> <span class='ocrx_word' id='word_1_213' title='bbox 1113 2864 1144 2921; x_wconf 76' lang='grc' dir='ltr'>τ“ο</span> <span class='ocrx_word' id='word_1_214' title='bbox 1167 2863 1239 2942; x_wconf 79' lang='grc' dir='ltr'>ίερδν</span> <span class='ocrx_word' id='word_1_215' title='bbox 1262 2886 1331 2943; x_wconf 91' lang='grc' dir='ltr'>συγ-</span> 
     </span>
     <span class='ocr_line' id='line_1_22' title="bbox 36 2981 1332 3063; baseline 0.002 -21"><span class='ocrx_word' id='word_1_216' title='bbox 36 2987 185 3061; x_wconf 78' lang='grc' dir='ltr'>γράύασύαι</span> <span class='ocrx_word' id='word_1_217' title='bbox 213 2982 389 3060; x_wconf 75' lang='grc' dir='ltr'>εὐαγγέλιον,</span> <span class='ocrx_word' id='word_1_218' title='bbox 416 2983 464 3040; x_wconf 84' lang='grc' dir='ltr'>καί</span> <span class='ocrx_word' id='word_1_219' title='bbox 489 2983 557 3060; x_wconf 71' lang='grc' dir='ltr'>πρὸς</span> <span class='ocrx_word' id='word_1_220' title='bbox 579 2983 609 3042; x_wconf 75' lang='grc' dir='ltr'>το</span> <span class='ocrx_word' id='word_1_221' title='bbox 632 2981 773 3056; x_wconf 68' lang='grc' dir='ltr'>βασιλικὸν</span> <span class='ocrx_word' id='word_1_222' title='bbox 795 2981 1002 3060; x_wconf 80' lang='grc' dir='ltr'>χρυσόβουλλον</span> <span class='ocrx_word' id='word_1_223' title='bbox 1030 2981 1198 3056; x_wconf 73' lang='grc' dir='ltr'>ἀτενίζοντες</span> <span class='ocrx_word' id='word_1_224' title='bbox 1226 2985 1332 3063; x_wconf 87' lang='grc' dir='ltr'>συνῳδά</span> 
     </span>
     <span class='ocr_line' id='line_1_23' title="bbox 36 3099 1329 3184; baseline 0.002 -21"><span class='ocrx_word' id='word_1_225' title='bbox 36 3106 127 3184; x_wconf 80' lang='grc' dir='ltr'>ἐκείνῳ</span> <span class='ocrx_word' id='word_1_226' title='bbox 152 3103 358 3164; x_wconf 72' lang='grc' dir='ltr'>διακελεύονται</span> <span class='ocrx_word' id='word_1_227' title='bbox 385 3103 434 3178; x_wconf 82' lang='grc' dir='ltr'>τὴν</span> <span class='ocrx_word' id='word_1_228' title='bbox 457 3102 608 3178; x_wconf 82' lang='grc' dir='ltr'>σεβασμίαν</span> <span class='ocrx_word' id='word_1_229' title='bbox 631 3104 729 3178; x_wconf 83' lang='grc' dir='ltr'>ταύτην</span> <span class='ocrx_word' id='word_1_230' title='bbox 752 3104 838 3176; x_wconf 80' lang='grc' dir='ltr'>μονὴν</span> <span class='ocrx_word' id='word_1_231' title='bbox 862 3102 1056 3164; x_wconf 83' lang='grc' dir='ltr'>πύτοδέσποτον</span> <span class='ocrx_word' id='word_1_232' title='bbox 1080 3099 1150 3162; x_wconf 78' lang='grc' dir='ltr'>εἶναι</span> <span class='ocrx_word' id='word_1_233' title='bbox 1177 3107 1239 3164; x_wconf 84' lang='grc' dir='ltr'>καθ’</span> <span class='ocrx_word' id='word_1_234' title='bbox 1264 3107 1329 3164; x_wconf 87' lang='grc' dir='ltr'>ἑαυ-</span> 
     </span>
     <span class='ocr_line' id='line_1_24' title="bbox 35 3226 1330 3308; baseline 0.003 -24"><span class='ocrx_word' id='word_1_235' title='bbox 35 3231 90 3305; x_wconf 79' lang='grc' dir='ltr'>την,</span> <span class='ocrx_word' id='word_1_236' title='bbox 118 3231 164 3288; x_wconf 80' lang='grc' dir='ltr'>τάν</span> <span class='ocrx_word' id='word_1_237' title='bbox 192 3247 222 3286; x_wconf 89' lang='grc' dir='ltr'>τε</span> <span class='ocrx_word' id='word_1_238' title='bbox 251 3233 440 3301; x_wconf 82' lang='grc' dir='ltr'>πνευματικῶς</span> <span class='ocrx_word' id='word_1_239' title='bbox 470 3229 667 3306; x_wconf 84' lang='grc' dir='ltr'>προϊστάμενον</span> <span class='ocrx_word' id='word_1_240' title='bbox 699 3231 754 3286; x_wconf 82' lang='grc' dir='ltr'>τιῖιν</span> <span class='ocrx_word' id='word_1_241' title='bbox 789 3226 818 3286; x_wconf 84' lang='grc' dir='ltr'>ἐν</span> <span class='ocrx_word' id='word_1_242' title='bbox 849 3228 915 3308; x_wconf 73' lang='grc' dir='ltr'>αὐιῄ</span> <span class='ocrx_word' id='word_1_243' title='bbox 946 3229 1169 3302; x_wconf 86' lang='grc' dir='ltr'>συνασκουμένων</span> <span class='ocrx_word' id='word_1_244' title='bbox 1200 3237 1330 3306; x_wconf 85' lang='grc' dir='ltr'>μοναχῶν</span> 
     </span>
     <span class='ocr_line' id='line_1_25' title="bbox 36 3343 1329 3430; baseline 0.002 -24"><span class='ocrx_word' id='word_1_245' title='bbox 36 3347 129 3424; x_wconf 80' lang='grc' dir='ltr'>μηδενί</span> <span class='ocrx_word' id='word_1_246' title='bbox 160 3367 228 3408; x_wconf 88' lang='grc' dir='ltr'>ποτε</span> <span class='ocrx_word' id='word_1_247' title='bbox 261 3349 398 3425; x_wconf 80' lang='grc' dir='ltr'>προσώπῳ</span> <span class='ocrx_word' id='word_1_248' title='bbox 432 3345 610 3421; x_wconf 87' lang='grc' dir='ltr'>ύπσκείμενον</span> <span class='ocrx_word' id='word_1_249' title='bbox 645 3343 723 3428; x_wconf 79' lang='grc' dir='ltr'>εἶναι,</span> <span class='ocrx_word' id='word_1_250' title='bbox 757 3346 817 3406; x_wconf 79' lang='grc' dir='ltr'>ούιε</span> <span class='ocrx_word' id='word_1_251' title='bbox 849 3346 1069 3425; x_wconf 65' lang='grc' dir='ltr'>ἐκκλησιαστινιξι</span> <span class='ocrx_word' id='word_1_252' title='bbox 1103 3346 1163 3408; x_wconf 86' lang='grc' dir='ltr'>οὔτε</span> <span class='ocrx_word' id='word_1_253' title='bbox 1195 3349 1329 3430; x_wconf 86' lang='grc' dir='ltr'>κοσμικῷ,</span> 
     </span>
     <span class='ocr_line' id='line_1_26' title="bbox 37 3469 1330 3549; baseline 0.002 -21"><span class='ocrx_word' id='word_1_254' title='bbox 37 3473 116 3544; x_wconf 71' lang='grc' dir='ltr'>μάνην</span> <span class='ocrx_word' id='word_1_255' title='bbox 136 3469 167 3530; x_wconf 83' lang='grc' dir='ltr'>δὲ</span> <span class='ocrx_word' id='word_1_256' title='bbox 187 3471 236 3544; x_wconf 82' lang='grc' dir='ltr'>τὴν</span> <span class='ocrx_word' id='word_1_257' title='bbox 250 3469 448 3548; x_wconf 79' lang='grc' dir='ltr'>πατριαρχικὴν</span> <span class='ocrx_word' id='word_1_258' title='bbox 472 3469 677 3546; x_wconf 81' lang='grc' dir='ltr'>μεγαλιιάτητα</span> <span class='ocrx_word' id='word_1_259' title='bbox 698 3469 824 3547; x_wconf 83' lang='grc' dir='ltr'>κεφαλὴν</span> <span class='ocrx_word' id='word_1_260' title='bbox 848 3469 1024 3547; x_wconf 85' lang='grc' dir='ltr'>ἑπιγνώοκειν</span> <span class='ocrx_word' id='word_1_261' title='bbox 1045 3473 1239 3546; x_wconf 72' lang='grc' dir='ltr'>πνευματικήν.</span> <span class='ocrx_word' id='word_1_262' title='bbox 1262 3473 1330 3549; x_wconf 77' lang='grc' dir='ltr'>προς</span> 
     </span>
     <span class='ocr_line' id='line_1_27' title="bbox 37 3588 1330 3674; baseline 0.003 -25"><span class='ocrx_word' id='word_1_263' title='bbox 37 3590 64 3650; x_wconf 81' lang='grc' dir='ltr'>δὲ</span> <span class='ocrx_word' id='word_1_264' title='bbox 79 3599 110 3674; x_wconf 67' lang='grc' dir='ltr'>τῇ,</span> <span class='ocrx_word' id='word_1_265' title='bbox 128 3599 178 3668; x_wconf 79' lang='grc' dir='ltr'>τῆς</span> <span class='ocrx_word' id='word_1_266' title='bbox 200 3598 286 3668; x_wconf 84' lang='grc' dir='ltr'>μονῆς</span> <span class='ocrx_word' id='word_1_267' title='bbox 306 3592 441 3671; x_wconf 77' lang='grc' dir='ltr'>κυριοτητι</span> <span class='ocrx_word' id='word_1_268' title='bbox 461 3588 597 3669; x_wconf 74' lang='grc' dir='ltr'>διεξάγειν</span> <span class='ocrx_word' id='word_1_269' title='bbox 620 3592 699 3650; x_wconf 80' lang='grc' dir='ltr'>αύτον</span> <span class='ocrx_word' id='word_1_270' title='bbox 721 3595 911 3664; x_wconf 80' lang='grc' dir='ltr'>πνευματικῶς</span> <span class='ocrx_word' id='word_1_271' title='bbox 933 3588 980 3650; x_wconf 89' lang='grc' dir='ltr'>καί</span> <span class='ocrx_word' id='word_1_272' title='bbox 1001 3593 1106 3663; x_wconf 77' lang='grc' dir='ltr'>πάντας</span> <span class='ocrx_word' id='word_1_273' title='bbox 1128 3593 1190 3662; x_wconf 78' lang='grc' dir='ltr'>τοὺς</span> <span class='ocrx_word' id='word_1_274' title='bbox 1212 3592 1240 3652; x_wconf 85' lang='grc' dir='ltr'>ἐν</span> <span class='ocrx_word' id='word_1_275' title='bbox 1264 3593 1330 3674; x_wconf 74' lang='grc' dir='ltr'>αὐτῇ</span> 
     </span>
     <span class='ocr_line' id='line_1_28' title="bbox 37 3710 1330 3794; baseline 0.001 -21"><span class='ocrx_word' id='word_1_276' title='bbox 37 3723 66 3792; x_wconf 75' lang='grc' dir='ltr'>τῇ</span> <span class='ocrx_word' id='word_1_277' title='bbox 88 3717 159 3794; x_wconf 79' lang='grc' dir='ltr'>νήσῳ</span> <span class='ocrx_word' id='word_1_278' title='bbox 183 3713 322 3786; x_wconf 80' lang='grc' dir='ltr'>οἰκοῦντας</span> <span class='ocrx_word' id='word_1_279' title='bbox 345 3712 516 3792; x_wconf 84' lang='grc' dir='ltr'>χριοτιανούς</span> <span class='ocrx_word' id='word_1_280' title='bbox 538 3711 584 3772; x_wconf 88' lang='grc' dir='ltr'>καί</span> <span class='ocrx_word' id='word_1_281' title='bbox 606 3710 711 3784; x_wconf 87' lang='grc' dir='ltr'>πάντας</span> <span class='ocrx_word' id='word_1_282' title='bbox 733 3712 794 3782; x_wconf 80' lang='grc' dir='ltr'>τοὺς</span> <span class='ocrx_word' id='word_1_283' title='bbox 816 3713 1059 3790; x_wconf 82' lang='grc' dir='ltr'>προσκαθημένους</span> <span class='ocrx_word' id='word_1_284' title='bbox 1082 3711 1111 3772; x_wconf 84' lang='grc' dir='ltr'>ἐν</span> <span class='ocrx_word' id='word_1_285' title='bbox 1133 3715 1189 3785; x_wconf 85' lang='grc' dir='ltr'>τοῖς</span> <span class='ocrx_word' id='word_1_286' title='bbox 1212 3717 1330 3789; x_wconf 74' lang='grc' dir='ltr'>κπίμασι</span> 
     </span>
     <span class='ocr_line' id='line_1_29' title="bbox 36 3827 1329 3913; baseline 0.002 -21"><span class='ocrx_word' id='word_1_287' title='bbox 36 3832 80 3892; x_wconf 79' lang='grc' dir='ltr'>καί</span> <span class='ocrx_word' id='word_1_288' title='bbox 101 3836 255 3913; x_wconf 85' lang='grc' dir='ltr'>μετοχείοις</span> <span class='ocrx_word' id='word_1_289' title='bbox 276 3839 326 3911; x_wconf 83' lang='grc' dir='ltr'>τῆς</span> <span class='ocrx_word' id='word_1_290' title='bbox 349 3841 435 3910; x_wconf 80' lang='grc' dir='ltr'>μονῆς</span> <span class='ocrx_word' id='word_1_291' title='bbox 456 3827 503 3894; x_wconf 86' lang='grc' dir='ltr'>καί</span> <span class='ocrx_word' id='word_1_292' title='bbox 525 3836 634 3893; x_wconf 87' lang='grc' dir='ltr'>πάντων</span> <span class='ocrx_word' id='word_1_293' title='bbox 658 3833 732 3910; x_wconf 83' lang='grc' dir='ltr'>ἔχειν</span> <span class='ocrx_word' id='word_1_294' title='bbox 754 3833 803 3908; x_wconf 81' lang='grc' dir='ltr'>τὴν</span> <span class='ocrx_word' id='word_1_295' title='bbox 825 3834 1008 3908; x_wconf 84' lang='grc' dir='ltr'>πνευματικὴν</span> <span class='ocrx_word' id='word_1_296' title='bbox 1032 3833 1170 3913; x_wconf 78' lang='grc' dir='ltr'>ἀνάκρισιν</span> <span class='ocrx_word' id='word_1_297' title='bbox 1193 3832 1240 3892; x_wconf 86' lang='grc' dir='ltr'>καὶ</span> <span class='ocrx_word' id='word_1_298' title='bbox 1262 3833 1329 3895; x_wconf 81' lang='grc' dir='ltr'>διοί-</span> 
     </span>
     <span class='ocr_line' id='line_1_30' title="bbox 37 3953 1330 4034; baseline 0 -22"><span class='ocrx_word' id='word_1_299' title='bbox 37 3977 108 4028; x_wconf 84' lang='grc' dir='ltr'>κησιν</span> <span class='ocrx_word' id='word_1_300' title='bbox 133 3955 181 4016; x_wconf 89' lang='grc' dir='ltr'>καί</span> <span class='ocrx_word' id='word_1_301' title='bbox 207 3956 360 4032; x_wconf 89' lang='grc' dir='ltr'>ποιμαίνειν</span> <span class='ocrx_word' id='word_1_302' title='bbox 383 3956 477 4028; x_wconf 76' lang='grc' dir='ltr'>αότοὺς</span> <span class='ocrx_word' id='word_1_303' title='bbox 498 3961 688 4029; x_wconf 82' lang='grc' dir='ltr'>πνευματικῶς</span> <span class='ocrx_word' id='word_1_304' title='bbox 710 3955 782 4014; x_wconf 87' lang='grc' dir='ltr'>κατὰ</span> <span class='ocrx_word' id='word_1_305' title='bbox 804 3955 852 4030; x_wconf 79' lang='grc' dir='ltr'>τὴν</span> <span class='ocrx_word' id='word_1_306' title='bbox 876 3955 987 4014; x_wconf 84' lang='grc' dir='ltr'>ἐνοῦσαν</span> <span class='ocrx_word' id='word_1_307' title='bbox 1010 3953 1082 4032; x_wconf 77' lang='grc' dir='ltr'>αύτῷ</span> <span class='ocrx_word' id='word_1_308' title='bbox 1105 3953 1245 4034; x_wconf 83' lang='grc' dir='ltr'>διάκρισιν,</span> <span class='ocrx_word' id='word_1_309' title='bbox 1272 3976 1330 4030; x_wconf 87' lang='grc' dir='ltr'>μη-</span> 
     </span>
     <span class='ocr_line' id='line_1_31' title="bbox 38 4071 1329 4158; baseline -0.005 -20"><span class='ocrx_word' id='word_1_310' title='bbox 38 4077 99 4138; x_wconf 74' lang='grc' dir='ltr'>δένα</span> <span class='ocrx_word' id='word_1_311' title='bbox 129 4099 158 4139; x_wconf 91' lang='grc' dir='ltr'>τε</span> <span class='ocrx_word' id='word_1_312' title='bbox 189 4083 243 4138; x_wconf 85' lang='grc' dir='ltr'>τῶν</span> <span class='ocrx_word' id='word_1_313' title='bbox 278 4077 429 4158; x_wconf 79' lang='grc' dir='ltr'>ἀρχιερέων</span> <span class='ocrx_word' id='word_1_314' title='bbox 459 4071 629 4157; x_wconf 85' lang='grc' dir='ltr'>παρείσδυσίν</span> <span class='ocrx_word' id='word_1_315' title='bbox 659 4096 719 4136; x_wconf 89' lang='grc' dir='ltr'>τινα</span> <span class='ocrx_word' id='word_1_316' title='bbox 748 4076 897 4152; x_wconf 68' lang='grc' dir='ltr'>κεκτηοθαι</span> <span class='ocrx_word' id='word_1_317' title='bbox 926 4077 957 4136; x_wconf 76' lang='grc' dir='ltr'>τ“ο</span> <span class='ocrx_word' id='word_1_318' title='bbox 986 4078 1114 4156; x_wconf 89' lang='grc' dir='ltr'>παράπαν</span> <span class='ocrx_word' id='word_1_319' title='bbox 1145 4073 1205 4134; x_wconf 75' lang='grc' dir='ltr'>οὔτε</span> <span class='ocrx_word' id='word_1_320' title='bbox 1238 4076 1266 4135; x_wconf 90' lang='grc' dir='ltr'>ἐν</span> <span class='ocrx_word' id='word_1_321' title='bbox 1296 4083 1329 4158; x_wconf 71' lang='grc' dir='ltr'>τῇ</span> 
     </span>
     <span class='ocr_line' id='line_1_32' title="bbox 37 4197 1329 4278; baseline -0.002 -18"><span class='ocrx_word' id='word_1_322' title='bbox 37 4205 102 4278; x_wconf 81' lang='grc' dir='ltr'>μονῇ</span> <span class='ocrx_word' id='word_1_323' title='bbox 130 4199 190 4260; x_wconf 81' lang='grc' dir='ltr'>οὔτε</span> <span class='ocrx_word' id='word_1_324' title='bbox 221 4201 249 4260; x_wconf 87' lang='grc' dir='ltr'>ἔν</span> <span class='ocrx_word' id='word_1_325' title='bbox 273 4220 322 4259; x_wconf 90' lang='grc' dir='ltr'>τινι</span> <span class='ocrx_word' id='word_1_326' title='bbox 349 4205 403 4257; x_wconf 84' lang='grc' dir='ltr'>τῶν</span> <span class='ocrx_word' id='word_1_327' title='bbox 430 4199 480 4258; x_wconf 76' lang='grc' dir='ltr'>ύπδ</span> <span class='ocrx_word' id='word_1_328' title='bbox 506 4199 555 4276; x_wconf 76' lang='grc' dir='ltr'>τἠν</span> <span class='ocrx_word' id='word_1_329' title='bbox 583 4199 668 4273; x_wconf 77' lang='grc' dir='ltr'>μονὴν</span> <span class='ocrx_word' id='word_1_330' title='bbox 695 4198 847 4257; x_wconf 79' lang='grc' dir='ltr'>τελούντων</span> <span class='ocrx_word' id='word_1_331' title='bbox 874 4199 1030 4276; x_wconf 80' lang='grc' dir='ltr'>κτημάτων,</span> <span class='ocrx_word' id='word_1_332' title='bbox 1059 4197 1121 4257; x_wconf 82' lang='grc' dir='ltr'>ούδέ</span> <span class='ocrx_word' id='word_1_333' title='bbox 1144 4218 1167 4256; x_wconf 89' lang='grc' dir='ltr'>τι</span> <span class='ocrx_word' id='word_1_334' title='bbox 1195 4197 1329 4278; x_wconf 85' lang='grc' dir='ltr'>ἀρχιερα-</span> 
     </span>
     <span class='ocr_line' id='line_1_33' title="bbox 37 4317 1329 4400; baseline 0.002 -24"><span class='ocrx_word' id='word_1_335' title='bbox 37 4321 106 4378; x_wconf 78' lang='grc' dir='ltr'>τικον</span> <span class='ocrx_word' id='word_1_336' title='bbox 131 4323 174 4380; x_wconf 72' lang='grc' dir='ltr'>ὕπ’</span> <span class='ocrx_word' id='word_1_337' title='bbox 199 4323 289 4391; x_wconf 85' lang='grc' dir='ltr'>αύτοῖς</span> <span class='ocrx_word' id='word_1_338' title='bbox 316 4319 513 4400; x_wconf 86' lang='grc' dir='ltr'>διενεργεῖοθαι</span> <span class='ocrx_word' id='word_1_339' title='bbox 539 4318 737 4398; x_wconf 88' lang='grc' dir='ltr'>λειτούργημα,</span> <span class='ocrx_word' id='word_1_340' title='bbox 764 4317 832 4376; x_wconf 88' lang='grc' dir='ltr'>ἀλλ’</span> <span class='ocrx_word' id='word_1_341' title='bbox 857 4317 973 4376; x_wconf 82' lang='grc' dir='ltr'>εἴποτε</span> <span class='ocrx_word' id='word_1_342' title='bbox 1002 4317 1152 4397; x_wconf 82' lang='grc' dir='ltr'>ἀρχιερέως</span> <span class='ocrx_word' id='word_1_343' title='bbox 1180 4318 1290 4394; x_wconf 86' lang='grc' dir='ltr'>δεηθείη</span> <span class='ocrx_word' id='word_1_344' title='bbox 1314 4322 1329 4378; x_wconf 86' lang='grc' dir='ltr'>ὁ</span> 
     </span>
     <span class='ocr_line' id='line_1_34' title="bbox 36 4433 1329 4523; baseline -0.002 -23"><span class='ocrx_word' id='word_1_345' title='bbox 36 4442 103 4500; x_wconf 74' lang='grc' dir='ltr'>κατὰ</span> <span class='ocrx_word' id='word_1_346' title='bbox 129 4443 240 4523; x_wconf 82' lang='grc' dir='ltr'>καιρούς</span> <span class='ocrx_word' id='word_1_347' title='bbox 271 4442 479 4520; x_wconf 80' lang='grc' dir='ltr'>καθηγούμενος</span> <span class='ocrx_word' id='word_1_348' title='bbox 506 4439 550 4500; x_wconf 80' lang='grc' dir='ltr'>διὰ</span> <span class='ocrx_word' id='word_1_349' title='bbox 576 4439 745 4521; x_wconf 87' lang='grc' dir='ltr'>χειροτονίαν</span> <span class='ocrx_word' id='word_1_350' title='bbox 772 4442 790 4514; x_wconf 80' lang='grc' dir='ltr'>ἤ</span> <span class='ocrx_word' id='word_1_351' title='bbox 819 4439 910 4512; x_wconf 83' lang='grc' dir='ltr'>ἀλλην</span> <span class='ocrx_word' id='word_1_352' title='bbox 940 4433 1113 4516; x_wconf 79' lang='grc' dir='ltr'>ίεροπραξίσιν</span> <span class='ocrx_word' id='word_1_353' title='bbox 1141 4441 1210 4516; x_wconf 90' lang='grc' dir='ltr'>τινά,</span> <span class='ocrx_word' id='word_1_354' title='bbox 1240 4459 1329 4516; x_wconf 88' lang='grc' dir='ltr'>μετα-</span> 
     </span>
     <span class='ocr_line' id='line_1_35' title="bbox 37 4555 1330 4642; baseline -0.002 -22"><span class='ocrx_word' id='word_1_355' title='bbox 37 4561 150 4638; x_wconf 82' lang='grc' dir='ltr'>καλῆται</span> <span class='ocrx_word' id='word_1_356' title='bbox 166 4567 255 4624; x_wconf 75' lang='grc' dir='ltr'>ὅντινα</span> <span class='ocrx_word' id='word_1_357' title='bbox 274 4569 329 4622; x_wconf 85' lang='grc' dir='ltr'>τῶν</span> <span class='ocrx_word' id='word_1_358' title='bbox 352 4562 503 4642; x_wconf 85' lang='grc' dir='ltr'>ἀρχιερέων</span> <span class='ocrx_word' id='word_1_359' title='bbox 526 4562 642 4642; x_wconf 77' lang='grc' dir='ltr'>θελήσῃ.</span> <span class='ocrx_word' id='word_1_360' title='bbox 666 4560 740 4640; x_wconf 83' lang='grc' dir='ltr'>παρὰ</span> <span class='ocrx_word' id='word_1_361' title='bbox 763 4565 845 4620; x_wconf 84' lang='grc' dir='ltr'>ταῦτα</span> <span class='ocrx_word' id='word_1_362' title='bbox 868 4564 922 4618; x_wconf 84' lang='grc' dir='ltr'>τῶν</span> <span class='ocrx_word' id='word_1_363' title='bbox 945 4555 1111 4638; x_wconf 76' lang='grc' dir='ltr'>φιλοδοξίαις</span> <span class='ocrx_word' id='word_1_364' title='bbox 1132 4579 1190 4630; x_wconf 87' lang='grc' dir='ltr'>πως</span> <span class='ocrx_word' id='word_1_365' title='bbox 1217 4559 1330 4634; x_wconf 85' lang='grc' dir='ltr'>ἐπιμαι-</span> 
     </span>
    </p>
   </div>
   <div class='ocr_carea' id='block_1_6' title="bbox 36 4681 1328 4766">
    <p class='ocr_par' dir='ltr' id='par_1_6' title="bbox 36 4681 1328 4766">
     <span class='ocr_line' id='line_1_36' title="bbox 36 4681 1328 4766; baseline -0.002 -24"><span class='ocrx_word' id='word_1_366' title='bbox 36 4687 150 4758; x_wconf 76' lang='grc' dir='ltr'>νομένων</span> <span class='ocrx_word' id='word_1_367' title='bbox 178 4685 225 4746; x_wconf 85' lang='grc' dir='ltr'>καί</span> <span class='ocrx_word' id='word_1_368' title='bbox 249 4682 297 4757; x_wconf 81' lang='grc' dir='ltr'>τὰς</span> <span class='ocrx_word' id='word_1_369' title='bbox 320 4683 449 4766; x_wconf 88' lang='grc' dir='ltr'>ἀκαίρους</span> <span class='ocrx_word' id='word_1_370' title='bbox 470 4683 637 4762; x_wconf 80' lang='grc' dir='ltr'>ἡγουμενίας</span> <span class='ocrx_word' id='word_1_371' title='bbox 659 4683 821 4763; x_wconf 74' lang='grc' dir='ltr'>ὑφαρπάζειν</span> <span class='ocrx_word' id='word_1_372' title='bbox 844 4682 1049 4763; x_wconf 85' lang='grc' dir='ltr'>ἐπιχειρούντων</span> <span class='ocrx_word' id='word_1_373' title='bbox 1077 4681 1125 4758; x_wconf 76' lang='grc' dir='ltr'>τὴν</span> <span class='ocrx_word' id='word_1_374' title='bbox 1149 4681 1235 4762; x_wconf 80' lang='grc' dir='ltr'>ὁρμὴν</span> <span class='ocrx_word' id='word_1_375' title='bbox 1258 4681 1328 4744; x_wconf 86' lang='grc' dir='ltr'>ἀνα-</span> 
     </span>
    </p>
   </div>
   <div class='ocr_carea' id='block_1_7' title="bbox 0 0 1586 5278">
    <p class='ocr_par' dir='ltr' id='par_1_7' title="bbox 0 0 1586 5278">
     <span class='ocr_line' id='line_1_37' title="bbox 0 0 1586 5278; baseline 0 0"><span class='ocrx_word' id='word_1_376' title='bbox 0 0 1586 5278; x_wconf 95' lang='lat' dir='ltr'> </span> 
     </span>
    </p>
   </div>
  </div>
 </body>
</html>
