3162 5278
263 351 327 415 356

262 547 309 604 τοῦ
340 541 418 622 ἀγίου
449 538 585 624 Γεωργίου
619 544 704 624 χωρίς
738 543 833 616 ἀδείας
864 546 935 618 τινὀς
967 543 1027 605 οὔτε
1056 546 1286 622 ἐκκλησιαστικῆς
1320 544 1381 606 οὔτε
1412 551 1463 606 τοῦ
1495 543 1556 604 κατὰ

261 668 344 725 τόπον
369 665 519 745 ἀρχιερέως
542 663 602 725 οὔτε
624 673 678 725 τῶν
700 669 833 748 πατέρων.
861 665 909 726 καὶ
931 665 985 744 ήδη
1008 665 1092 727 πάλιν
1115 669 1192 742 ζητεῖ
1213 665 1448 742 οἰκοδομήσασθαι
1474 669 1555 746 ἕτερον

264 788 358 861 ὅμοιον
379 787 517 865 μετόχιον,
540 785 690 847 καὶταῦτα
711 791 799 847 πάντα
821 794 905 848 ποιῶν
929 786 989 866 σῦχὶ
1008 789 1072 867 θείῳ
1093 789 1171 868 ζήλῳ
1185 789 1355 868 κινούμενος,
1379 788 1459 848 ἀλλὰ
1474 809 1553 847 κακο-

263 909 373 984 βούλως
397 906 440 968 ἐπί
464 907 558 987 σκοπῷ
581 913 626 970 τοῦ
649 911 785 986 ζημιῶσαι
808 912 954 984 μετέπειτα
976 912 1005 970 τό
1026 909 1098 990 ἱερόν
1118 914 1194 971 τοῦτο
1215 911 1405 989 μοναστήριον.
1428 910 1554 990 περιῆλθε

264 1028 364 1090 δὲκαὶ
392 1029 432 1102 εἰς
458 1020 570 1102 πολλὰς
598 1029 731 1110 ἐπαρχίας
757 1029 804 1091 καὶ
826 1032 970 1112 παροικίας
996 1030 1044 1092 καί
1071 1035 1223 1111 συνήγαγεν
1251 1032 1347 1106 ἱκανήν
1374 1031 1553 1106 ἐλεημοσλνην

264 1152 307 1211 ἐπ’
331 1152 442 1226 όνόματι
471 1155 517 1212 τοῦ
548 1152 628 1212 αυτοῦ
653 1151 724 1212 κατὰ
751 1154 799 1227 τἠν
828 1154 939 1228 [λα’τμον
969 1154 1150 1234 μονασπηρίου
1178 1157 1225 1214 τοῦ
1255 1154 1333 1230 ἁγίου
1356 1154 1488 1212 Ἰωάννου
1514 1155 1553 1210 τοῦ

264 1272 420 1354 Θεσλόγου,
446 1272 494 1333 καὶ
520 1275 550 1334 ου
574 1273 695 1334 δέδωκεν
722 1274 751 1333 ἐν
774 1273 813 1353 τῷ
836 1275 1006 1355 μονσστηρίῳ
1033 1274 1094 1335 οὔτε
1117 1275 1218 1348 όβσλόν
1242 1276 1275 1334 ἐκ
1296 1281 1350 1334 τῶν
1373 1275 1552 1352 συναχθέντων

264 1399 383 1477 οἴστρων,
414 1397 492 1456 ἀλλὰ
518 1399 719 1476 κατενράτησεν
748 1397 841 1456 ἐκεῖνα
870 1399 909 1470 ῦς
931 1397 1102 1473 πλεονέκτης
1128 1395 1175 1458 καὶ
1203 1395 1360 1478 ίερόσυλος,
1390 1395 1437 1457 καὶ
1468 1396 1494 1455 ἐν
1521 1393 1552 1452 ἑνὶ

263 1518 342 1598 λόγῳ
369 1519 539 1598 κακότρσπός
569 1517 638 1578 ἐστιν
665 1519 681 1577 ό
704 1516 771 1596 ἀνήρ
797 1515 845 1577 καί
868 1517 1073 1598 ἑγκληματίας,
1096 1515 1262 1598 ταραχώδης
1281 1537 1311 1577 τε
1333 1517 1380 1577 καίΙ
1404 1517 1551 1577 σκανδαλο-

264 1642 341 1712 ποιός
363 1637 410 1700 καί
432 1635 509 1713 ἀξιος
531 1645 627 1714 ποινῆς
650 1637 697 1698 καί
718 1637 846 1712 παιδείας
869 1638 989 1717 ἐσχάτης
1010 1637 1057 1699 καί
1079 1639 1231 1712 παντελοῦς
1250 1639 1447 1720 καθαιρέσεως.
1469 1639 1551 1698 τοῦτον

263 1765 343 1842 χάριν
365 1763 515 1842 γράφοντες
539 1761 568 1820 ἐν
592 1759 662 1839 ἀγίῳ
683 1763 816 1836 πνεθμοιτι
838 1761 1042 1840 ἀποφαινόμεθα
1065 1761 1211 1832 συνοδεκιῦς
1234 1761 1305 1836 μετὰ
1326 1767 1380 1821 τῶν
1402 1759 1464 1842 περὶ
1486 1765 1551 1836 ἡμᾶς

263 1881 418 1964 ίερωτιίπων
450 1884 600 1963 ἀρχιερέων
629 1881 676 1942 καί
706 1883 868 1962 ἀπερτίμων,
899 1887 953 1944 τῶν
984 1883 1012 1943 ἐν
1043 1883 1113 1961 α’γίῳ
1144 1883 1274 1958 πνεύματι
1305 1883 1455 1961 ἀγαπητῶν
1481 1885 1550 1958 ήμῶν

264 2005 390 2085 ἀδελφῶν
424 2004 471 2064 καὶ
501 2005 731 2084 συλλειτουργῦνν,
765 2004 809 2064 ἵνα
838 2005 853 2063 ό
884 2003 976 2085 ῥηθεὶς
1009 2005 1264 2084 κακοῖερομόναχος
1294 2005 1487 2084 Χριοτοφόρος,
1518 2006 1550 2074 ὡς

263 2131 382 2198 τοιοῦτος
408 2125 553 2204 ἀναφανεὶς
579 2129 628 2202 τὴν
655 2121 754 2186 κακίαν
780 2125 829 2186 καί
856 2126 1030 2206 σἰχρειότητοι,
1057 2126 1223 2206 ταραχώδης
1245 2145 1275 2185 τε
1302 2124 1349 2185 καὶ
1376 2127 1550 2196 λειποτακτης

262 2247 311 2308 καί
326 2250 412 2308 κακον
428 2247 570 2320 ἀπωλείας
589 2247 770 2326 προκείμενος
796 2249 852 2318 τοῖς
876 2247 1070 2326 ἁπλουστέροις
1091 2246 1268 2327 παράδειγμα
1290 2246 1337 2307 καί
1360 2250 1468 2306 τοιαῦτα
1489 2247 1549 2325 δρα-

264 2372 457 2449 ματουργήσας
477 2367 525 2428 καί
547 2369 763 2444 κατατολμήσας
787 2369 856 2448 ἔργα
876 2367 1047 2448 παρανομίας
1071 2371 1167 2448 μεστά,
1190 2367 1237 2429 καὶ
1260 2368 1305 2428 διά
1324 2371 1402 2428 τοῦτο
1418 2368 1549 2436 ὑπεύθυνος

263 2493 413 2570 γενόμενος
441 2490 544 2571 ἐσχάτῃ
572 2491 785 2573 ἐκκλησιαστικῄ
813 2497 892 2571 ποινῇ
919 2489 965 2551 καὶ
989 2488 1107 2572 παιδεία,
1134 2491 1327 2571 καθῃρημένος
1354 2490 1463 2571 ῦπόρχῃ
1484 2489 1548 2566 παρὰ

265 2613 327 2671 θεοῦ
350 2611 440 2691 κυρίου
461 2615 679 2694 παντοκράτορος
706 2611 753 2672 καὶ
777 2613 913 2684 ἕκπτωτος
939 2617 985 2672 τοῦ
1007 2610 1141 2692 ἱερατικοῦ
1163 2609 1321 2688 καταλόγου
1343 2609 1391 2671 καί
1415 2609 1547 2689 ἐπαγγέλ-

265 2753 361 2808 ματος.
385 2729 483 2807 μηδείς
504 2735 630 2816 τολμήσῃ
653 2739 821 2814 συμφορήσαι
845 2733 916 2812 αὐτῷ
937 2737 955 2808 ή
980 2733 1223 2812 σνλλειτουργήσαι
1242 2735 1260 2807 ἡ
1279 2733 1328 2808 τήν
1352 2732 1459 2812 ἀνίερον
1481 2733 1547 2791 αῦτσῦ

262 2857 345 2936 χεῖρα
375 2854 545 2914 ἀσπάσασθαι
571 2857 588 2929 ἡ
618 2853 753 2931 είοόδημα
783 2855 1008 2932 ἑκκλησιαοτικδν
1037 2855 1109 2914 πολὺ
1135 2858 1153 2929 ή
1181 2853 1277 2932 όλίγον
1305 2853 1378 2933 αὑτῷ
1409 2853 1498 2913 δοῦναι
1524 2854 1546 2910 ἐν

264 2977 343 3055 βοίρει
365 2974 462 3057 ἀργίας
488 2977 535 3036 καὶ
558 2973 731 3056 ἀουγγνώτου
754 2977 852 3038 ἀλῦτου
880 2977 1026 3058 ἀφορισμοῦ
1053 2980 1100 3036 τοῦ
1126 2975 1178 3035 ἀπό
1203 2977 1266 3036 θεοῦ
1288 2974 1379 3057 κυρίου
1402 2977 1545 3054 παντονρά-

262 3119 352 3178 παρος,
376 3095 408 3170 ἐξ
431 3099 601 3177 ἀποφάσεως.
627 3097 738 3181 ,αψοζᾏ
763 3100 795 3158 ἐν
818 3097 895 3174 μηνὶ
919 3097 1137 3178 φεβρουαρίῳ,
1163 3095 1372 3169 ἰνδικτιιῦνος
1396 3095 1423 3160 ι’.
1448 3099 1469 3176 †

264 3221 285 3299 †
308 3220 344 3276 ‘0
368 3220 505 3298 Ἐφέσου
529 3221 707 3293 Μελέτιος.
731 3223 752 3301 †
937 3219 1016 3300 †'0
1040 3218 1156 3279 Ῥόδου
1179 3219 1384 3291 Ἀθανάσιος
1408 3221 1429 3298 †

263 3341 343 3420 †‘0
378 3385 673 3404 .........
708 3343 729 3418 †
937 3343 958 3421 †
982 3340 1016 3400 '0
1040 3340 1321 3420 Χριστουπόλεως
1337 3339 1546 3420 Ἰερεμίαςή

264 3461 285 3539 †
310 3461 345 3520 ‘0
378 3507 674 3524 .........
708 3465 729 3542 †
937 3461 958 3540 †
981 3461 1016 3520 ‘0
1040 3460 1258 3542 Συλημβρίας
1282 3461 1513 3542 Παρθένιοςή

265 3582 345 3661 †‘0
379 3583 601 3658 Χαλκηδόνος
642 3585 834 3664 Παρθένιος.
864 3583 885 3662 †
937 3583 1017 3663 †‘0
1042 3583 1250 3656 Νεαπόλεως
1273 3585 1495 3662 δίελέτιος.ή

264 3705 285 3784 †
309 3702 343 3760 ‘O
366 3704 501 3783 Δέρκων
525 3703 684 3776 Ἀνανίας.
708 3706 729 3784 †
937 3708 958 3786 †
981 3705 1017 3764 ‘0
1042 3751 1179 3768 .....
1204 3706 1377 3782 Ἰάκωβος.
1401 3707 1422 3785 †

263 3801 342 3906 ην)
368 3824 526 3904 ιιιρινυσι
549 3827 704 3906 raam.
728 3827 749 3906 †

367 3953 511 4038 Archelyp.
536 3955 614 4008 Flor.
633 3955 674 4008 ΙΙ.
697 3971 747 4007 nro
764 3956 813 4008 82.

499 4169 614 4235 CLVI.
640 4168 866 4254 7288-1780,
889 4191 999 4235 mense
1023 4173 1118 4254 iunio,
1141 4170 1206 4236 ind.
1230 4169 1324 4236 XIII.
1416 4175 1420 4184 '

266 4299 432 4352 Ρσίτίανσίια
456 4299 622 4370 θομλτσπίυο
646 4301 687 4356 ΙΙ.
715 4299 855 4368 confirmat
873 4301 1021 4372 μιίνιάερίιι
1045 4301 1201 4355 ναοιιανίσνίί
1221 4301 1395 4371 declaratque
1422 4299 1541 4370 collegium

537 4405 758 4473 μτίίάνταιάοτυπτ
783 4423 838 4458 εντα
860 4406 917 4458 eius
936 4411 1139 4474 procuratorem
1163 4405 1192 4458 τ’τι
1211 4403 1288 4459 Urbe.

367 4554 611 4631 ήΣωφρόνιος,
644 4553 731 4631 ἐλέῳ
761 4553 839 4613 θεοῦ
867 4551 1131 4634 ἀρχιεπίσκοπος
1156 4553 1541 4618 Κωνσταντινουπόλεως.

265 4671 356 4743 Νέας
379 4673 522 4752 Ῥώμης,
544 4671 599 4731 καὶ
624 4671 860 4747 οἰκουμενικδς
880 4677 1099 4754 πατριάρχης.
1124 4675 1145 4752 †
