3184 5288
263 331 323 394 122

258 527 358 599 παντός
381 525 427 587 καί
450 529 576 588 παντοίου
598 527 695 600 τέλους
719 528 861 604 διανομῆς,
887 529 1009 604 ἐκβολῆς
1036 527 1158 608 ἀλόγων,
1182 511 1412 610 προόνυνητικίου,
1436 530 1540 608 ἀερικοῦ,

259 652 400 726 καπνικοῦ,
427 644 594 735 νεατ[ικίου],
618 647 739 728 μιτάτου,
766 651 998 730 κυνομαγγώνων,
1022 649 1195 732 ίερακαρίων,
1216 671 1237 710 π
1253 697 1259 710 .
1278 697 1284 710 .
1303 671 1359 730 εριτ
1375 699 1381 712 .
1400 700 1407 713 ,
1424 649 1484 730 ρίων
1505 649 1542 710 καὶ

260 771 341 844 αύτῆς
373 769 407 844 δὴ
434 775 484 845 τῆς
516 769 688 850 ἀναγραφῆς,
712 771 789 832 ἀλλὰ
819 772 891 848 μηδὲ
923 770 1093 852 εἰσέρχεσθαι
1124 770 1163 844 εἰς
1191 767 1241 843 τὰς
1267 769 1354 845 οἰκίας
1381 773 1466 831 αύτῶν
1491 773 1543 844 τούς

260 891 333 950 κατὰ
354 891 464 971 καιρούς
486 894 640 972 πράκτορας
663 897 708 952 τοῦ
731 894 847 953 τοιούτου
872 895 990 968 θέματος
1012 893 1103 968 ἤτινα
1123 899 1176 953 τῶν
1201 889 1433 974 ἐξυπηρετούντων
1456 895 1542 969 αἰτοῑς,

259 1015 310 1072 κάν
332 1013 518 1094 λογαριαστης
541 1015 640 1074 τούτων
662 1014 715 1096 εἴη,
738 1017 789 1074 κάν
811 1013 989 1090 κατεπάνωῇ
1014 1015 1206 1096 ἐκπροσωπῶν,
1229 1019 1276 1076 τοῦ
1298 1015 1543 1092 κατατολμήσαντας

259 1141 370 1210 ποιῆσαι
391 1135 466 1215 παρὰ
487 1137 533 1195 τὀν
555 1139 676 1216 παρόντα
705 1137 912 1217 γρυσόβουλλον
935 1137 1021 1216 λόγον
1043 1143 1093 1213 τῆς
1115 1137 1260 1212 βασιλείας
1284 1156 1335 1212 μου
1361 1136 1476 1216 σφοδρὰν
1503 1138 1543 1211 τήν

265 1257 297 1316 ἐκ
319 1261 365 1316 τοῦ
388 1255 527 1332 βασιλείου
548 1258 631 1336 ύψους
658 1259 841 1338 ἀγανάκτησιν
864 1259 1045 1341 ὑφορωμένου,
1073 1257 1120 1318 καί
1141 1258 1280 1340 προστίμῳ
1302 1259 1457 1319 ὑποκεῖσθαι
1479 1257 1543 1336 όφεί-

260 1378 357 1450 λοντος
386 1378 485 1459 λιτρῶν
517 1380 674 1461 ύπερτπύρων
704 1383 842 1461 τεσσάρων
876 1381 1041 1456 ἀσυμπαθῶς
1072 1379 1276 1456 ἀπαιτουμένων
1305 1380 1387 1466 ποιρδιΙ
1410 1384 1455 1440 τοῦ
1482 1380 1543 1442 κατὰ

260 1501 370 1581 καιρούς
396 1503 605 1581 προκαθημένου
632 1507 685 1562 τῶν
712 1505 848 1584 σεκρέτων
878 1503 911 1562 ἐκ
931 1502 1140 1581 προσελεύσεως
1161 1509 1215 1562 τῶν
1242 1507 1383 1581 μοναχῶν,
1413 1507 1459 1562 τοῦ
1480 1523 1543 1580 παρ-

261 1623 338 1692 όντος
364 1623 573 1703 χρυσοβούλλου
600 1625 685 1702 λόγου
712 1633 761 1702 τῆς
792 1623 935 1699 βασιλείας
959 1646 1010 1701 μου
1038 1625 1151 1701 βεβαίου
1177 1624 1225 1686 καί
1248 1621 1389 1704 ἀσφαλοῦς
1411 1621 1543 1704 τυγγάνειν

262 1740 427 1825 δφείλοντος,
443 1749 630 1827 γεγενημένου
645 1748 730 1808 κατὰ
744 1749 798 1807 τόν
815 1746 995 1826 αύγουστον
1019 1752 1107 1824 μῆνα
1125 1753 1185 1824 τῆς
1205 1748 1374 1828 παρούσης
1396 1749 1544 1827 τετάρτης

262 1865 478 1950 ίνδικτιῶνος,
502 1872 556 1928 τοῦ
580 1867 874 1947 έξακισχιλιοστοῦ
891 1867 1128 1943 ἑξακοσιοστοῦ
1145 1871 1385 1944 ἐννενηκοστοῦ
1400 1869 1545 1948 τετάρτου

263 1990 365 2070 ἔτους,
388 1991 417 2048 ἐν
438 1983 460 2070 ᾧ
478 1987 526 2049 καί
548 1991 578 2050 τ“ο
600 1992 734 2070 ἡμέτερον
758 1989 869 2063 εὐσεβὲς
891 1989 937 2049 καί
960 1991 1165 2070 θεοπρόβλητον
1187 1991 1380 2066 ύιτεσημήνατο
1403 1993 1506 2068 κράτος.
1528 1989 1544 2055 ί

367 2114 387 2190 †
411 2112 579 2184 Ἰσαάκιος
603 2112 636 2170 ἐν
658 2111 787 2192 Χριστῷ
802 2111 845 2190 τῷ
860 2111 925 2190 θεῷ
945 2114 1060 2184 πιστός
1083 2111 1245 2187 βασιλεύς
1267 2110 1322 2172 καί
1346 2111 1545 2192 αύτοκράτωρ

262 2233 445 2313 Ῥωμαίων,
469 2235 484 2294 ό
506 2234 685 2314 Ἄγγελος.
707 2235 728 2313 †

365 2363 546 2433 Archetypum
569 2362 654 2416 chart.
680 2363 756 2416 Flor.
780 2380 829 2416 ατο
854 2365 904 2416 23.

431 2647 592 2712 XXXIII.
617 2645 868 2734 [6697-1188]‚
891 2670 1000 2712 mense
1025 2647 1199 2732 decembri,
1223 2648 1287 2713 ind.
1312 2648 1386 2714 VII.

269 2797 406 2850 Ττίθιιιιαί
427 2797 594 2850 maritimum
617 2797 758 2850 demetitur
779 2813 874 2850 navem
893 2797 1058 2866 peculiarem
1082 2797 1240 2850 ιιιοιιασιιτίι·
1253 2804 1403 2867 exemptam
1417 2815 1436 2850 α
1452 2796 1547 2852 ίνιύιιίὶι

437 2901 582 2955 secundum
601 2901 751 2972 μνίιιίίιφίιο
773 2902 975 2970 imperatorum,
1001 2901 1137 2972 traditque
1160 2919 1218 2954 eam
1241 2900 1386 2955 ιιιοπασίιίιι.

365 3088 385 3166 †
410 3086 444 3144 'H
468 3085 496 3144 ἐν
519 3091 552 3167 τῇ
576 3089 650 3164 νήσῳ
674 3085 780 3164 Πάτμῳ
808 3085 968 3161 διακειμένη
997 3083 1134 3161 σεβασμία
1160 3085 1230 3162 μονὴ
1260 3088 1307 3144 τοῦ
1337 3085 1365 3144 ἐν
1396 3084 1545 3152 ἀποστόλοις

261 3207 441 3284 ήγαπημένου
472 3205 518 3266 καί
550 3207 745 3286 εὐαγγελιστοῦ
775 3207 902 3267 Ἰωάννου
936 3209 983 3267 τοῦ
1013 3205 1159 3285 Θεολόγου
1189 3207 1291 3285 ἔχουσα
1322 3206 1368 3266 διὰ
1397 3206 1476 3266 θείων
1507 3203 1544 3264 καί

262 3329 412 3404 βασιλικῶν
439 3335 630 3408 προσιυνητῶν
656 3327 870 3410 χρυσοβούλλων
894 3325 1065 3402 ἐξκουσσείαν
1092 3327 1198 3388 πλοίων
1226 3326 1384 3402 ἰδιοκτήτων
1406 3330 1545 3406 χωρήσεως

261 3447 396 3527 χιλιάδων
419 3448 474 3528 δύο,
504 3451 599 3530 μικρόν
621 3470 646 3509 τι
672 3451 798 3525 πλέονῆ
828 3451 955 3530 ἔλασσον,
978 3449 1140 3528 ὀφειλόντων
1169 3444 1381 3521 διαπλωίζεσθαι
1409 3449 1439 3508 ἐν
1461 3451 1544 3515 πάσαις

262 3573 321 3641 ταῖς
355 3573 426 3630 κατά
452 3591 482 3630 τε
513 3571 650 3646 ἀνατολὴν
686 3571 734 3632 καὶ
766 3573 838 3632 δύσιν
867 3572 1017 3650 παραλίοις
1046 3567 1151 3650 χώραις
1180 3577 1229 3647 τῆς
1257 3570 1415 3646 Ῥωμανίας
1452 3568 1494 3629 καί
1522 3567 1544 3626 ἐν

263 3693 355 3763 αύταῑς
384 3695 444 3765 ταῖς
477 3696 582 3774 νήσοις,
614 3693 642 3751 ἐν
676 3691 707 3753 δὲ
736 3699 770 3774 τῇ
801 3692 981 3773 βασιλευούσῃ
1015 3697 1069 3752 τῶν
1102 3693 1212 3752 πόλεων
1241 3688 1380 3774 καταίρειν
1411 3689 1483 3764 ἅπαξ
1509 3691 1545 3748 τοῦ

264 3816 393 3895 ἐνιαυτοῦ,
425 3813 472 3874 καί
510 3815 694 3876 ἐπαπολαύειν
724 3817 813 3890 πάσης
853 3815 900 3874 καί
933 3814 1062 3886 παντοίας
1097 3811 1284 3894 ἑξκουσσείας,
1313 3815 1366 3874 ἀπό
1395 3833 1427 3874 τε
1456 3813 1545 3879 δόσεως

263 3936 429 4018 ἀντιναύλου,
459 3937 603 4008 δεκατείας
631 3935 766 4017 οἰναρίων,
801 3936 969 4018 κομμερκίου
996 3938 1096 4007 παντός
1124 3934 1223 4016 εἴδους,
1255 3936 1319 3996 άνευ
1346 3941 1400 3994 τῶν
1432 3933 1544 3994 κεκωλυ-

262 4061 362 4140 μένων,
390 4058 437 4120 καί
465 4060 560 4140 ἑτέρας
587 4057 757 4134 οἱασδήτινος
786 4057 913 4139 ἐπηρείας
940 4057 987 4118 καὶ
1015 4060 1194 4137 συζητήσεως,
1221 4057 1314 4128 καθὼς
1336 4057 1500 4136 πλατύτερον
1518 4053 1544 4109 τί

245 4179 322 4262 περὶ
356 4187 406 4256 τῆς
443 4181 569 4258 τοιαύτης
607 4177 784 4253 ἐξκουσσείας
820 4183 955 4260 προσόντα
987 4187 1020 4262 τῇ
1056 4185 1126 4261 μονῇ
1159 4178 1354 4259 χρυσόβουλλα
1386 4181 1543 4258 παριστῶσιν.

264 4303 377 4380 ἔφθασεν
409 4303 603 4377 ἐπικτήσασθαι
633 4303 705 4362 κατὰ
736 4301 877 4383 διαφόρους
904 4302 1015 4382 καιρούς
1041 4303 1126 4361 πλοῖα
1155 4299 1302 4380 ἰδιόκτητα,
1331 4301 1382 4360 όσα
1418 4299 1484 4375 δήτι
1508 4293 1545 4356 καί

264 4424 442 4503 ἐπεκτήσατο,
468 4422 646 4500 ἐξαμωθέντα
672 4423 719 4484 καὶ
745 4424 934 4505 παραδοθέντα
955 4423 1030 4503 παρὰ
1052 4428 1098 4483 τοῦ
1120 4424 1182 4482 καθ’
1205 4425 1280 4499 ἡμᾶς
1303 4423 1439 4501 σεκρέτσυ.
1464 4423 1501 4480 ότι
1521 4417 1544 4475 δὲ
1571 4439 1572 4459 ι

262 4547 296 4604 τὰ
323 4545 374 4621 μὲν
396 4543 495 4605 τούτων
523 4544 749 4627 κατάβρωματῇ
777 4545 901 4628 θαλάσσῃ
924 4548 1064 4625 γεγόνασι,
1087 4545 1122 4604 τὰ
1145 4543 1176 4603 δὲ
1199 4541 1246 4604 καὶ
1273 4543 1455 4624 άλλοτρόπως
1478 4541 1544 4600 aaut

262 4667 356 4748 λοντο,
371 4667 464 4738 καθὼς
485 4671 561 4727 τοῦτο
583 4667 658 4746 παρὰ
680 4671 726 4726 τοῦ
748 4669 907 4742 τιμιωτάτου
929 4667 1145 4746 καθηγουμένου,
1168 4669 1249 4746 κυροῦ
1265 4665 1416 4746 ’,θρσενίοω
1438 4663 1480 4724 καί
1503 4667 1545 4719 :tw
1570 4733 1571 4748 γ
