3162 5278
256 327 319 390 282

255 521 284 580 ἐν
309 521 411 604 ἑσπέρᾳ
435 521 483 580 καὶ
508 519 579 602 πρωί
605 520 652 581 καὶ
676 521 844 602 μεσημβρίᾳ,
868 525 907 594 ὡς
930 523 1001 601 ἔθος,
1034 524 1070 582 ἔτι
1093 543 1124 582 τε
1147 523 1292 601 φροντίζειν
1314 522 1361 583 καί
1383 524 1539 600 προνοεῖσθαι

255 648 310 702 τῶν
331 644 399 722 πρδς
421 643 543 703 σύστασιν
566 642 613 702 καί
640 643 782 719 βελτίωσιν
810 651 859 720 τῆς
888 649 1086 725 πατριαρχικης
1117 649 1203 720 μονῆς
1232 646 1331 719 ταύτης
1361 645 1539 722 ἀφιερωμένων

256 766 402 840 κτημάτων
431 764 478 824 καὶ
499 768 668 846 πραγμάτων
695 771 748 826 τῶν
770 787 801 825 τε
829 766 906 837 ἐντδς
936 765 982 826 καὶ
1013 767 1105 846 ἐκτός,
1139 765 1198 826 ἐπεὶ
1221 767 1293 838 ὅστις
1320 768 1351 824 ἀν
1379 770 1433 825 τῶν
1463 767 1539 824 ἀπάν-

255 908 308 947 των
343 888 394 964 δψέ
423 908 489 948 ποτε
520 888 582 948 καθ’
612 887 766 962 οἱονδήτινα
794 891 892 968 τρόπον
924 887 1046 970 βουληθῇ
1078 888 1228 968 ἐπηρεάσαι
1261 889 1332 948 κατά
1359 909 1384 946 τι
1415 891 1491 946 τοῦτο
1516 888 1540 944 ι“σ

254 1011 449 1090 πατριαρχικδν
478 1011 612 1090 ἡμέτερον
646 1012 842 1091 σταυροπηγιον
873 1014 891 1086 ἢ
927 1011 1106 1090 ἀνατρέψαιτο
1135 1011 1165 1070 τδ
1198 1009 1423 1090 παντελευθέρως
1460 1009 1540 1078 αάτάις

256 1133 314 1209 ζῆν,
342 1131 381 1203 ὡς
408 1132 470 1203 ἔθος
497 1129 553 1191 ἐστὶ
582 1135 639 1204 τοῖς
665 1135 873 1213 πατριαρχικσῖς
901 1131 1122 1213 σταυροτιηγίοις,
1149 1132 1164 1190 δ
1190 1135 1310 1204 τοιοῦτος
1335 1131 1485 1212 ίερωμένος
1511 1135 1540 1188 ὢν

256 1249 340 1332 ἀργδς
368 1253 442 1312 ἔσται
469 1255 559 1329 πάσης
581 1249 770 1334 ἱεροπραξίας,
797 1247 895 1324 λαϊκδς
927 1253 958 1313 δὲ
987 1253 1171 1335 ἀφωρισμένος
1205 1251 1252 1313 καί
1279 1253 1475 1332 ἀσυγχώρητσς
1504 1251 1542 1310 καὶ

256 1373 356 1446 ἀλυτος
390 1373 459 1448 μετὰ
497 1375 620 1435 θάνατον.
667 1376 729 1435 ὅθεν
763 1373 801 1446 εἰς
836 1375 986 1454 ἀσφάλειαν
1021 1375 1131 1454 ἐγένετο
1168 1373 1214 1434 καὶ
1248 1375 1364 1450 ἐπεδόθη
1399 1377 1430 1434 τδ
1469 1375 1542 1454 παρδν

256 1493 432 1574 σιγιλλιῶδες
466 1497 583 1573 γράμμα
615 1494 654 1575 τῷ
686 1495 820 1574 εἰρημένῳ
852 1495 1039 1576 πατριαρχικῷ
1075 1497 1263 1577 οταυροπηγίῳ
1297 1497 1335 1574 τῷ
1372 1496 1415 1555 ἐπ’
1444 1495 1544 1570 ἀνέματι

255 1619 401 1697 τιμωμένῳ
434 1624 483 1693 τῆς
514 1619 656 1698 Παναγίας
689 1623 738 1695 τῆς
769 1615 983 1700 Ἐξωχωριανης
1016 1620 1048 1680 ἐν
1080 1619 1157 1679 ἔτει
1188 1618 1275 1702 ,ζραᾏ
1314 1617 1391 1696 μηνί
1426 1617 1542 1696 ἰουλίῳ,

256 1737 466 1812 ίνδικτιῶνος
488 1737 530 1814 ς’.
554 1742 575 1820 †

359 1859 587 1942 γἸερεμίας,
623 1863 711 1943 ἐλέῳ
744 1865 820 1924 θεοῦ
854 1857 1118 1944 ἀρχιεπίσκσπος
1150 1864 1543 1936 Κωνσταντινουπόλεως,

255 1983 345 2055 Νέας
368 1984 512 2064 Ῥώμης,
536 1983 591 2044 καί
614 1983 850 2060 οίκουμενικδς
873 1987 1091 2066 πατριάρχης.
1115 1987 1136 2064 †

360 2112 465 2166 Ατοάτι.
490 2115 598 2168 membr.
624 2114 699 2168 Flor.
718 2114 759 2168 II.
783 2131 833 2167 ιινο
850 2115 899 2168 37.

413 2487 548 2552 CXXV.
571 2487 796 2571 7105-1597,
818 2486 869 2551 die
887 2487 926 2549 19
942 2490 1060 2552 mensis
1081 2489 1226 2571 ianuarii,
1249 2485 1314 2550 ind.
1337 2485 1395 2549 XI.

257 2635 384 2688 Meletius
401 2637 497 2705 Ρυμασ,
513 2636 679 2706 patriarcha
695 2635 889 2704 Aleoeaudriae,
902 2641 1068 2704 procurator
1087 2635 1213 2688 eeclesiae
1231 2633 1546 2702 ίῖτιιείαιιίίκομοίίίακαε,
1566 2653 1567 2658 ’

464 2739 606 2808 confirmat
628 2741 804 2810 exemptiones
828 2746 852 2794 τι
869 2739 1020 2811 μνίυάιράα
1043 2740 1158 2810 antiqua
1179 2739 1345 2793 monasterii.

360 2907 588 2986 γΜελέτιος,
621 2907 707 2986 ἐλέῳ
735 2905 820 2967 Θεοῦ
849 2909 959 2978 ποίπας
988 2905 1043 2966 καί
1069 2903 1279 2986 πατριάρχης
1308 2911 1366 2981 τῆς
1398 2905 1567 2983 μεγάλης]

176 3015 181 3026 ’
256 3028 391 3100 πόλεως
426 3025 691 3109 Ἀλεξανδρείας
732 3027 787 3088 καί
826 3029 1028 3108 ἐπιτηρητὴς
1064 3032 1125 3088 τοῦ
1163 3026 1397 3102 οίκουμενικσῖι
1435 3027 1567 3106 θρδνσοι

256 3149 655 3222 Κωνσταντινουπδλεως.
679 3151 700 3229 †
1566 3167 1567 3210 ι

360 3323 381 3401 †
405 3319 437 3381 Εἰ
467 3323 498 3382 τδ
527 3323 561 3382 τά
588 3323 704 3404 πατρικά
733 3323 859 3402 δόγματα
888 3321 934 3382 καί
969 3321 1137 3398 θεσπίσματα
1167 3321 1303 3401 διατηρεῖν
1335 3321 1412 3396 ἀσινῆ
1443 3341 1475 3379 τε
1508 3293 1567 3382 καῖί

256 3444 446 3524 ἀμετάτρεπτα
473 3445 616 3517 λυσιτελές
638 3467 668 3504 τε
696 3445 763 3521 δμοῦ
790 3444 836 3505 καί
861 3445 1084 3524 ἀναγκαιότατον,
1113 3435 1157 3504 οἷα
1183 3449 1233 3518 τῆς
1255 3443 1354 3502 τσὺτων
1377 3449 1567 3522 παρατρσπῇςγ

256 3586 287 3624 τε
309 3563 356 3625 καί
378 3565 561 3644 παραβάσεως
584 3565 622 3639 είς
645 3567 724 3641 βυθδν
748 3567 890 3638 ἀπωλείας
913 3566 1030 3643 ἀγούσης
1052 3565 1115 3638 τοὺς
1136 3565 1288 3646 ὑπερόπτας
1310 3563 1357 3624 καί
1379 3581 1547 3644 καταρρονη-

256 3687 305 3758 τάς
335 3693 389 3746 τῶν
419 3689 554 3768 τοιούτων,
589 3689 738 3767 ἀναγκαῖον
769 3689 823 3768 ἀρα
851 3686 897 3746 καί
927 3688 958 3746 τδ
986 3688 1036 3759 τάς
1066 3683 1204 3759 διατάξεις
1233 3693 1286 3746 τῶν
1315 3687 1547 3764 προηγησαμένων

257 3807 387 3884 ἀοιδίμων
413 3815 588 3888 πατριαρχῶν
611 3807 657 3868 καὶ
680 3807 833 3890 δρθοδδξων
857 3809 995 3884 βασιλέων
1018 3809 1180 3884 ἀλωβήτους
1204 3807 1339 3887 διατηρεῖν
1366 3805 1413 3865 καὶ
1439 3808 1480 3878 ὡς
1501 3797 1548 3864 εἶὲν

255 3951 286 3989 τε
309 3931 439 4012 ἀρραγεῖς
461 3929 508 3989 καὶ
528 3930 787 4011 ἀπαρεγχειρήτσυς,
812 3929 871 3989 ἐπεὶ
893 3929 940 3990 καί
963 3932 1040 4006 νόμοι
1062 3929 1196 3990 πολιτικοὶ
1219 3931 1275 3999 τοῖς
1299 3929 1465 4007 ἑπαρχικσῖς
1485 3928 1547 3986 διτι-

256 4053 350 4126 τηταῖς
379 4052 428 4123 τὰς
455 4057 508 4110 τῶν
536 4053 587 4131 πρὸ
618 4053 704 4112 αὐτῶν
730 4052 831 4132 κρίσεις
861 4053 964 4111 ἀθετεῖν
996 4054 1067 4111 κατά
1093 4072 1127 4129 τι,
1156 4051 1345 4124 ἑννομωτοίτας
1371 4047 1421 4109 καὶ
1452 4048 1567 4132 δικαίαςἱ

257 4169 353 4252 οὔσας,
391 4175 440 4232 οίικ
472 4173 663 4252 ἐπιτρέπουσιν.
699 4175 761 4232 ὅθεν
796 4171 842 4233 καί
873 4174 922 4246 τὴν
952 4172 1022 4231 κατὰ
1048 4173 1096 4246 τὴν
1127 4177 1209 4246 νῆσον
1236 4171 1348 4246 Πάτμον
1377 4165 1567 4247 διακειμένην

258 4293 407 4367 σεβασμίαν
438 4293 523 4370 μονὴν
553 4295 601 4368 τὴν
632 4294 675 4354 ἐπ’
699 4294 809 4369 ἀνάματι
838 4297 885 4354 τοῦ
907 4293 1088 4372 ἠγαπημένον
1119 4293 1240 4369 μαθητουΙ
1269 4291 1316 4351 καί
1344 4293 1485 4371 παρθένου
1513 4310 1549 4348 τευ

258 4411 402 4493 Θεολὸγου
435 4413 482 4474 καί
513 4415 710 4494 εθαγγελιοτοῡ
737 4417 863 4474 Ἰωάννου
900 4412 947 4472 καί
977 4413 1123 4492 ἱδρυμένην
1163 4413 1211 4472 καὶ
1239 4415 1396 4488 τιμωμένην
1435 4415 1484 4475 καί
1511 4416 1550 4486 τὴν

257 4541 338 4610 νῆσοί
367 4537 448 4614 αὒῗθί
475 4539 530 4608 ῖθῖς
556 4537 608 4616 πρὸ
629 4537 710 4612 ἡμῶν
738 4537 898 4615 ἁγιωτάτοις
924 4539 1105 4617 πατριάρχαις
1131 4533 1177 4594 καὶ
1203 4537 1246 4614 πρ“
1281 4536 1382 4595 τούτων
1411 4541 1473 4608 τοῖς
1499 4527 1567 4618 ἀει-ί

259 4655 347 4728 δίμοις
374 4656 515 4730 βασιλεῦσι
541 4655 696 4734 προνομίοις
724 4657 882 4737 ἐλευθερίας
916 4655 963 4716 καί
990 4655 1225 4733 οιάτεξουσιέτητος
1251 4658 1414 4732 τιμηθεῖσαν
1454 4660 1501 4719 οδκ
1523 4651 1567 4730 ἧνί
