3228 5294
259 328 303 393 52

259 523 337 600 μέρει
358 522 441 597 αὐτῆς
464 520 614 597 ίδιόατητον
637 523 734 581 πλοῖον
755 528 805 597 τῆς
829 525 909 596 αὐτῆς
932 525 1067 600 τυγχάνον
1090 523 1242 600 χωρήσεως
1271 565 1561 582 ........

259 641 299 715 είς
321 643 382 714 τοὺς
406 640 470 718 ἑξῆς
494 644 614 714 ἅπαντας
637 641 684 702 καί
708 643 843 718 διηνεκεῖς
865 643 979 722 χρόνους
1003 641 1154 702 ἀποπλέειν
1176 641 1296 720 ὄφειλον,
1321 641 1387 701 ἔνθα
1411 644 1444 700 ἂν
1468 640 1495 700 οί
1519 659 1562 714 μο

258 764 340 844 ναχοί
364 766 516 844 βούλοιντο,
539 763 586 824 ναί
608 764 641 824 τὰ
664 765 785 844 χρειώδη
814 765 903 836 αὐτοῖς
930 765 1134 845 ἐμπορεῦεσθαι.
1162 763 1201 843 τῷ
1223 765 1315 843 χρόνῳ
1343 764 1437 838 μέντοι
1465 762 1561 822 παλαι-

259 888 374 961 ουμένου
396 887 488 946 τοῦτου
511 886 658 946 κάντεῦθεν
681 885 721 958 εἰς
743 887 865 946 κίνδυνον
888 886 1066 958 ἀπονεύοντος
1088 889 1106 960 ή
1129 885 1250 964 ναυαγίῳ
1270 883 1335 957 ίσως
1357 885 1562 964 περιπίπτοντος

258 1005 305 1067 καί
328 1006 535 1086 ἀπολλυμένου,
563 1005 672 1080 ἐξέσται
697 1011 753 1078 τοῖς
782 1010 872 1078 αὐτοῖς
899 1009 1033 1085 μοναχοῖς
1061 1009 1152 1086 ἕτερον
1177 1007 1276 1066 πλοῖον
1303 1006 1488 1077 ἀνακαινίζειν
1515 1011 1561 1080 τῆς

259 1131 341 1203 αὐτῆς
371 1129 493 1209 ῦποίρχον
524 1131 676 1208 χωρήσεως
706 1135 759 1188 τῶν
788 1128 972 1188 πεντανοσίων
1004 1129 1130 1204 δηλονότι
1162 1127 1275 1206 μοδίων,
1307 1127 1396 1207 δλίγῳ
1425 1129 1516 1188 πλέον
1544 1131 1560 1200 ή

259 1251 386 1328 ἔλασσον,
413 1248 460 1309 καὶ
487 1257 537 1325 τῆς
560 1249 620 1324 ἴσης
642 1249 689 1310 καὶ
717 1251 780 1310 αῦτδ
804 1251 979 1310 ἐπαπολαῦον
1007 1246 1190 1328 έξνιουσσείας,
1218 1250 1248 1308 οῦ
1274 1246 1420 1330 προοαίπαξ
1449 1249 1481 1308 δὲ
1508 1253 1561 1320 τοῖς

259 1372 348 1443 αὐτοῖς
372 1375 506 1449 μοναχοῑς
530 1373 545 1430 δ
567 1377 613 1432 τοῦ
635 1373 754 1431 τοιοῦτον
777 1371 875 1431 πλοίου
898 1373 1039 1446 ααινισμδς
1062 1371 1297 1451 ἐκχωρηθήσεται,
1322 1371 1390 1431 ἀλλ’
1410 1371 1507 1443 ὁσάαις
1530 1374 1560 1428 ἀν

257 1491 295 1574 τῷ
309 1495 402 1574 χρόνῳ
418 1493 629 1573 διαφθαρήσεται
651 1497 669 1567 ἢ
692 1491 815 1572 ναυαγίῳ
838 1491 888 1552 τινί
911 1495 1065 1571 περιπεσεῖν
1088 1492 1234 1574 ἐπισυμβῇ,
1258 1491 1306 1552 καί
1329 1493 1405 1552 ἔσται
1428 1491 1474 1552 ἀεὶ
1498 1514 1559 1552 τιατ-

258 1617 423 1694 ευμεγεθοῦν
443 1617 473 1674 τδ
493 1618 612 1675 τοιοῦτον
631 1617 729 1674 πλοῖον
749 1612 796 1674 καί
820 1615 845 1674 οί
864 1616 948 1694 τούτῳ
973 1615 1143 1690 ἐμπλέοντες
1164 1616 1265 1686 παντδς
1286 1619 1333 1674 τοῦ
1357 1615 1559 1694 ἐπηρεαστιιιιῦς

258 1737 480 1816 ἐπεμβαίνοντας,
500 1736 547 1797 καί
563 1736 624 1796 οὔτε
647 1736 784 1819 ἀγγαρείφι
806 1737 1089 1812 ναθυποβληθήσεται,
1114 1735 1173 1796 οῦτε
1192 1738 1259 1816 πρὸς
1275 1737 1467 1812 μετανομιδὴν
1482 1744 1559 1796 τινῶν

256 1857 399 1938 γρειωδῶν
426 1857 473 1918 καί
501 1861 569 1940 αῦτῄ
596 1866 629 1940 τῇ
658 1857 786 1940 βασιλείᾳ
809 1879 861 1932 μου
889 1857 1112 1936 ἀναγκαιοτάτων
1139 1857 1358 1932 ἀποσταλήσεται
1380 1862 1399 1932 ἢ
1424 1859 1559 1936 ἐμβλήσει

256 1982 358 2040 αδανιου
378 1983 399 2055 ή
423 1986 542 2054 συνωνῆς
564 1983 582 2054 ή
607 1976 794 2059 στραβοξυλῆς
817 1982 836 2052 ἢ
863 1981 963 2058 χόρτου
994 1977 1135 2059 εἰσαγωγῇ
1164 1982 1182 2053 ή
1213 1979 1291 2062 ἀλλῃ
1322 1979 1372 2040 τινί
1403 1979 1560 2062 λειτουργία

257 2098 460 2182 ἀναγκαιοτάτη
484 2102 689 2179 βαρυνθήσεται,
719 2099 786 2158 ἀλλ’
817 2099 961 2179 ἐλεύθερον
986 2101 1117 2160 πάντοθεν
1145 2097 1375 2178 διατηρηθήσεται
1398 2098 1457 2182 καὶ,
1482 2123 1558 2161 συνε-

256 2223 341 2282 λδντα
364 2226 453 2302 φάναι,
476 2223 577 2293 παντδς
599 2225 645 2280 τσῦ
670 2220 867 2299 ἐπηρεάζοντος
888 2218 935 2278 ααί
957 2223 1048 2296 πάσης
1070 2215 1118 2280 καί
1140 2222 1270 2293 παντοίας
1287 2221 1418 2300 ἐπηρείας
1433 2223 1482 2282 καὶ
1505 2245 1558 2283 αα-

255 2339 368 2414 αώσεως
399 2349 443 2404 νῦν
471 2365 501 2402 τε
531 2341 612 2417 οῦσης
645 2339 691 2401 ναὶ
723 2342 752 2412 ἐς
786 2342 894 2420 ὓστερον
925 2342 1175 2418 ἐπινοηθησομένης
1205 2344 1352 2424 ὑπέρτερον
1378 2345 1410 2403 τδ
1440 2347 1559 2404 τοίουτον

254 2466 351 2526 πλοῖον
374 2465 500 2546 διαμείνῃ
524 2462 563 2534 εἰς
584 2465 615 2522 τ“ο
636 2463 770 2540 διηνεκές,
794 2461 840 2521 καί
864 2463 1028 2522 ἀποπλεῦσαι
1057 2460 1101 2522 διὰ
1123 2467 1233 2544 παντὸς,
1258 2467 1324 2525 ὅπου
1348 2465 1382 2540 δὴ
1407 2463 1456 2525 καί
1480 2467 1558 2526 δπέτε

255 2587 394 2666 βούλεται,
421 2585 458 2658 εἰς
481 2586 515 2643 τὰ
541 2591 590 2659 τῆς
619 2578 692 2663 ἑῴοις
719 2585 826 2642 ἅπαντα
853 2584 923 2660 μέρη
954 2581 1001 2642 καί
1032 2584 1065 2642 πά
1093 2585 1213 2664 ἑσπέρια,
1242 2586 1282 2646 ἔτι
1309 2586 1340 2645 δὲ
1368 2586 1416 2646 καὶ
1444 2585 1485 2659 εἰς
1513 2587 1560 2658 τὰς

254 2710 414 2786 ἁπανταχοῦ
441 2709 550 2784 νήσους,
574 2705 621 2765 καί
648 2705 691 2764 ἀπ’
716 2705 826 2776 οῦδενδς
852 2713 905 2763 τιῖιν
934 2705 1059 2764 ἁπάντων
1087 2703 1148 2765 οῦτε
1174 2705 1366 2782 αωλυθήσεται
1394 2709 1557 2782 συνόλωςή

254 2833 325 2889 αατοί
347 2851 373 2890 τι
395 2828 630 2908 ἀγγαρευθήσεται
653 2829 670 2900 ή
694 2825 793 2896 ἄλλως
816 2825 1065 2905 ἐπηρεασθήσετοιι·
1089 2825 1135 2885 καὶ
1167 2826 1240 2887 αῦτοί
1267 2829 1322 2918 γάρ
1349 2829 1375 2888 οί
1401 2826 1476 2889 κατὰ
1501 2833 1558 2908 χώ-

254 2973 303 3031 ραν
332 2952 438 3030 δοῦτιες,
473 2951 627 3008 αατεποίνω·
645 2946 692 3006 ααὶ
718 2945 864 3027 στρατηγοὶ
892 2945 938 3006 καὶ
962 2946 985 3006 οί
1013 2948 1115 3018 τούτοις
1142 2949 1408 3029 ἀντιπροσωποῦντες
1431 2954 1450 3026 ἡ
1474 2973 1557 3011 τοπο-

253 3071 366 3151 τηρηεαὶ
405 3069 452 3130 καὶ
489 3071 659 3149 τσυρμάρχαι
688 3071 706 3142 ή
739 3070 831 3149 ἕτερός
861 3089 900 3139 τις
935 3067 1063 3128 δουλείαν
1097 3069 1252 3146 οίανδήτινα
1286 3075 1557 3152 μεταχειριζόμενος,

254 3196 283 3254 ἐν
311 3189 351 3266 οἷς
374 3197 407 3252 ἀν
430 3191 477 3251 ναί
500 3190 680 3250 ἀποπλεῦσειε
713 3191 808 3269 μέρεσι
834 3191 864 3250 τδ
893 3190 1042 3270 διαληφθέν
1068 3191 1174 3270 πλοῖον,
1204 3194 1234 3251 σὺ
1259 3195 1328 3272 προς
1357 3193 1490 3274 ἐπήρειαν
1512 3193 1558 3254 καί

252 3317 373 3374 νιοίαωσιν
411 3314 496 3390 τούτῳ
527 3311 574 3371 καί
601 3314 657 3383 τοῖς
685 3309 757 3391 αὐτῷ
783 3311 946 3386 ἐμπλέουσιν
970 3311 1185 3390 ἀναφανήσονται
1207 3317 1225 3388 ἢ
1249 3311 1405 3394 ἐξορίοτους
1433 3317 1463 3375 ἐν
1488 3315 1557 3392 αῦτῷ

253 3436 415 3512 ἐμβοίλωσιν
448 3437 466 3508 ἢ
493 3434 523 3492 τδ
550 3433 664 3492 σῦνολον
696 3433 882 3512 έπηρεάσωοι,
914 3432 1024 3506 μᾶλλον
1055 3432 1106 3508 μέν
1138 3432 1183 3492 οῦν
1221 3433 1267 3494 καὶ
1296 3436 1435 3510 παντοίως
1465 3439 1557 3498 τοῦτον

252 3559 323 3618 κατά
350 3558 380 3615 τ“ο
409 3555 521 3614 δυνατδν
548 3551 705 3626 ἀνθέξονται
728 3551 775 3612 καί
797 3553 987 3632 συλλήπτορες
1016 3553 1072 3612 ἀντ’
1096 3555 1281 3634 ἐπηρεαοτιῦν,
1306 3556 1346 3636 ἐφ’
1364 3549 1406 3628 οἷς
1429 3557 1486 3638 ἀρα
1512 3557 1557 3618 καί

252 3677 349 3759 χρείαν
381 3679 468 3736 αὐτῶν
499 3672 590 3754 σχοίη,
620 3678 792 3754 φανήσονται,
824 3676 996 3754 ὑφορωμένου
1024 3679 1070 3734 τοῦ
1097 3677 1356 3754 ναπατολμήσοντος
1379 3679 1512 3756 ἀθετήσαί
1535 3701 1557 3740 τι

254 3805 310 3859 τῶν
336 3799 452 3860 ἐνταῦθα
475 3797 679 3872 διειλημμένων
697 3799 746 3872 τήν
761 3817 791 3856 τε
811 3803 861 3872 τῆς
883 3795 1026 3872 βασιλείας
1049 3817 1099 3872 μου
1121 3799 1237 3879 σφοδρὰν
1261 3800 1462 3862 ἐπισπάσασθαι
1485 3803 1556 3882 ἀγα-

251 3924 379 3997 νάαπησιν
407 3917 454 3978 καί
481 3919 530 3993 τὴν
558 3921 604 3978 τοῦ
630 3917 695 3991 ἴσως
727 3919 831 3978 ἐκεῖθεν
855 3919 1104 3998 ἀφαιρεθησομένου
1129 3917 1168 3990 είς
1194 3922 1225 3980 τδ
1253 3922 1453 4002 τετραπλάσιον
1483 3925 1555 3984 ἀντι-

253 4045 384 4123 στρυρήν·
413 4043 452 4138 ως
476 4040 530 4121 γάρ
554 4039 666 4114 βεβαίου
688 4037 736 4098 ααὶ
758 4037 896 4119 ἀσφαλοῦς
917 4041 1099 4116 τυγχάνοντος
1119 4045 1166 4100 τοῦ
1183 4045 1317 4122 παρόντος
1333 4045 1466 4119 εθσεβσῦς
1487 4068 1555 4128 γρυ·

251 4161 408 4238 σοβοθλλου
430 4161 517 4238 λόγου
539 4165 589 4236 τῆς
613 4160 757 4236 βασιλείας
779 4181 841 4239 μου,
865 4161 1052 4238 γεγενημένου
1073 4163 1156 4222 κατὰ
1178 4163 1232 4223 τδν
1260 4164 1447 4246 ἀπρίλλιον
1470 4177 1555 4246 μῆνα

251 4289 311 4360 τῆς
327 4281 515 4358 ἑνδεκάτης
531 4281 739 4352 ίνδινιτιῶνος
761 4285 816 4342 τοῦ
840 4279 934 4363 ,ςφΗ’
951 4282 1047 4342 έατου
1070 4283 1176 4364 έτους,
1200 4285 1229 4344 έν
1252 4281 1274 4365 ᾧ
1296 4285 1343 4346 ναὶ
1366 4289 1398 4348 τδ
1420 4291 1555 4372 ἡμέτερον

253 4405 365 4479 εὐσεβές
388 4403 434 4463 καί
457 4403 661 4484 θεοπράβλητον
684 4405 875 4480 Ιἀτεσημήνατο
897 4405 997 4482 κράτος
1019 4404 1049 4482 †.

355 4549 534 4619 Archetypum
558 4549 643 4604 chart.
673 4549 754 4603 Deest
777 4549 954 4617 subscriptio:
978 4536 1048 4618 Εἶχε
1072 4544 1154 4617 μόνον
1180 4545 1210 4604 τδ
1239 4547 1348 4620 οθνεθες
1375 4548 1553 4630 κανίντλωμα,

250 4660 326 4708 notat
351 4655 502 4724 Sakkeltbn‚
526 4657 573 4708 sed
599 4661 725 4708 servatur
742 4653 929 4724 fragmentum
959 4652 1058 4706 bullae.
1092 4651 1165 4707 Hor.
1197 4673 1247 4710 ααο
1279 4661 1329 4712 10.
1360 4661 1552 4734 Emptam.
