3160 5292
252 303 314 368 200

251 500 394 582 διορίζεται
420 499 467 558 καί
491 495 579 559 πάντα
606 495 640 558 τὰ
665 504 711 560 τσῦ
738 500 855 559 τοιοίιτου
883 499 1011 578 μετοχίου
1039 499 1130 559 δίκαια
1157 499 1199 558 ἐπί
1221 519 1250 558 τε
1273 501 1329 571 τοῖς
1355 498 1540 568 θποστατικοῑς

251 620 298 682 καί
324 625 381 694 τοῖς
406 623 641 701 προσκαθημένοις
669 621 698 681 ἐν
726 621 797 700 αὐτῷ
824 621 964 702 παρσίκσις
991 620 1038 681 καί
1062 621 1228 693 δουλευταϊς.
1252 623 1270 696 ἡ
1294 622 1363 696 μονὴ
1385 626 1435 696 τῆς
1458 622 1541 699 ίιπερ-

208 799 210 802 .
252 743 333 824 αγίσις
361 741 497 804 θεοτόκσυ
523 750 573 820 τῆς
599 744 831 822 Κεχιονισμένης,
859 745 877 817 ἡ
911 741 957 802 καί
990 744 1056 819 αθτὴ
1088 743 1203 821 πλησίον
1235 744 1285 818 μὲν
1313 748 1366 802 τῶν
1394 740 1541 801 Παλατίων

253 866 426 944 διακειμένη,
454 871 570 926 συστᾶσα
593 865 624 927 δέ
651 865 697 928 καί
727 866 907 942 βελτιωθεῖσα
941 865 1015 946 παρὰ
1044 870 1090 926 τοῦ
1124 863 1222 926 οἰκείου
1256 871 1288 946 τῇ
1322 864 1450 946 βασιλείᾳ
1481 882 1539 940 μου,

253 986 389 1068 Γεωργίου
410 991 456 1047 τοῦ
472 989 645 1068 Μονσχυτρᾶ,
668 987 714 1048 καί
736 989 955 1068 προσκυρωθεῖσα
973 994 1006 1070 τῇ
1026 994 1075 1064 της
1092 987 1203 1060 Πάτμσυ
1223 992 1292 1068 μονῇ
1309 986 1354 1046 διὰ
1376 993 1425 1061 της
1448 985 1539 1064 δωρη-

252 1111 344 1186 θείσης
368 1111 434 1192 αυτῄ
462 1109 604 1186 δυνάμεως
632 1108 676 1170 διὰ
702 1109 907 1188 χρυσοβοόλλσυ
934 1113 980 1169 τοῦ
1008 1109 1130 1184 ἀοιδίμου
1158 1109 1295 1184 βασιλέως
1320 1105 1367 1166 καί
1395 1107 1468 1168 θείου
1495 1114 1539 1184 της

254 1229 395 1304 βασιλείας
418 1251 478 1311 μου,
508 1236 589 1312 κυρσϋ
617 1233 742 1293 Ἰωάννου
765 1236 810 1292 τοῦ
833 1233 933 1314 Δσὺκσι,
965 1233 1035 1307 μετὰ
1068 1233 1175 1291 πάντων
1209 1237 1261 1291 τῶν
1295 1235 1539 1309 προσαρμοσάντιυν

254 1355 319 1436 αδτῇ
347 1352 456 1413 δικαίων
487 1353 534 1414 καί
562 1355 715 1434 προνομίων
744 1353 790 1416 καὶ
819 1355 911 1428 καθὼς
942 1355 1047 1427 ἐκεῖνος
1076 1355 1172 1430 ταόσην
1203 1355 1432 1434 ἀποκατέστησεν,
1459 1355 1539 1431 ἤγουν

253 1475 389 1554 παροίνιον
423 1474 584 1555 δουλευτιῖιν,
616 1475 758 1551 άμπελίων
799 1473 866 1560 [καί]
896 1475 1057 1555 χωρσρίων,
1087 1476 1171 1554 ἤγουν
1204 1483 1254 1552 τῆς
1284 1477 1460 1556 Κουλοθρας,
1495 1482 1540 1550 τῆς

250 1595 353 1677 Αἴγυς,
379 1599 425 1670 τοῦ
453 1595 529 1675 άγίου
557 1597 801 1676 Παντελεημσνος,
831 1603 880 1672 της
909 1599 1023 1672 Ἀσησοῡ
1053 1595 1098 1658 καί
1125 1603 1178 1658 τῶν
1207 1597 1269 1676 περὶ
1299 1598 1366 1658 αὐτὰ
1396 1599 1467 1658 κατὰ
1497 1599 1540 1671 την

254 1717 373 1798 ἀρχαίαν
395 1719 494 1778 τούτων
521 1720 607 1794 νομὴν
633 1718 680 1778 καὶ
707 1719 778 1779 κατά
804 1720 853 1790 τὰς
878 1721 1041 1800 περιλήψεις
1067 1725 1120 1779 τῶν
1147 1722 1299 1800 προσόντων
1330 1721 1397 1802 ouen
1428 1719 1540 1780 δικαιω-

255 1841 357 1915 μάτων.
385 1841 512 1918 μετόχιον
539 1841 567 1898 έν
593 1848 627 1922 τῇ
653 1844 727 1920 νησῳ
754 1841 815 1919 Κῷ,
842 1843 860 1916 ἡ
888 1841 1020 1921 ὑπερσγία
1043 1839 1195 1920 Θεοτόιιος,
1218 1843 1235 1916 ἡ
1260 1841 1292 1902 ἑκ
1317 1847 1368 1917 της
1394 1845 1442 1902 τοῦ
1462 1843 1541 1900 τόπου

254 1962 382 2036 κλήσεως
405 1962 629 2038 έπονσμαζσμένη
651 1968 705 2022 τῶν
729 1962 866 2042 Σπονδῶν,
895 1963 964 2037 μετὰ
990 1965 1097 2024 πάντων
1124 1969 1177 2024 τῶν
1205 1964 1325 2044 ἀρχαίων
1346 1983 1378 2024 τε
1403 1961 1451 2024 καί
1477 1967 1542 2024 νέων

255 2083 366 2144 δικαίων
396 2086 490 2162 αὑτοῦ,
517 2086 601 2164 ἤγουν
631 2086 776 2165 χωραρίων
805 2093 858 2145 τῶν
890 2085 918 2144 ἐν
949 2089 1004 2157 τοῖς
1028 2087 1189 2166 Περιπάτου,
1219 2087 1274 2156 τοῖς
1298 2085 1470 2166 Πετρορείοις
1499 2085 1541 2145 καί

255 2210 304 2282 της
327 2203 518 2285 Ἀντιμαχίας,
549 2211 595 2266 τοῦ
624 2207 749 2282 μόλωνος
775 2211 821 2268 τοῦ
847 2207 1037 2286 περιελθόντος
1063 2213 1097 2288 τῇ
1125 2215 1194 2290 μονῇ
1222 2209 1255 2268 ἐκ
1282 2205 1472 2288 προσενέξεως
1501 2214 1542 2267 τοῦ

256 2329 413 2407 Διογένους,
436 2330 482 2388 τοῦ
506 2326 676 2404 διακειμένου
700 2329 806 2400 ἐντοῖς
828 2329 1083 2410 τοθΕθδρσμαρίου,
1110 2328 1232 2388 καὶτῶν
1256 2329 1285 2388 έν
1308 2329 1375 2413 αὺτῇ
1402 2332 1541 2409 προσκαθ-

256 2452 366 2526 ημένων
392 2447 477 2522 ξένων
507 2447 553 2509 καὶ
580 2449 618 2528 τῷ
646 2444 768 2528 δημοσίῳ
796 2451 1003 2527 άνεπιγνώστων
1034 2449 1081 2510 καί
1107 2457 1160 2510 τῶν
1191 2452 1296 2512 λοιπῶν
1324 2453 1407 2526 αθτῆς
1435 2451 1542 2512 δικαίων

256 2572 328 2631 κατὰ
348 2571 397 2646 τὴν
419 2574 561 2650 γεγονυῖαν
588 2573 785 2652 πατριαρχικὴν
807 2572 957 2652 παράδοσιν
983 2571 1030 2634 καί
1057 2573 1283 2634 ἀποκατάστασιν.
1306 2573 1341 2633 τὰ
1365 2572 1393 2632 ἐν
1416 2580 1450 2655 τῇ
1471 2577 1542 2652 νήσῳ

260 2693 349 2774 Λέρνῃ
377 2693 501 2770 μετόχια,
529 2686 567 2751 ὧν
593 2695 623 2752 τό
650 2693 701 2769 μὲν
729 2695 758 2752 ἓν
780 2694 975 2769 ἐπονομάζεται
999 2694 1156 2774 Παρθένιον,
1183 2697 1213 2754 τδ
1241 2693 1271 2754 δὲ
1300 2696 1390 2774 ἕτερον
1413 2695 1542 2770 Τεμένιοι,

259 2815 328 2890 μετά
353 2817 460 2875 πάντων
487 2821 540 2874 τῶν
567 2819 814 2896 προσαρμοσάντων
842 2817 974 2876 ἀνέκαθεν
1002 2816 1091 2888 αίιτοϊς
1119 2816 1229 2877 δικαίυιν
1256 2815 1303 2876 καί
1330 2823 1382 2876 τῶν
1407 2818 1437 2877 ἐν
1460 2818 1543 2886 αθτοῐς

258 2937 488 3016 προσκαθημένων
510 2937 647 3016 παροίκων
670 2935 716 2998 καί
740 2937 892 2997 δουλευτιῖιν
927 2937 1131 3015 σίνεπιγνώστων
1152 2937 1235 2998 όντων
1255 2935 1420 2997 καὶτούτων
1443 2938 1542 2997 παντά-

258 3080 323 3120 πασι
344 3055 382 3138 τῷ
405 3061 482 3138 μέρει
505 3063 551 3122 τοῦ
575 3059 715 3137 δημοσίου.
742 3060 770 3119 ἐν
792 3063 848 3132 τοῖς
868 3059 1009 3137 Φυγέλοις
1032 3062 1159 3138 μετόχιον
1183 3061 1197 3118 ό
1220 3062 1297 3138 ἅγιος
1320 3054 1457 3139 Γεώργιος
1480 3058 1543 3135 μετὰ

258 3185 364 3242 πάντων
391 3187 444 3242 τῶν
471 3181 582 3242 δικαίων
610 3184 697 3242 αθτοῦ.
725 3185 809 3241 ταῦτα
837 3182 886 3256 μὲν
915 3179 959 3240 οὖν
987 3179 1039 3242 είσί
1065 3181 1099 3240 τδι
1124 3182 1304 3260 παλαιγενέσι
1324 3179 1442 3252 δικαίοις
1463 3201 1542 3258 προο-

259 3305 414 3384 αρμόσσντα
435 3307 562 3379 κτηματα
584 3311 616 3386 τῇ
640 3304 807 3385 είιαγεστάτη
834 3307 883 3378 τῆς
907 3304 1019 3377 Πάτμσυ
1043 3309 1122 3385 μονῇ.
1146 3301 1194 3363 καὶ
1215 3303 1338 3383 κρατόνει
1360 3301 1407 3364 καὶ
1431 3302 1544 3381 ἐπικυροῖ

260 3427 341 3507 ταότη
360 3427 378 3500 ἡ
399 3425 526 3498 βασιλεία
542 3445 593 3500 μου
615 3426 664 3500 τὴν
688 3424 775 3485 αθτιῖιν
800 3424 958 3484 δεσποτείαν
973 3445 1003 3484 τε
1024 3422 1072 3483 καὶ
1093 3427 1237 3504 κυριότητα
1259 3423 1297 3503 τῷ
1319 3425 1431 3502 παρόντι
1452 3441 1542 3504 χρυσο-

261 3547 374 3626 βοίιλλιρ
400 3547 479 3625 λόγῳ
506 3546 587 3622 αθτῆς
613 3547 684 3606 κατά
710 3547 759 3622 τὴν
786 3547 918 3606 ἀνέκαθεν
940 3548 1113 3626 κρατήσασαν
1135 3548 1230 3620 νομήν.
1258 3544 1541 3624 προσεπιριλστιμεῖται

262 3667 292 3726 δὲ
318 3675 351 3750 τῇ
377 3669 486 3750 τοιοσότῃ
517 3673 586 3750 μονῇ
613 3669 631 3744 ἡ
659 3667 787 3742 βασιλεία
815 3689 866 3743 μου
892 3669 953 3728 κατ’
977 3665 1046 3726 ἰδίαν
1073 3668 1226 3747 φιλοτιμίαν
1254 3669 1336 3742 σίντης
1362 3667 1410 3727 καὶ
1434 3673 1542 3747 ψυχικῆς

263 3790 344 3866 αὑτῆς
367 3790 449 3850 ἕνεκα
472 3789 604 3869 σωτηρίας
632 3789 677 3849 διόι
697 3794 744 3849 τοῦ
766 3792 899 3869 παρόντος
920 3789 1127 3870 χρυσοβσόλλου
1149 3790 1235 3868 λόγου
1257 3789 1339 3864 αθτής
1361 3791 1391 3849 τδ
1413 3794 1541 3870 χωράριον

262 3912 292 3972 τδ
317 3910 468 3987 πλησιάζον
496 3911 546 3986 μὲν
576 3909 614 3989 τῷ
641 3911 763 3990 μετσχίῳ
792 3917 841 3986 τῆς
870 3912 993 3986 τοιαύτης
1024 3917 1109 3986 μονῆς
1135 3915 1181 3970 τοῦ
1204 3911 1310 3989 Πόργου
1336 3909 1383 3970 καὶ
1411 3911 1541 3986 ἐπονομα-

262 4028 374 4108 ζόμενον
389 4033 407 4107 ἡ
424 4032 509 4092 Γωνία
528 4037 574 4092 τσῦ
591 4032 701 4108 Πετάκη
721 4031 767 4093 καὶ
787 4034 1003 4108 συμποσοίιμενσν
1025 4031 1064 4104 εἰς
1083 4034 1219 4107 ποσότητα
1234 4031 1383 4112 ζευγαρίων
1405 4021 1541 4112 τεσσάρων,

262 4155 448 4232 κατεχόμενον
469 4153 501 4214 δὲ
521 4155 618 4235 ἀρτίως
636 4155 709 4234 παρὰ
730 4159 776 4216 τοῦ
799 4157 898 4235 μέρους
921 4159 966 4215 τοῦ
988 4156 1167 4234 περιποθήτου
1185 4153 1315 4234 γαμβροῦ
1336 4159 1386 4229 τῆς
1409 4151 1541 4228 βασιλείας

263 4296 324 4357 μου,
351 4279 397 4336 τοῦ
424 4277 647 4356 πρωτοσεβάστου
676 4280 756 4357 κυροῠ
780 4277 916 4351 Μανσυὴλ
943 4279 1088 4352 Κομνηνσῦ
1114 4279 1159 4336 τοῦ
1187 4279 1323 4355 Λάσκαρι·
1358 4275 1469 4358 ἀποσπᾷ
1497 4275 1541 4352 γὰρ

263 4399 326 4458 atuh
349 4397 396 4456 ἀπ’
412 4397 515 4458 ἐκείνου
537 4400 554 4472 ἡ
579 4397 707 4472 βασιλεία
730 4419 780 4473 μου
809 4396 854 4457 καί
875 4403 1018 4478 προσνυροῖ
1040 4401 1096 4470 τοῖς
1119 4396 1233 4468 δικαίοις
1254 4402 1300 4456 τσῦ
1322 4399 1440 4458 τοιοότου
1468 4415 1540 4472 μετο-

262 4513 323 4597 χίου
345 4523 391 4580 τοῦ
415 4519 521 4599 Πθργου
543 4517 591 4578 καὶ
614 4517 756 4598 διορίζεται
779 4520 992 4591 άναποσπάστως
1014 4518 1060 4580 καὶ
1084 4519 1268 4596 άναραιρέτως
1289 4521 1457 4598 κατέχεσθαι
1478 4515 1541 4598 παρὰ

263 4643 309 4702 τοῦ
331 4642 430 4720 μέρους
451 4647 501 4716 τῆς
522 4641 646 4716 τοιαότης
669 4645 764 4720 μονῆς,
788 4643 877 4719 ὥσπερ
902 4639 925 4700 εἰ
949 4640 1021 4716 μηδὲ
1049 4641 1126 4712 ἐκτός
1152 4641 1302 4720 προσετέθη
1330 4641 1362 4700 ἐκ
1384 4643 1456 4720 νέου,
1485 4639 1539 4700 ἀλλ’
