3160 5292
1251 395 1254 404 ,
1269 353 1332 418 249

53 559 91 628 της
108 554 262 632 ῦπεράγνου
285 553 428 629 δεσποίνης
457 551 503 614 καί
526 553 693 630 θεομήτορος
720 558 769 628 τῆς
793 551 978 632 Ὀδηγητρίας
1006 551 1076 626 μετά
1102 557 1155 610 τῶν
1178 551 1331 628 προσόντων

54 673 110 754 ἀντῷ
131 673 289 754 χωρσρίων.
313 675 374 746 τούς
397 676 479 754 ἐντῄ
501 676 568 757 αῦτη
591 677 665 752 νήσῳ
686 674 714 734 ἐν
736 674 870 752 διαφόροις
891 675 1004 754 χωρίοις
1027 675 1233 753 εὑρισκομένους
1256 671 1330 732 είκο-

52 802 136 858 σιοκτω
162 798 323 878 παροίκους,
353 795 383 870 ἐξ
410 793 448 858 ὧν
471 797 532 868 τούς
556 796 606 873 μὲν
628 799 820 877 προκατεῖχον,
843 797 906 870 τούς
928 796 958 856 δέ
980 797 1032 876 πρό
1055 795 1150 875 ὀλίγον
1171 795 1331 876 παρέλαβον

52 921 78 979 δι’
106 921 295 1000 ἀπογραρικῆς
329 919 585 991 ἀποκαταστάσεως.
630 919 732 994 ὁμοίως
768 917 815 979 καὶ
848 919 882 978 τά
914 917 1103 995 παραδοθέντα
1135 919 1203 998 πρός
1237 917 1332 987 αύτούς

51 1043 167 1112 ὡσαύτως
193 1044 329 1121 χωράρια,
360 1041 394 1100 τά
417 1041 550 1120 Βουνάρια
577 1041 728 1120 λεγόμενα,
756 1041 804 1112 τὰς
827 1040 995 1122 Τροχαλέας
1017 1037 1064 1100 καὶ
1085 1019 1123 1098 τά
1141 1037 1269 1114 Λιβάδια.
1294 1040 1332 1098 ἔτι

50 1184 76 1240 γε
100 1164 154 1238 μὴν
180 1162 227 1222 καί
253 1164 284 1222 τό
310 1163 379 1222 ούτω
401 1183 461 1235 πως
489 1161 724 1237 ἐπονομαζόμενον
749 1167 796 1222 τοῦ
818 1163 982 1240 Δράκοντος.
1013 1163 1081 1241 πρός
1107 1161 1208 1231 τούτοις
1230 1159 1277 1220 καί
1299 1161 1333 1218 τά

48 1283 100 1361 περί
128 1285 178 1359 τὴν
208 1291 290 1362 νῆσον
319 1285 368 1359 τὴν
391 1285 480 1364 Λίρον
508 1285 668 1359 διακείμενα
695 1285 828 1364 μονίδρια,
855 1287 886 1344 τό
908 1305 939 1344 τε
965 1287 1011 1344 τοῦ
1035 1283 1183 1363 Παρθενίου
1213 1281 1260 1343 καί
1286 1287 1332 1343 τοῦ

49 1408 171 1480 Τεμενίου
195 1407 430 1484 ἐπονομαζόμενα,
459 1403 529 1480 μετά
551 1413 605 1466 τῶν
627 1409 779 1486 προσόντων
806 1407 896 1480 αὺτοῖς
917 1405 1066 1486 παροίκων,
1094 1407 1171 1465 ἅτινα
1196 1403 1243 1464 καί
1266 1404 1333 1465 ούτά

49 1529 85 1586 διὰ
108 1535 162 1587 τῶν
192 1526 343 1608 εἰρημένων
370 1527 472 1604 δμοίως
497 1527 710 1606 χρυσοβούλλων
733 1531 902 1608 κατέχουσιν.
937 1529 1065 1600 ὡσαύτως
1091 1525 1139 1588 καὶ
1164 1527 1199 1587 τά
1222 1525 1261 1600 είς
1283 1527 1331 1604 σἠν

48 1656 117 1726 νῆσον
145 1651 195 1724 τὴν
223 1649 273 1708 Κῶ
299 1650 360 1725 τρία
388 1651 514 1728 μετόχια,
546 1651 577 1709 τό
599 1671 629 1710 τε
652 1651 806 1710 Ἀσποντίσυ
834 1649 1046 1730 ἐπιλεγόμενον,
1069 1649 1100 1709 τό
1126 1653 1172 1710 τοῦ
1200 1649 1330 1710 δεσπότου

47 1771 85 1831 καὶ
110 1775 239 1852 Σοπῆρος
261 1773 340 1847 ἡμῶν
364 1773 454 1848 Ἰησοῦ
478 1773 591 1851 Χριστοῦ
619 1771 667 1831 καὶ
695 1773 727 1831 τό
749 1769 857 1846 Ἀλσος
884 1772 954 1847 μετὰ
980 1777 1034 1832 τιῦν
1059 1773 1213 1854 προσόντων
1241 1773 1331 1844 ούτοῖς

46 1893 237 1974 ύδρομυλιίινων
259 1913 289 1954 τε
315 1893 362 1953 καὶ
390 1893 536 1974 χωραρίιον
563 1892 610 1954 καί
635 1899 682 1954 τοῦ
709 1900 832 1970 ποταμοῦ
860 1895 904 1954 σύν
932 1892 970 1970 τῷ
997 1893 1080 1973 τοπίῳ
1106 1892 1146 1972 τῷ
1174 1893 1228 1954 όντι
1256 1893 1332 1966 ἐντός

46 2021 85 2076 τοῦ
104 2019 221 2096 κάστρου
244 2014 357 2096 Πυλίου,
381 2013 422 2092 ἐφ’
444 2009 482 2074 ὧν
509 2016 653 2095 ἀνήγειρεν
680 2013 818 2092 οἰκήματα
840 2017 855 2075 ό
878 2015 1023 2097 ἱερώτατος
1048 2015 1260 2094 ἀρχιεπίστιοπος
1281 2020 1331 2090 τῆς

46 2140 120 2214 αύτῆς
142 2141 225 2213 νήσου
247 2139 299 2198 Κῶ
320 2137 395 2217 παρὰ
417 2139 530 2214 γνώμην
552 2137 599 2197 καί
621 2138 733 2213 θέλησιν
755 2144 808 2198 τῶν
831 2138 956 2199 τοιούτων
981 2144 1121 2216 μοναχῶν,
1144 2139 1212 2217 πρός
1230 2137 1332 2210 τούτοις

47 2261 79 2320 ἔτι
96 2259 141 2320 καί
161 2263 207 2320 τόν
227 2258 268 2332 είς
288 2260 419 2342 τὀχωρίον
441 2264 488 2321 τοῦ
503 2257 659 2322 Ἔποωιδίοο
680 2264 811 2342 πάροικον
827 2261 967 2322 Νικόλαον
990 2262 1035 2320 τόν
1052 2259 1259 2340 Μαυρολέονσα,
1283 2258 1332 2334 τὴν

45 2383 160 2460 τοιαύτην
177 2384 264 2444 αύτιῦν
280 2385 389 2456 ζήτησιν
412 2380 459 2442 καί
481 2384 654 2464 παράκλησιν
677 2382 884 2464 προσδεξαμένη
904 2386 921 2459 ἡ
943 2382 1071 2457 βασιλεία
1086 2405 1138 2460 μου
1159 2383 1206 2442 τόν
1227 2383 1331 2462 παρόν-

45 2525 72 2562 τα
97 2503 304 2584 χρυσόβσυλλον
332 2504 418 2582 λόγον
446 2503 608 2586 έπιχορηγεῖ
630 2507 733 2586 αύτοῖς,
758 2506 792 2566 δι’
813 2500 843 2566 ού
865 2510 1025 2586 προστάσσει
1047 2503 1094 2565 καὶ
1117 2502 1271 2585 διορίζεται,
1295 2505 1333 2576 ὡς

45 2629 72 2684 έν
92 2627 126 2686 τά
147 2630 258 2688 τοιαῦτα
280 2628 399 2705 μετόχια
425 2625 472 2686 καὶ
494 2629 621 2701 κτήματα
643 2625 690 2688 καὶ
711 2623 796 2689 λοιπόι
819 2629 995 2705 ἀναστηματα
1022 2627 1168 2704 μετὰτῶν
1191 2627 1219 2686 έν
1242 2625 1333 2696 αὺτοῖς

43 2749 174 2827 παροίκων
204 2747 251 2808 καί
282 2750 514 2829 προσκαθημένων
544 2752 651 2832 κατέχῃ
681 2751 699 2826 η
730 2752 838 2825 τοιαύτη
870 2749 1007 2826 σεβασμία
1037 2751 1107 2825 μονὴ
1138 2749 1333 2827 ἀνενοχλητως

43 2869 84 2930 καὶ
104 2869 292 2950 ἀδιασείστως,
317 2871 408 2931 ἔτιδὲ
430 2872 614 2952 ἀναραιρέτως
636 2871 682 2932 καί
705 2872 923 2945 ἀναποσπάστως
944 2871 991 2932 καί
1013 2873 1061 2947 τὴν
1085 2869 1115 2944 ἐξ
1139 2872 1225 2932 αίιτιῦν
1245 2875 1333 2930 πᾶσαν

44 2992 83 3051 καὶ
108 2993 238 3054 παντοίαν
266 2993 433 3073 ἀπορέρηται
460 2993 593 3074 πρόσοδον
620 2991 667 3054 καὶ
694 2993 771 3054 ούδέν
802 2993 911 3076 εὑρίσκῃ
938 2991 982 3054 ἐπὶ
1003 2999 1036 3074 τῇ
1059 2999 1165 3074 κατοχῇ
1192 2991 1239 3051 καί
1261 2998 1331 3074 νομῇ

42 3113 83 3172 καὶ
109 3119 165 3185 τοῖς
193 3113 308 3187 δικαίοις
334 3119 413 3175 πᾶσιν
441 3115 529 3174 αῦτιῦν
556 3115 787 3176 καταδυναστείαν
814 3112 873 3175 τινά
898 3119 917 3189 ἢ
940 3115 1047 3175 ἀδικίαν
1074 3113 1120 3175 καὶ
1149 3114 1332 3192 διενόχλησιν,

43 3235 96 3295 ούτε
129 3237 205 3318 παρά
237 3243 291 3296 τῶν
324 3237 396 3297 κατά
428 3238 537 3316 καιρούς
570 3239 839 3318 κεραλατικευόντων
874 3238 977 3318 ἐκεῖσε,
1013 3235 1074 3298 ούτε
1106 3236 1180 3316 παρὰ
1213 3241 1266 3295 τῶν
1300 3235 1333 3294 τά

43 3357 155 3432 δημόσια
178 3357 386 3440 διενεργούντων
408 3363 426 3435 ἡ
448 3366 566 3420 τοπικῶν
589 3357 636 3420 καί
658 3361 755 3421 σίλλων
778 3367 866 3439 τινῶν,
891 3360 968 3420 ἀλλὰ
991 3361 1170 3440 διατηρῶνται
1192 3359 1227 3418 τά
1246 3377 1332 3436 προσ-

43 3479 101 3537 όντα
128 3483 218 3540 πάντα
243 3485 277 3561 τῇ
303 3481 412 3562 τοιαύτῃ
439 3481 575 3564 σεβασμίᾳ
601 3487 671 3563 μονῇ
700 3484 816 3560 μετόχιά
837 3503 868 3546 τε
895 3480 941 3542 καί
964 3485 1091 3557 κτήματα
1119 3475 1189 3556 μετά
1218 3485 1272 3540 τῶν
1302 3479 1330 3538 ἐν

42 3601 128 3673 σύτοίς
159 3603 297 3682 παροίκων
331 3601 378 3662 καί
412 3603 646 3682 προσκαθημένων
681 3599 805 3683 ἀνώτερα
836 3605 925 3679 πάσης
958 3605 1112 3679 ἡστινοσοῦν
1147 3600 1255 3674 ἀδικίας
1287 3600 1334 3660 καί

43 3721 278 3804 καταδυναστείας,
306 3724 435 3797 ὡσαύτως
462 3723 493 3784 δὲ
519 3724 567 3784 καί
594 3725 646 3784 ἀπό
673 3725 726 3784 τῶν
754 3726 960 3799 ἀπαιτουμένων
989 3725 1078 3786 ἐκεῖσε
1106 3725 1225 3798 συνήθων
1249 3724 1331 3782 ἀπαι-

42 3845 151 3922 τήσεων,
181 3850 228 3906 τοῦ
254 3865 285 3905 τε
311 3847 462 3926 κεφαλαίου
488 3853 538 3924 τῆς
565 3845 716 3928 σιτσρκίας,
747 3853 793 3908 τοῦ
818 3849 916 3919 τέλους
942 3853 991 3924 τῆς
1020 3846 1264 3928 παρθενοφθορίας,
1287 3851 1333 3906 τοῦ

42 3964 179 4038 βασιλικοῦ
202 3968 300 4040 τέλους
322 3969 487 4051 λεγομένου,
514 3971 560 4028 τοῦ
583 3973 750 4051 μηνιατικσῦ,
773 3974 820 4031 τοῦ
842 3970 1039 4048 ἀλατοτέλους,
1062 3972 1108 4028 τοῦ
1131 3968 1333 4048 ζευγαρατικίου

41 4086 84 4144 καὶ
110 4093 163 4148 τῶν
191 4091 288 4150 ἀλλων
314 4097 367 4150 τιῦν
395 4093 520 4152 τοιούτων
549 4093 724 4168 δημοσιακῶν
746 4095 764 4167 ἢ
788 4098 840 4152 τῶν
865 4092 962 4152 σίλλων
987 4092 1190 4166 ἀπαιτημάτων.
1220 4087 1279 4148 ἐπεὶ
1302 4089 1333 4149 δὲ

43 4209 166 4290 ίνέρερον
189 4211 214 4272 οί
235 4215 348 4274 τοιοῦτον
372 4212 488 4292 μοναχοὶ
514 4213 563 4274 καί
584 4215 624 4274 ότι
647 4215 661 4272 ό
684 4209 829 4294 ἱερώτατος
853 4209 1066 4294 ἀρχιεπίσκοπος
1088 4217 1137 4288 τῆς
1160 4210 1333 4288 δηλωθείσης

40 4331 121 4405 νήσου
144 4333 191 4393 Κῶ
217 4339 342 4414 πειρᾶται
365 4335 486 4396 ἀπαιτεῖν
510 4335 604 4407 αύτούς
630 4337 660 4395 τό
683 4335 836 4412 λεγόμενον
859 4337 1011 4410 κανονικὸν,
1038 4335 1068 4393 τό
1092 4335 1264 4410 μνημόσυνον
1286 4333 1333 4393 καὶ

44 4453 117 4512 ἀλλα
134 4459 196 4534 τινά,
220 4458 287 4536 ἀπερ
311 4457 389 4517 οῦδὲν
412 4452 489 4535 εἶχον
511 4459 632 4534 συνήθως
655 4457 766 4536 διδόναι,
790 4457 836 4517 καί
858 4455 1051 4538 παρεκάλεσαν
1075 4455 1205 4538 καὶπερὶ
1228 4457 1332 4538 τούτου,

42 4573 181 4653 διορίζεται
206 4576 252 4638 καί
278 4577 339 4658 περὶ
365 4579 458 4640 τούτου
484 4582 502 4658 ἠ
525 4581 653 4656 βασιλεία
676 4601 736 4657 μου,
767 4582 807 4653 ὡς
834 4583 865 4639 ἀν
893 4580 1041 4656 διαμένωσι
1067 4577 1113 4640 καί
1140 4579 1206 4662 ύπέρ
1232 4581 1331 4642 τούτων

43 4696 223 4774 ἀνενόχλητοι.
252 4701 315 4760 όθεν
343 4700 390 4760 καί
416 4708 450 4784 τη
478 4699 547 4779 ίσχύι
573 4701 620 4762 καί
647 4702 759 4778 δυνάμει
786 4706 832 4762 τοῦ
853 4703 984 4782 παρόντος
1007 4702 1215 4782 χρυσοβούλλου
1242 4701 1330 4782 λόγου
