3160 5292
1263 339 1323 402 231

4 567 5 588 2
49 533 115 604 αῦτην
142 537 195 608 γῆν
227 537 274 592 τοῦ
304 532 411 612 Καρίκη
446 531 493 590 καί
524 533 651 592 Ἰωάννου
684 537 730 592 τοῦ
761 534 879 612 σίδελφσῦ
909 536 996 594 αῦτσῦ.
1031 537 1158 612 τέταρτον
1190 535 1325 614 ἔγγραφον

47 653 234 714 ίίωνοταντίνσυ
259 659 305 714 τοῦ
328 655 502 734 Καρεστινοῦ,
528 655 730 715 Κωνσταντίνου
756 661 802 716 τοῦ
827 657 948 736 Ιίλεῦρη,
973 658 1114 716 Ἰωάνννου
1146 661 1191 715 τοῦ
1215 657 1325 716 Μαιαν-

47 778 130 854 ἒρινοῦ,
153 777 298 836 Βασιλείου
320 781 367 836 τοῦ
391 777 557 854 αῦταδέλφου
582 779 669 854 αὺτοῦ,
698 777 736 850 είς
759 777 895 856 ῦπέριωρα
919 779 1038 840 δώδεκα.
1068 781 1160 857 ἕτερον
1189 779 1325 857 ἔγγραφον

46 897 234 957 Κωνοταντίνου
259 901 306 958 τοῦ
328 899 456 958 Πεπανοῦ
484 896 523 970 είς
550 898 637 958 δνικδν
666 899 790 977 μεγάλαν
817 901 985 974 ποσοῦμενσν
1012 901 1150 980 ῦπέρπυρα
1178 897 1218 972 ἔξ.
1251 900 1324 960 ἀλλο

45 1021 166 1098 ἔγγραφον
191 1001 318 1079 Ἰωάννου
347 1023 394 1080 τοῦ
417 1019 514 1098 Νιτροῦ
545 1017 583 1091 εἰς
610 1020 748 1100 ῦπέρπυρα
776 1017 816 1092 ἔξ.
848 1021 923 1082 ἄλλο
950 1025 995 1082 τοῦ
1018 1023 1145 1100 Λυγηροῦ
1168 1021 1215 1081 καί
1239 1023 1324 1081 Βασι-

43 1142 106 1202 λείαν
131 1147 179 1202 τοῦ
202 1141 375 1222 Εὺλογιώτσυ
403 1140 441 1214 εἰς
468 1144 604 1222 ῦπέριτυρα
629 1145 720 1205 πέντε.
749 1143 822 1202 ἄλλο
847 1145 983 1224 ἔγγραφον
1010 1145 1106 1223 ίερέως
1128 1149 1174 1204 τοῦ
1199 1143 1325 1224 Προδρο-

43 1265 106 1338 μίτσυ
127 1263 175 1324 καί
199 1266 343 1324 Κισσιανοῦ
366 1269 411 1324 τοῦ
434 1265 602 1342 αῦταδέλρου
631 1266 709 1324 αῦτοῦ
736 1263 783 1324 καί
807 1266 1008 1326 Κωνσταντίνου
1035 1271 1081 1326 τοῦ
1104 1266 1214 1342 ἀνεψιοῦ
1238 1268 1323 1326 αῦτιῦν

42 1389 78 1444 ui
102 1393 153 1444 τῶν
183 1387 229 1447 δῦο
257 1385 433 1464 αῦταδέλφων
460 1385 508 1445 καὶ
531 1386 746 1460 Εὺδαιμονίτζων
775 1385 814 1459 εἰς
842 1388 979 1468 ῦπέρτιυρα
1006 1372 1250 1467 δέκαάέγγραφσν
1279 1391 1325 1448 τοῦ

43 1511 187 1568 ’.ίντώνιιιου
218 1508 264 1568 καὶ
288 1510 407 1585 Μιχαὴλ
436 1513 482 1568 τσῦ
508 1507 564 1568 υἱοῦ
592 1510 670 1568 αῦτοῦ
697 1509 742 1568 καί
771 1510 877 1584 Νικήτα
904 1514 950 1569 τοῦ
978 1511 1070 1588 ἑτέρου
1097 1509 1152 1568 υίσῦ
1181 1511 1258 1570 αὑτοῦ
1286 1507 1325 1580 εἰς

42 1632 79 1704 ,ην
105 1632 186 1706 αὐτὴν
209 1638 261 1710 γῆν
289 1629 329 1700 είς
356 1631 509 1706 νομίσματα
539 1633 677 1708 ῦπέρπυρα
706 1633 796 1692 πέντε.
833 1633 968 1710 ἔγγραφον
996 1631 1199 1692 Κωνσταντίνου
1228 1631 1324 1712 ἱερέως

41 1757 77 1810 τοῦ
98 1755 190 1833 Γαβρᾶ
215 1752 263 1812 καί
291 1759 460 1832 πρωτοπαποί
489 1753 536 1812 καὶ
564 1753 699 1833 Γεωργίου
729 1754 902 1832 ἀναγνώστου
931 1759 977 1813 τοῦ
1007 1753 1061 1812 υίσῦ
1093 1755 1171 1812 αὑτοῦ
1201 1752 1247 1812 καὶ
1275 1759 1324 1828 τῆς

42 1875 139 1948 τιμβίου
172 1876 250 1935 αὐτοῦ
280 1873 318 1946 εἷς
348 1873 500 1948 νομίσματα
531 1876 667 1955 ῦπέρπυρα
698 1875 776 1936 δέκα,
812 1879 895 1934 ταῦτα
925 1875 976 1950 μὲν
1005 1876 1039 1933 τὰ
1067 1877 1191 1954 ἔγγραφα
1217 1873 1264 1934 καί
1291 1874 1325 1932 τὰ

41 1996 186 2071 δηλοῦμενα
216 1999 361 2076 ῦπέρπυρα,
391 1997 434 2075 ἀφ’
460 1992 490 2056 οῦ
519 1997 610 2076 ἐκρίθη
638 1999 655 2071 ἠ
685 1996 773 2056 Γωνία
800 2006 844 2056 τοῦ
870 1997 1048 2070 Ψωμοζοῦλη
1077 1997 1112 2056 δι’
1140 1997 1251 2074 ἐρισμοῦ
1278 2000 1324 2055 τοῦ

41 2119 150 2192 ἀοιδίμου
180 2121 317 2194 βασιλέως
343 2124 424 2198 σωροῦ
448 2121 576 2178 ’ίωάννσυ
603 2117 650 2178 καί
677 2119 847 2192 ἀπεκατέστη
874 2119 949 2197 παρὰ
974 2124 1021 2177 τοῦ
1043 2121 1250 2196 Ζαγαρσμμσίτη
1277 2117 1324 2177 καὶ

39 2239 76 2298 ναὶ
108 2241 363 2318 πανυπερσεβάστσυ
390 2245 470 2320 κυροῦ
493 2241 628 2320 Γεωργίου
657 2240 696 2312 είς
727 2239 828 2300 οἰκείαν
857 2235 1015 2300 δεσποτείαν
1045 2238 1092 2300 καὶ
1124 2238 1245 2312 ἐξουσίαν
1275 2245 1324 2315 τῆς

41 2361 140 2436 Πάτμσυ
175 2363 220 2421 διὰ
252 2364 300 2437 τὴν
334 2365 423 2440 ψυχήν
446 2383 498 2436 μου
531 2361 577 2420 καί
610 2364 640 2420 τ“ο
674 2364 748 2440 φῦοει
777 2362 866 2422 καλδν
895 2363 1064 2442 γειτωνικῦν,
1098 2364 1169 2432 ὅστις
1204 2365 1236 2420 ἂν
1263 2355 1323 2440 εἶχε

41 2484 130 2544 δίκαιον
159 2483 205 2543 καί
228 2487 346 2560 ἔκαμνεν
371 2485 446 2554 ἐντὀς
468 2486 580 2562 τούτοις,
611 2485 760 2559 ὠνησάμην
784 2487 861 2544 αῦτδν
886 2485 930 2544 διὰ
952 2487 982 2543 τδ
1005 2486 1022 2558 ἡ
1045 2483 1106 2562 ἱερὰ
1129 2485 1199 2557 μονὴ
1222 2483 1324 2556 ἤθελεν

41 2603 160 2680 ἐξωνῆοαι
188 2607 233 2665 τὀν
261 2608 328 2681 ἔμὀν
355 2607 435 2664 τόπον
463 2605 509 2664 καί
535 2612 644 2680 ποιῆσαι
671 2608 801 2680 κάθιομα.
830 2611 989 2686 μαρτυροῦσι
1017 2604 1062 2664 καὶ
1089 2605 1123 2664 τὰ
1147 2607 1281 2684 ἔγγραφε,
1305 2607 1323 2663 ὀί

40 2725 75 2784 διδ
98 2733 145 2787 τοῦ
170 2733 282 2802 νομικοῦ
312 2725 359 2786 καί
385 2733 437 2786 τῶν
465 2728 605 2802 ὀνομάτων
632 2734 684 2786 τῶν
712 2730 883 2806 πρασσόντων
911 2731 1066 2806 γράφονται.
1098 2725 1145 2786 καὶ
1175 2727 1226 2802 δψέ
1255 2745 1322 2785 ποτε

39 2849 97 2918 μετὰ
126 2851 241 2908 θάνατον
270 2849 335 2922 ἑμδν
363 2850 558 2926 ἔμφανισθέντα
589 2849 623 2907 τὰ
651 2850 775 2926 ἔγγραφα
801 2851 918 2924 τούτοις,
947 2847 1021 2927 ε’ίττερ
1048 2851 1161 2924 γένηται
1197 2847 1324 2925 συντυχία

38 2968 75 3026 καὶ
102 2971 118 3042 ἡ
147 2969 232 3048 κρίσις
265 2975 311 3028 τοῦ
334 2971 553 3048 Ζαγαρομμάτη,
590 2969 636 3028 καί
670 2973 921 3048 αατακριδησονται,
953 2972 993 3028 ὅτι
1017 2970 1227 3048 Παναχραντινὰ
1254 2966 1323 3045 ἦσαν

39 3091 65 3146 τα
88 3095 212 3169 χωράφισι
241 3091 418 3166 δικαιοῦμενα
446 3097 479 3172 τῇ
505 3091 608 3168 ίΙσίτμῳ
637 3091 681 3150 διὰ
705 3091 912 3172 χρυσσβσῦλλσυ
928 3093 1013 3170 λόγου
1036 3091 1256 3168 παραδεδωμένα
1278 3094 1323 3148 τοῦ

3 3255 4 3266 ,
39 3212 150 3286 ιἰσιδίμου
165 3215 291 3293 Λάοιιαρι
311 3219 356 3273 τοῦ
371 3215 510 3291 γέροντος,
534 3216 548 3272 δ
571 3213 617 3272 καί
642 3214 804 3287 διασώζηται
827 3216 909 3292 μέχρι
933 3217 1051 3292 σήμερον
1074 3211 1120 3272 καί
1145 3211 1322 3291 ἑμφανίζηται

38 3331 76 3389 καί
96 3335 199 3412 δριομοί
223 3333 344 3412 διάφοροι
366 3335 606 3412 ὑπογεγραμμένον
628 3331 702 3414 παρὰ
725 3341 770 3394 τοῦ
793 3334 915 3409 ἀοιδίμου
940 3335 1077 3406 βασιλέως
1096 3339 1177 3412 κυροῦ
1194 3335 1322 3393 ’ίωσίννσυ

40 3460 74 3510 τοῦ
88 3456 176 3514 Δοῦιια
206 3455 252 3514 καὶ
275 3457 402 3534 γαμβροῦ
435 3458 513 3516 αὺτοῦ
543 3457 693 3534 κυρωτικοί.
725 3458 790 3534 ῦπὲρ
813 3459 906 3515 τοῦτου
934 3455 979 3514 καί
1008 3455 1184 3528 ἔξκουοσεῦσν
1207 3454 1253 3515 καί
1276 3457 1322 3515 τδν

39 3595 109 3634 τιτον
135 3583 178 3637 τοῦ
203 3579 310 3656 Πῦργσυ
337 3578 390 3637 ἀπδ
413 3583 535 3652 ποταμοῦ
563 3581 616 3647 ἔως
644 3584 775 3653 ποταμοῦ.
801 3581 892 3656 ἔτερον
916 3578 1121 3657 χρυσόβουλλον
1143 3581 1322 3658 περιεκτικόν,

40 3695 158 3776 ἐπικυροῦν
189 3699 236 3760 καί
267 3700 328 3770 τοίας
355 3699 479 3779 ὁρισμοὺς
506 3701 612 3770 τούτους
641 3699 688 3758 καὶ
716 3701 779 3758 αῦτδ
806 3703 922 3777 γεγονὸς
949 3701 1023 3778 παρὰ
1048 3705 1095 3759 τοῦ
1122 3705 1166 3758 νῦν
1196 3703 1324 3778 κραταιοῦ

41 3817 78 3874 καὶ
103 3821 177 3896 ἁγίου
199 3823 278 3895 ἡμῶν
307 3823 432 3880 αῦθέντσυ
463 3821 509 3880 καί
536 3821 689 3900 βασιλέως,
712 3827 792 3900 κυρσῦ
816 3823 935 3899 Μιχαὴλ
959 3823 1104 3896 Κομνηνσῦ
1126 3826 1172 3880 τσῦ
1197 3821 1323 3880 Παλαισ-

40 3937 133 4016 λὲγαυ.
154 3945 221 4017 ὁμοῦ
244 3943 268 4001 σί
293 3941 429 4018 βασιλικοί
453 3941 558 4023 δρισμοί
582 3945 699 4015 ἅπαντες
722 3944 774 4002 ἀπο
794 3965 823 4002 τε
847 3941 1020 4015 ἑξκσυσσείας
1043 3949 1096 4002 τῶν
1120 3943 1254 4020 μετσχίων
1277 3941 1323 4002 καὶ

41 4066 79 4118 τοῦ
104 4065 268 4145 κσμμερκίσυ
295 4072 348 4122 τῶν
372 4068 510 4144 τεσσάρων
533 4065 683 4140 καραβίων,
711 4067 870 4139 πσοοῦμενοι
899 4066 923 4124 οἱ
946 4068 1045 4134 πάντες
1067 4063 1275 4142 πεντεκαίδεκα,
1299 4065 1325 4122 οἳ

42 4183 80 4241 καί
105 4188 228 4256 σώζονται
256 4186 290 4245 τὰ
312 4187 444 4266 πρεσβεία
471 4185 517 4246 καί
539 4187 573 4245 τὰ
595 4187 674 4265 κῦρια
697 4182 892 4256 διασώζοντες
921 4185 967 4245 καί
995 4187 1083 4260 βλέπε
1106 4188 1146 4263 οῦ,
1170 4189 1185 4244 δ
1209 4185 1324 4260 μέλλων

43 4304 148 4385 ἀδελφός
169 4331 219 4382 μου
242 4311 435 4386 ἡγουμενεῦειν
458 4311 507 4383 τἠν
529 4313 697 4388 περιώνυμον
722 4308 806 4384 μονὴν
829 4314 878 4382 τῆς
903 4309 1024 4386 Πάτμου,
1053 4310 1117 4366 ὅταν
1139 4307 1186 4366 καί
1210 4307 1323 4366 πολλοί-

43 4445 79 4497 κις
104 4429 177 4512 είιρης
204 4430 362 4491 δυναστείαν
389 4433 502 4505 τοπικὴν
530 4429 576 4489 καὶ
599 4430 742 4510 ἔναρχίαν,
770 4427 805 4487 νὰ
832 4428 979 4510 ἔμφανίσῃς
1007 4427 1040 4486 τὰ
1066 4431 1185 4507 παρέντα
1209 4428 1323 4487 δικαιώ-

45 4569 108 4620 ματα
129 4551 172 4612 καί
193 4551 318 4632 σίντιοτῇς
341 4555 439 4626 σώτοῖς.
465 4551 639 4634 προλέγσμαί
661 4574 702 4612 σοι
723 4556 811 4630 τοῦτο,
836 4554 873 4626 μή
889 4572 949 4622 πως
972 4549 1109 4620 ἀδυνάτως
1138 4551 1220 4628 εῦρών
1244 4571 1275 4608 σε
1298 4550 1324 4608 οἱ

44 4671 226 4749 κακοδαίμονες
256 4679 369 4756 χωρῖται
401 4675 562 4755 ἐργάσονται
593 4673 632 4744 είς
662 4676 710 4750 τὴν
742 4674 827 4752 μονὴν
858 4673 933 4734 δεινὰ
963 4671 1010 4732 καί
1038 4671 1179 4748 ἐπίβουλα.
1208 4669 1269 4754 περὶ
1292 4673 1323 4732 δὲ
