3162 5278
231 343 297 407 344

231 536 333 596 ἔσωθεν
355 539 373 611 ῆ
398 533 499 610 ἔξωθεν
526 543 572 599 τοῦ
600 538 779 619 μονασιηρίου
808 534 854 595 καὶ
882 534 922 608 είς
949 535 1076 595 δουλείαν
1104 536 1196 598 ἕλκειν
1221 537 1309 614 σύτδν,
1338 535 1416 596 ἀλλά
1444 535 1527 610 καὶή

233 655 340 736 ἐκλογὴ
367 655 415 716 καὶ
441 660 604 732 κατάστασις
629 664 675 720 τοῦ
697 660 852 737 ἡγουμένου
873 656 945 716 κατὰ
966 655 1076 736 καιρούς
1099 659 1138 734 μὴ
1163 657 1260 730 ἄλλως
1282 655 1418 738 γίγνηται,
1444 655 1469 717 εί
1492 661 1527 732 μὴ

232 776 303 836 κατὰ
325 779 370 836 τὀν
392 779 473 839 τύπον
496 784 540 840 τού
563 782 709 860 κτήτορες,
737 783 815 852 μένοι
838 778 947 853 δηλαδὴ
971 777 995 838 οί
1018 780 1135 858 πατέρες
1156 783 1252 838 ποιῶσι
1278 778 1327 852 τἠν
1352 778 1476 858 ἐκλογὴν
1498 779 1528 837 ἐκ

232 901 316 973 μέσου
336 899 423 958 αθτῶν
443 898 488 958 καὶ
508 902 667 962 καθιστῶσιν
689 903 852 980 ἡγούμενον,
876 901 906 959 δν
926 903 959 958 ἀν
980 899 1090 978 εύρωσιν
1112 895 1200 980 ἀξιον,
1223 897 1270 960 καὶ
1292 899 1445 978 ἀπέχοντες
1467 897 1527 959 ὦσιν

232 1019 258 1080 οἱ
279 1020 364 1081 ἄλλοι
384 1020 492 1100 μακρὰν
512 1028 560 1098 τῆς
580 1023 703 1099 τοιαύτης
726 1023 891 1100 ὑποθέσεως,
914 1021 997 1099 ἤγουν
1020 1025 1070 1096 τῆς
1093 1020 1216 1098 ἐκλογῆς
1238 1024 1284 1080 τοῦ
1306 1021 1462 1098 ἡγουμένου
1483 1021 1528 1080 καί

233 1145 303 1216 μήτε
333 1141 428 1222 ἱερεῖς,
459 1146 529 1218 μήτε
559 1143 652 1204 λαϊκοί
678 1144 704 1204 οί
734 1141 789 1216 ἐξω
818 1149 868 1220 τῆς
897 1147 951 1202 τῶν
981 1143 1105 1220 πατέρων
1132 1141 1275 1217 συσκηνίας
1306 1142 1406 1220 ἔχωσιν
1437 1142 1526 1202 ἄδειαν

234 1264 368 1340 ἐμβαλεῖν
392 1265 502 1336 ἑαυτούς
525 1265 565 1337 είς
586 1268 709 1343 τοιαύτην
733 1267 877 1347 ὑπουργίαν
904 1265 965 1324 κατ’
989 1263 1117 1338 οὐδεμίαν
1139 1265 1280 1343 πρόφασιν,
1305 1266 1381 1336 ύπως
1402 1265 1526 1343 φυλαχθῇ

233 1386 248 1442 ὁ
271 1381 301 1456 ἐξ
324 1385 413 1464 ἀρχῆς
438 1387 520 1457 τύπος
542 1391 588 1448 τοῦ
611 1387 790 1468 μονσσσηρίου
813 1388 934 1465 καθαρδς
959 1385 1006 1446 καί
1030 1385 1210 1460 ἀμετάθετσς·
1238 1383 1262 1444 εί
1284 1384 1339 1465 γάρ
1360 1383 1409 1445 καὶ
1431 1386 1525 1462 ἔφθασε

233 1507 360 1583 γενέσθαι
374 1527 398 1566 τι
420 1512 538 1569 τοιοῦτον
562 1507 680 1569 ἐναντίον
702 1513 749 1569 τοῦ
770 1508 858 1568 πάλαι
881 1509 973 1584 τύπου,
998 1505 1060 1567 δέον
1086 1505 1278 1582 ἐμπεδωθῆναι
1301 1510 1348 1566 τοῦ
1367 1507 1465 1568 λοιποῦ
1484 1507 1526 1566 καὶ

234 1628 369 1706 ἀπρακτσν
393 1628 528 1704 διαμεῖναι
554 1630 626 1690 κατὰ
647 1630 696 1700 τάς
718 1632 919 1711 προειρημένας
942 1629 1131 1700 διακελεύσεις
1157 1633 1210 1687 τῶν
1233 1633 1437 1709 πατριαρχιιαῦν
1459 1629 1526 1689 ἀπο-

234 1750 348 1824 φάσεων.
380 1749 478 1810 δπὸταν
507 1747 537 1810 δέ
563 1752 643 1831 χρεία
666 1754 778 1831 γένηται
804 1750 973 1830 χειροτονίας
995 1751 1066 1820 τινδς
1092 1748 1138 1808 καὶ
1167 1749 1359 1830 ἀρχιερατικῆς
1386 1751 1526 1829 ὑπουργίας

235 1869 263 1928 ἐν
290 1867 328 1948 τῷ
355 1873 536 1953 μσνσστηρίῳ,
566 1873 733 1954 προσκαλεῖν
762 1873 815 1952 ἔχῃ
842 1873 856 1930 δ
883 1872 1037 1951 ήγούμενος
1067 1868 1110 1930 ἐπὶ
1140 1871 1256 1950 τούτοις,
1287 1873 1318 1930 δν
1348 1871 1380 1932 διν
1411 1871 1525 1952 ἐθελήσῃ

233 1995 286 2048 τῶν
313 1990 463 2072 ἀρχιερέων
490 1993 535 2053 ἐπί
561 1993 600 2074 τῷ
624 1995 747 2055 ἐκτελεῖν
775 1994 809 2054 τά
832 1991 1009 2074 ἀρχιερατικὰ
1034 1992 1098 2052 ἀνευ
1122 1995 1208 2068 μένης
1230 1999 1280 2068 τῆς
1302 1996 1348 2052 τοῦ
1371 1993 1445 2073 ἱεροῦ
1466 2014 1523 2052 συν-

234 2112 327 2192 θρύνου
355 2112 580 2193 ἐγααθιδρύσεως.
612 2117 642 2186 ’ἐς
671 2115 694 2176 δ’
720 2118 751 2174 ἀν
774 2115 824 2193 ὀψέ
847 2135 912 2174 ποτε
937 2113 1064 2192 τολμήσῃ
1091 2113 1166 2192 παρὰ
1187 2115 1271 2173 ταῦτα
1293 2113 1327 2172 τά
1348 2116 1525 2194 γεγραμμένα

233 2239 343 2308 ποιῆσαι
372 2232 418 2294 καὶ
444 2235 507 2295 καθ’
530 2234 683 2311 σῖονδήτινα
712 2238 809 2314 τρόπον
837 2236 985 2315 ἀνατρέψαι
1014 2235 1065 2307 τὰς
1095 2234 1241 2314 ἀποφάσεις
1270 2240 1323 2294 τῶν
1354 2237 1525 2312 παλσιγενών

233 2357 403 2434 γραμμάτων
430 2353 477 2416 καὶ
504 2354 544 2428 εἰς
572 2356 698 2416 δουλείαν
720 2357 780 2416 τινὰ
806 2357 958 2434 ὑπαγαγεῖν
985 2355 1034 2431 τήν
1062 2355 1219 2436 ἐλευθερίαν
1241 2360 1288 2416 τοῦ
1310 2355 1524 2436 μοναστηρῖουή

236 2475 386 2553 ἐνοχλῆσαι
412 2479 468 2549 τοῖς
497 2476 525 2534 ἐν
553 2474 625 2557 αύτῷ
652 2476 830 2552 ἀσκουμένοις
852 2480 870 2552 ῆ
893 2479 1006 2553 ζητῆσαι
1029 2477 1099 2537 πολὺ
1122 2481 1140 2552 ή
1164 2476 1259 2552 ὀλίγον
1283 2474 1314 2549 ἐξ
1337 2478 1418 2537 αὐτοῦ
1439 2477 1523 2556 νοσφί-

235 2598 332 2656 σασθαι
351 2599 370 2672 ῆ
386 2597 568 2679 ἀποστερῆσαί
579 2620 607 2658 τι
629 2607 681 2658 τῶν
706 2594 901 2679 ἀφιερωμσίτων
924 2600 1013 2678 αὑτοῦ,
1036 2599 1051 2656 ὁ
1071 2603 1203 2678 τοιοῦτος,
1227 2598 1323 2671 δποίσς
1346 2601 1378 2658 ἐν
1393 2595 1412 2681 ἦ
1426 2595 1525 2670 τάξεως

235 2716 281 2776 καὶ
309 2717 424 2798 βαθμοῦ,
456 2721 494 2790 ὡς
526 2719 636 2791 ἀλαζὼν
663 2719 709 2779 καὶ
736 2721 919 2800 φρονηματίας
947 2721 1132 2800 ἀφωρισμένος
1162 2718 1205 2795 είη
1234 2720 1287 2779 ἀπδ
1313 2725 1363 2796 τῆς
1389 2719 1525 2794 θμσουσίσυ

235 2836 282 2897 καί
297 2841 428 2910 ζωσπσιοῦ
447 2837 495 2899 καί
518 2839 669 2920 ἀδιαιρέτου
691 2841 811 2920 τριάδος,
834 2845 880 2901 τοῦ
903 2841 963 2910 ένδς
986 2846 1018 2922 τῇ
1041 2840 1113 2919 φύσει
1137 2841 1219 2914 μόνου
1242 2841 1315 2919 θεοῦ,
1337 2838 1384 2898 καί
1407 2861 1523 2918 κατηρα-

236 2960 318 3033 μένος
344 2959 391 3020 καί
419 2960 613 3040 ἀσυγχώρητος
639 2960 686 3020 καὶ
713 2961 783 3036 μετὰ
810 2963 925 3021 θάνατον
950 2961 1048 3031 ἀλυτος
1075 2959 1122 3019 καὶ
1145 2963 1320 3036 τυμπανιαῖος
1344 2959 1391 3020 καί
1413 2963 1431 3036 ἡ
1455 2958 1524 3040 μερὶς

236 3081 315 3141 αὺτοῦ
338 3081 408 3158 μετά
430 3087 475 3142 τοῦ
497 3081 630 3163 προδότου
650 3081 740 3143 Ἰούδα
762 3081 808 3142 καί
831 3083 902 3163 εύρσι
923 3085 968 3142 τὀν
991 3084 1053 3142 θεον
1078 3079 1211 3143 ἀντίδικον
1235 3083 1314 3142 αθτοῦ
1338 3083 1366 3141 ἐν
1389 3084 1524 3164 πῆήμέρᾳ

235 3209 285 3278 τῆς
311 3203 439 3284 κρίσεως,
467 3203 514 3263 καί
540 3208 640 3274 πάσαις
667 3208 725 3276 ταῖς
746 3206 890 3283 πατρικαῖς
917 3202 963 3263 καί
987 3203 1138 3276 συναδικεῖς
1165 3204 1243 3283 ἀραῖς
1270 3203 1314 3280 εἴη
1337 3205 1465 3276 ύπὸδικσς
1484 3201 1524 3262 καί

235 3323 273 3401 τῷ
302 3323 401 3403 αἰωνίῳ
429 3325 578 3398 ἀναθέματι
605 3326 757 3396 ύπεύθυνος.
793 3327 854 3386 ὅθεν
883 3323 922 3397 εἰς
951 3323 1062 3398 ἔνδειξιν
1089 3323 1136 3384 καί
1164 3323 1276 3401 διηνεκῆ
1304 3325 1353 3400 τὴν
1382 3323 1523 3404 ἀσφάλειαν

236 3445 347 3522 ἐγένετο
369 3446 399 3504 τδ
422 3447 508 3527 παρδν
530 3447 665 3524 ήμέτερον
688 3449 894 3526 πατριαρχικύν,
917 3444 1065 3524 συνοδικάν,
1091 3446 1332 3525 ἐπιβεβαιωτήρισν
1356 3445 1523 3524 σιγιλλιῦδες

237 3567 266 3624 ἐν
295 3565 466 3646 μεμβράναις
492 3569 619 3646 γράμμα,
650 3568 840 3646 καταστρωθέν
870 3564 922 3626 κάν
948 3567 987 3647 τῷ
1013 3567 1079 3647 ἱερῷ
1106 3567 1205 3626 κὼδικι
1231 3573 1280 3642 τῆς
1306 3567 1368 3626 καθ’
1392 3569 1465 3641 ήμαῖς
1484 3572 1523 3625 τεῦ

238 3687 352 3767 Χριστοῦ
375 3688 503 3765 μεγάλης
526 3687 685 3763 ἐκκλησίας.
710 3688 743 3748 ἐν
759 3690 826 3748 ἔτει
843 3686 949 3769 ,αψξβ
964 3687 1007 3766 τῷ
1023 3687 1182 3766 σωτηρίῳ,
1207 3687 1436 3762 ἐπινεμήσεως
1452 3686 1523 3762 ιε’.ή

339 3833 489 3903 Εαοωρίασ
500 3833 585 3888 πίνακί.
597 3835 672 3889 δῖαν.
681 3835 722 3889 II.
736 3851 785 3888 nro
794 3836 840 3888 72.
854 3835 943 3888 Error
951 3835 979 3886 ιἰν
987 3835 1138 3902 ίσιιίίσίίοιιε,
1152 3851 1240 3887 αππιαν
1253 3833 1483 3888 7270kabetim1.
1492 3833 1521 3886 X.

237 3936 294 3993 Sub
314 3955 363 3991 nro
383 3939 421 3991 73
441 3944 529 3992 miae
552 3933 643 4009 ἕτερον
661 3927 721 3990 ἴσον
741 3934 844 4006 δμοιον.
869 3931 898 3990 ἐν
918 3929 990 4009 αὐτῷ
1011 3931 1134 4011 εύρηνται
1155 3930 1284 3990 ἐπιπλέον
1305 3928 1342 3990 α’.
1373 3930 1523 4010 ἀντίγραφοι

233 4039 281 4095 ,τοῦ
296 4033 357 4116 περὶ
373 4039 423 4111 τῆς
439 4035 590 4107 διαλύσεως
605 4040 650 4095 τοῦ
666 4035 799 4110 κοινοβίου
815 4036 962 4110 ύπδμνημα
974 4033 1128 4114 Νικηφόρου
1143 4033 1247 4093 ἐκείνου
1259 4037 1305 4093 τοῦ
1316 4037 1523 4114 χαρτοφύλκκος,

235 4141 431 4218 περιεχόμενον
449 4138 477 4197 ἐν
493 4137 531 4217 τῷ
547 4139 590 4196 ὑπ’
603 4138 671 4218 ἀριθ.
689 4134 747 4211 σξζ’
762 4141 942 4217 χειρογράφου
957 4139 1049 4216 τεύχει
1063 4144 1113 4214 τῆς
1128 4139 1265 4218 ἡμετέρας
1281 4137 1470 4213 βιβλιοθήκης.
1493 4134 1522 4208 β’.

236 4240 358 4322 περὶτοῦ
375 4243 500 4302 Ἰωάννου
516 4243 643 4318 Κουνέλη
660 4241 705 4302 καί
721 4243 748 4322 γ’
764 4240 826 4324 περί
846 4247 890 4304 τοῦ
909 4246 1059 4322 γενομένου
1080 4241 1236 4315 ἀναδασμοῦ
1257 4237 1359 4316 μεταξύ
1379 4247 1429 4320 τῆς
1448 4246 1523 4316 μονῆς
1571 4291 1572 4302 ,

237 4345 282 4406 καί
319 4353 368 4421 τῆς
402 4347 556 4423 κοινότητος
586 4353 639 4407 τῶν
668 4355 815 4422 κοσμικῶν.
847 4353 926 4407 Flor.
951 4353 1098 4408 Librarius
1129 4358 1218 4407 autem
1248 4339 1336 4406 noster
1366 4354 1471 4406 scribit:
1499 4344 1522 4402 τί

237 4451 286 4510 ύπδ
301 4451 346 4510 τδν
368 4450 450 4510 ἀνωθι
467 4447 577 4531 ἀριθμδν
594 4453 734 4528 σιγίλλιον
751 4445 821 4510 είνσιι
840 4452 870 4510 τ“ο
892 4451 955 4510 αύτδ
975 4451 1085 4510 καθδλα
1105 4453 1198 4524 δμοιον
1218 4455 1263 4510 τοῦ
1282 4457 1321 4510 72
1336 4449 1406 4528 ἀριθ.
1431 4450 1465 4523 μὲ
1482 4447 1522 4522 τὴν

237 4553 364 4634 διαφορὰν
378 4556 470 4634 μόνον,
488 4557 526 4613 ὅτι
541 4556 571 4614 τδ
583 4558 629 4614 τοῦ
645 4563 683 4614 73
699 4549 768 4613 εἶναι
784 4553 1035 4634 ἀντιγεγραμμένον
1051 4553 1209 4634 δρθιθτερον.
1226 4553 1275 4626 τάς
1291 4553 1441 4633 ἐλλείψεις,
1458 4555 1522 4612 ἐστι·

235 4678 286 4730 νας
308 4659 338 4718 ’.δ
361 4656 411 4717 ύπδ
432 4665 470 4718 72
494 4657 561 4737 ἀριθ.
588 4653 673 4737 εἶχεν,
700 4658 882 4739 ἀνεπλήρωσα
907 4657 939 4717 ἐκ
960 4662 1007 4720 τοῦ
1026 4665 1073 4722 73.
