3160 5292
1246 359 1310 426 213

34 549 155 624 κατείχετο
184 549 250 624 αθτη
273 551 320 612 καί
344 552 457 625 ἐνέμετο
480 551 517 622 ὡς
539 551 635 628 γονικὴ
659 549 746 609 αἰετῶν
768 547 814 608 καὶ
838 551 887 610 ουκ
914 545 1041 636 [ἐδίδ]ουν
1065 546 1137 613 οὗτοι
1160 555 1226 632 πρὸς
1248 576 1307 616 τινα

35 670 117 747 μορτην
142 675 224 752 χάριν
251 675 364 754 ταύτης,
391 673 434 732 ἵνα
462 671 528 753 δοθῇ
551 671 615 750 παρ’
639 673 724 732 αὐτῶν
748 671 850 746 εἴδησις
871 679 904 754 τῇ
928 673 1057 756 βασιλείᾳ
1079 695 1130 750 μου
1156 674 1218 756 περὶ
1243 677 1307 736 τού-

34 813 74 850 του.
95 794 163 853 κατά
185 799 251 874 γοῦν
274 796 321 870 τὴν
343 791 489 876 πρόσταξιν
512 799 557 854 τοῦ
579 795 695 854 τοιούτου
719 795 828 871 ἐρισμοῦ
850 800 898 869 τῆς
922 795 1066 870 βασιλείας
1089 817 1140 872 μου
1169 797 1308 875 ἐπιδημη-

34 914 117 974 ςάιτων
143 917 217 976 κατὰ
242 920 288 977 τδν
315 920 407 996 τύπον,
436 911 524 1002 [ὅπου]
548 910 657 1001 κίεῖται]
681 917 698 990 η
723 915 879 990 δηλωθεῑαα
901 921 953 994 γῆ,
981 919 1026 976 τοῦ
1048 937 1077 976 τε
1100 919 1308 998 θεοφιλεστάτου

33 1038 158 1098 ἐπισκόπου
187 1041 336 1114 Ἀμαζόνος
363 1038 410 1098 καὶ
440 1042 485 1098 τοῦ
513 1037 609 1108 δουκδς
636 1043 685 1112 τῆς
711 1039 806 1116 χώρας
834 1037 1025 1099 Μελανονδίου
1052 1037 1099 1098 καί
1126 1038 1225 1102 οἰκείου
1253 1038 1306 1127 [τῇ]

31 1160 141 1243 βασιλεία
164 1184 227 1244 μου,
251 1163 379 1222 ’ίωαίννου
402 1165 448 1222 τοῦ
471 1155 633 1239 Σελαγίτου,
657 1160 902 1238 προσκαλεσάντων
930 1161 961 1220 δὲ
984 1162 1028 1222 σὺν
1050 1163 1153 1235 τούτοις
1175 1161 1221 1224 καὶ
1245 1165 1306 1224 έτέ-

30 1305 78 1358 ραις
95 1285 221 1358 τοτικοδς
244 1283 411 1357 ἀξιοπίστους
434 1279 590 1364 ἀνθρώπους
613 1283 662 1341 οθκ
684 1281 804 1362 δλίγους,
827 1281 873 1342 καί
897 1279 1081 1356 ἐξετασάντων
1104 1285 1138 1344 τὰ
1159 1283 1220 1366 περὶ
1242 1287 1307 1345 τού-

30 1426 63 1463 του
83 1406 212 1486 ἀκριβῶς,
237 1401 313 1486 εύρον
336 1407 387 1466 ἀπδ
411 1407 554 1484 συμφήμου
578 1404 725 1484 μαρτυρίας
747 1403 794 1462 καί
816 1409 910 1482 κοινῆς
933 1405 1085 1486 ὁμολογίας
1108 1406 1232 1468 ἀπάντων
1252 1413 1306 1468 τῶν

28 1530 223 1606 παρατυχόντων
247 1529 347 1609 ἐκεῖσε,
374 1528 465 1599 καθὼς
488 1525 682 1606 ἀριδηλότερον
703 1527 821 1608 παριστᾷ
842 1526 872 1586 τδ
896 1525 1051 1606 σημείωμα,
1078 1528 1144 1608 ὅπερ
1168 1523 1305 1616 [κ...]ηκε

28 1652 49 1708 τί
69 1652 150 1730 μέρος
171 1658 222 1726 τῆς
245 1657 339 1726 μονῆς,
364 1651 403 1708 δτι
425 1651 442 1724 ἡ
466 1650 573 1725 τοιαύτη
596 1653 633 1727 γῆ
656 1647 799 1726 κατείχετο
823 1648 873 1723 μέν
901 1647 948 1707 καί
971 1648 1083 1724 ἐνέμετο
1107 1653 1180 1730 παρά
1194 1671 1224 1712 τε
1251 1657 1304 1712 τῶν

28 1767 244 1857 ίίμλαχιωβιῖιν,
271 1778 325 1831 τῶν
352 1774 569 1847 Στοματιανιτιῖιν
599 1767 645 1830 καί
676 1771 789 1850 ἐτέρων,
823 1770 927 1830 ἐδίδοτο
956 1771 987 1830 δὲ
1010 1771 1193 1846 ἡάνήκουσα
1222 1775 1304 1856 ταύτῃ

27 1895 97 1972 μορτη
119 1896 188 1974 πρδς
211 1895 271 1966 τοὺς
298 1893 369 1952 κατά
391 1893 500 1974 καιροὶις
529 1893 730 1973 ἐργαζομένους
753 1892 835 1968 αθτὴν
857 1896 875 1968 ὴ
897 1893 964 1972 πρδς
986 1893 1016 1952 τδ
1040 1895 1124 1972 μέρος
1146 1897 1191 1954 τοῦ
1215 1893 1305 1970 δημο-

27 2015 71 2074 τίον
90 2021 107 2088 ἢ
129 2019 199 2097 προς
220 2015 282 2088 τοὺς
306 2015 344 2087 τίς
365 2018 492 2094 πρόνοιαν
516 2017 630 2094 ἔχοντας
652 2014 686 2074 τά
705 2013 870 2091 Μαλαχίου·
894 2013 940 2074 καί
963 2014 1084 2074 ἐντεῦθεν
1108 2013 1306 2094 διαγνωσθηναι

25 2138 139 2196 κατάτδν
163 2145 214 2214 τῆς
237 2138 370 2212 ἀληθείας
386 2139 472 2216 λόγον
494 2137 532 2212 μὴ
556 2138 666 2212 ἀνήκειν
688 2138 737 2212 την
759 2137 882 2214 τοιαύτην
897 2143 949 2214 γῆν
971 2139 1027 2210 τοῖς
1043 2138 1246 2216 Μαλαχιιίνταις
1268 2140 1307 2212 ὡς

23 2262 135 2338 γενικήν,
165 2259 259 2332 καθίυς
285 2261 299 2319 δ
328 2258 464 2335 δηλωθεὶς
494 2261 566 2330 θεῖος
592 2264 641 2334 τῆς
665 2257 808 2334 βασιλείας
831 2278 892 2337 μου,
916 2259 931 2316 θ
959 2255 1108 2340 Ἄγγελος,
1132 2259 1306 2342 [ἀνήίνεγκεν

25 2381 91 2460 ἀπῇ,
121 2380 201 2442 ἀλλά
223 2379 262 2459 τῷ
284 2383 363 2462 μέρει
388 2385 434 2441 τοῦ
462 2381 606 2458 δημοσίου·
630 2383 648 2454 ἢ
675 2379 729 2459 γὰρ
760 2381 792 2438 ἀν
823 2377 870 2439 καὶ
896 2379 925 2438 ἐν
951 2382 1007 2450 τοῖς
1037 2378 1188 2460 βιολογίοις
1218 2381 1305 2442 αύτῶν

24 2503 165 2582 περιείχετο
191 2503 238 2563 καί
266 2501 306 2576 είς
333 2505 518 2584 κληρονομίας
546 2504 632 2562 αὐτῶν
664 2503 756 2562 ἔπιπτε
785 2500 833 2562 καί
863 2501 902 2574 εἰς
928 2505 1043 2581 προῖκας
1070 2506 1228 2584 κατεγράμη
1258 2501 1306 2564 καί

23 2626 78 2700 τελη
93 2627 161 2705 Ιὀπέρ
176 2628 259 2701 αὐτῆς
278 2625 500 2699 κατεβάλλοντο·
521 2627 551 2684 τδ
571 2624 624 2704 γάρ
646 2625 798 2704 ἐπιμάρτως
821 2623 896 2702 ἔχειν
918 2623 1000 2698 αυτὴν
1020 2623 1130 2700 μᾶλλον
1155 2623 1304 2706 ἀλλοτρίαν

24 2747 130 2824 ἐμραίνει
151 2750 259 2828 ταύτην,
281 2749 374 2818 καθὼς
390 2747 503 2828 εἴρηται,
526 2746 572 2806 καί
589 2749 619 2808 οἶν
634 2748 745 2825 γονικὴν
769 2748 864 2807 αύτιῖιν.
890 2747 964 2806 ἔνθεν
980 2767 1019 2806 τοι
1042 2740 1089 2806 καί
1104 2748 1171 2826 πρδς
1187 2747 1304 2829 ἑδραίω-

23 2891 52 2926 τιν
73 2871 122 2943 μὲν
151 2868 197 2930 καί
221 2868 367 2946 βεβαίωσιν
393 2873 440 2930 τοῦ
462 2871 608 2947 γεγονότος
630 2866 836 2947 χρυσοβούλλου
863 2872 912 2942 τῆς
935 2867 1078 2942 βασιλείας
1101 2889 1153 2944 μου
1179 2875 1212 2951 τῇ
1241 2869 1303 2930 δια-

21 2990 141 3074 ληρθείοῃ
172 2998 243 3074 μονῇ
274 2997 322 3068 τῆς
346 2989 472 3070 ίίάτμου,
504 2986 692 3075 ἀπίοοέβη]τιν
726 2989 756 3048 δὲ
786 2987 832 3049 καί
863 2989 1016 3069 ἀποτροπὴν
1044 2994 1090 3049 τοῦ
1121 2993 1220 3071 μέρους
1250 2998 1303 3052 τῶν

21 3112 216 3193 Μαλαχιωτῶν,
247 3116 292 3174 τδν
322 3116 442 3192 παρόντα
471 3115 581 3192 θρισμδν
614 3115 696 3188 σίντης
723 3112 849 3192 ἐπορέγει
876 3113 893 3186 ἡ
922 3111 1050 3184 βασιλεία
1077 3135 1128 3188 μου
1158 3113 1196 3192 τῷ
1225 3116 1303 3193 μέρει

20 3240 59 3307 τῆς
87 3242 188 3316 μονῆς,
212 3235 246 3296 δι’
272 3231 302 3296 ού
329 3234 374 3295 καί
401 3230 618 3314 παρακελεύεται
646 3237 773 3312 κατέχειν
800 3235 898 3310 ταύτην
925 3233 971 3294 καί
998 3236 1128 3308 νέμεσθαι
1154 3236 1202 3311 τὴν
1226 3234 1303 3317 εἰρη-

21 3357 93 3431 μένην
115 3365 169 3436 γῆν
192 3357 387 3435 ἀνενοχλήτως
409 3356 454 3417 καὶ
479 3358 665 3436 ἀπερικδπως,
689 3358 727 3427 ὡς
749 3355 795 3416 καί
817 3356 891 3434 παρὰ
912 3361 958 3416 τοῦ
981 3358 1079 3436 μέρους
1101 3361 1147 3418 τοῦ
1174 3357 1307 3434 δημοσίου

20 3481 198 3556 κατεχομένην
227 3478 274 3540 καί
300 3477 374 3560 παρὰ
401 3487 450 3555 τῆς
479 3479 620 3554 βασιλείας
644 3500 695 3553 μου
723 3479 890 3558 δωρηθεῑοαν
918 3479 999 3560 ἀυτῇ,
1029 3484 1078 3556 τῆς
1109 3481 1225 3559 ἐχούσης
1256 3479 1302 3541 καί

20 3598 129 3660 δίκαιον·
160 3604 196 3677 μὴ
219 3609 333 3681 γονικῆς
360 3603 414 3682 γάρ
443 3601 597 3682 εὑρεθείσης
625 3607 678 3660 τῶν
703 3601 900 3678 Μαλαχιωτῶν
922 3608 972 3678 τῆς
993 3603 1119 3677 τοιαύτης
1141 3607 1208 3682 γῆς,
1233 3606 1303 3679 μήτε

22 3719 55 3778 ἐπὶ
80 3725 226 3800 τελέσματι
252 3723 298 3784 καί
326 3725 405 3804 βάρει
427 3725 619 3800 κατεχομένης
641 3723 704 3804 παρ’
722 3724 818 3800 αὐτῶν,
841 3726 948 3795 πάντως
972 3724 1086 3786 ἐκείνου,
1100 3721 1133 3803 ἦν
1155 3729 1202 3784 τοῦ
1224 3725 1302 3800 λαμ-

20 3843 138 3917 βάνοντος
163 3849 210 3922 τἠν
241 3850 343 3926 μορε-ἠν
375 3843 479 3931 [ἀυτῆς]
511 3843 661 3923 δεσποτικῷ
693 3845 803 3924 δικαίῳ,
834 3843 945 3918 καθέξει
971 3847 1020 3921 τὴν
1049 3848 1172 3923 τοιαύτην
1203 3853 1256 3924 γῆν
1284 3849 1301 3922 ἡ

20 3965 120 4042 1ἑηθεῖαα
152 3973 218 4044 μονὴ
249 3974 298 4042 τῆς
327 3970 438 4044 ίίάτμου
474 3971 513 4040 ὡς
544 3968 650 4047 δωρεὰν
684 3963 752 4052 [τῆς]
785 3966 928 4041 βασιλείας
955 3988 1006 4043 μου
1037 3969 1222 4049 ἀναφαιρέτως
1255 3968 1301 4028 καί

21 4086 220 4163 ἀι-αποσπάοτως
248 4090 304 4171 καί,
328 4092 359 4150 τδ
381 4095 434 4149 πᾶν
458 4088 552 4168 εἰπεῖν,
582 4089 758 4162 ἀδιασείοτως
780 4088 826 4148 καί
849 4085 1043 4168 ἀνενοχλήτως
1071 4093 1140 4167 μήτε
1168 4089 1221 4149 ἀπδ
1248 4095 1301 4164 τῶν

19 4215 54 4266 νίν
76 4211 308 4289 Μοιλαχιωτῶνῆ
332 4219 385 4272 τῶν
414 4213 557 4290 ἀπογόνων
581 4213 667 4271 αδτῶν
690 4215 707 4285 ἢ
729 4215 776 4270 τοῦ
799 4210 871 4270 θείου
894 4220 942 4286 τῆς
965 4211 1109 4285 βασιλείας
1133 4232 1183 4286 μου
1205 4215 1223 4286 ἦ
1246 4217 1300 4272 τῶν

21 4328 50 4400 εἰς
78 4334 107 4392 τ“ο
144 4332 205 4412 ἑξῆς
237 4332 407 4407 καθεξέντων
441 4337 471 4394 τδ
505 4339 622 4394 τοιοῦτον
653 4333 754 4412 χωρίον
787 4332 821 4391 τά
851 4331 1001 4410 Μαλαχίου
1034 4334 1214 4412 ὑφορωμένων
1252 4335 1301 4410 τἠν

19 4458 141 4529 τιχούοαν
164 4455 286 4536 ἔκλησιν,
314 4458 352 4528 ὡς
374 4454 421 4516 καὶ
448 4457 583 4536 ἀρραγοῦς
612 4455 767 4534 ὀφείλοντος
791 4453 927 4528 διαμένειν
954 4458 999 4512 τοῦ
1028 4456 1175 4533 γεγονότος
1197 4475 1300 4536 χρυσο-

19 4575 130 4644 βνέλλου
153 4583 199 4651 τῆς
221 4577 364 4650 βασιλείας
387 4599 438 4652 μου
460 4585 492 4659 τῇ
515 4578 624 4658 τοιαύτη
648 4583 732 4656 μονῇ·
761 4575 806 4635 διὰ
831 4576 885 4655 γάρ
911 4579 987 4636 τοῦτο
1014 4575 1138 4654 ἐγεγόνει
1159 4575 1197 4656 τῷ
1223 4578 1301 4656 μέρει
