3162 5278
638 642 757 708 CXXI.
782 643 858 710 Sine
880 666 964 710 anno
987 654 1160 712 otmense.

255 787 391 859 θάσσετον,
403 789 569 860 patriarcha
583 791 777 862 Alexandriae,
802 793 957 848 οεόοτιαιαν
975 793 1074 848 dmm
1098 800 1122 848 ει
1143 793 1308 850 habitatores
1329 795 1435 850 ιἰισιιίασ
1449 795 1535 850 Ραιπι·

731 897 769 952 ad
791 897 875 952 vitam
896 897 1059 968 σεθφίοεαιη.

356 1078 617 1161 ήΣίλβεστρος,
645 1079 731 1160 ἐλέῳ
754 1081 830 1141 θεοῖ
851 1083 962 1154 πὰπας
988 1081 1047 1142 καί
1068 1086 1277 1165 πατριάρχης
1302 1089 1361 1161 τῆς
1384 1085 1534 1163 μεγάλης

124 1231 128 1242 ·
252 1206 383 1278 πόλεως
407 1201 669 1284 Ἀλεξανδρείας
692 1201 747 1263 καί
769 1205 884 1284 κριτὴς
905 1211 964 1280 τῆς
985 1202 1195 1282 οἰκουμένης.
1217 1205 1239 1285 †

354 1401 375 1480 †
397 1397 462 1468 Τοῖς
486 1395 694 1471 εθλαβεοτὰτοις
717 1395 815 1477 ίερεῖισι
837 1395 884 1457 καὶ
906 1397 1002 1472 τιμίοις
1024 1397 1137 1478 ἄρχουσι
1160 1397 1189 1458 έν
1211 1404 1245 1482 τῇ
1269 1399 1374 1479 Πάτμῳ
1395 1401 1472 1479 νήσιρ
1492 1399 1533 1458 σὺν

249 1518 327 1580 παντί
349 1519 388 1598 τῷ
407 1519 512 1594 εῖισεβεῖ
532 1517 579 1579 καί
601 1518 777 1599 χριστωνὺμῳ
799 1516 862 1596 λαῷ
885 1519 955 1594 μετὰ
976 1525 1111 1596 γυναικῶν
1134 1518 1181 1580 καί
1201 1522 1316 1601 τέκνων,
1338 1521 1410 1582 κατὰ
1431 1525 1533 1596 πνεῦμα

251 1639 401 1722 ἀγαπητοῖς
423 1635 550 1726 [τέκνοις]
577 1645 626 1716 τῆς
647 1640 726 1714 ἡμῶν
749 1639 936 1721 μετριότητος,
960 1641 1054 1719 χάρις,
1079 1639 1174 1722 ἔλεος,
1198 1639 1301 1722 εἰρήνη,
1330 1641 1466 1721 ἁγιασμὸς
1490 1639 1533 1702 καὶ

250 1764 369 1845 σωτηρία
389 1764 464 1844 παρὰ
486 1764 548 1824 θεοῦ
569 1765 795 1843 παντοκράτορος.
819 1762 986 1843 ἠκούσαμεν,
1008 1763 1047 1822 δτι
1069 1762 1136 1842 ἁφοιῖ
1155 1764 1237 1840 ήμεῖς
1260 1762 1415 1840 ἐξήλθομεν
1438 1766 1532 1842 σάοτόθι,

250 1886 372 1968 συμφορὰ
398 1884 445 1946 καὶ
472 1885 550 1956 νόσος
576 1886 698 1966 πειράζει
724 1883 785 1944 κατ’
808 1885 868 1955 ἔτος
894 1885 939 1944 τὀν
967 1885 1048 1944 τόπον
1075 1885 1154 1944 αῖιτδν
1179 1883 1226 1946 καὶ
1248 1887 1279 1946 τδ
1301 1888 1416 1966 κάστρον
1438 1885 1485 1946 καί
1506 1888 1532 1946 τό

251 2009 328 2088 ἁγιον
351 2008 527 2087 μοναστήριον
549 2004 596 2067 καὶ
618 2005 681 2068 λίαν
705 2006 880 2083 έλυιτήθημεν
903 2005 1005 2088 (πόριος
1021 2000 1104 2090 οἶδε),
1129 2005 1196 2066 διότι
1214 2009 1385 2086 γινώσκομεν
1404 2006 1531 2082 βεβαίως

249 2133 290 2192 ότι
314 2133 398 2191 ταῖττα
427 2127 473 2188 καὶ
499 2117 537 2188 σθ’
559 2131 669 2190 τοιαῦτα
689 2127 809 2205 γίνονται
838 2126 909 2187 κατὰ
934 2123 1130 2208 παραχώρησιν
1159 2129 1222 2188 θεοῦ
1249 2127 1295 2188 διὰ
1322 2128 1372 2200 τὰς
1400 2127 1534 2210 ἁμαρτίας

248 2254 337 2332 ήμῶν,
370 2250 415 2310 διόι
443 2249 492 2322 τὰς
521 2248 617 2322 ὁποίας
645 2249 767 2310 παιδεύει
792 2250 869 2326 ἡμᾶς
897 2250 912 2308 ό
942 2250 1046 2328 ἁγαθός
1075 2251 1150 2328 θεός,
1184 2249 1228 2312 ἵνα
1257 2250 1460 2330 ἐπιστρέψωμεν
1489 2248 1533 2310 καὶ

249 2373 355 2451 ἰάσηται
376 2375 461 2450 ήμοῖς.
485 2371 604 2446 βλέπετε
626 2369 681 2452 οὗν,
705 2373 804 2448 μήπως
824 2373 1077 2451 καταφρονήσαντες
1098 2367 1148 2444 τὰς
1168 2373 1248 2448 ήμῶν
1269 2371 1463 2453 παραγγελίας
1489 2370 1533 2432 καί

247 2494 281 2556 τὰ
299 2496 494 2576 προστάγματα
514 2491 553 2566 εἰς
574 2497 656 2554 ταῦτα
677 2495 856 2574 περιεπέσατε
878 2493 912 2552 τὰ
932 2495 1018 2554 κακοί·
1044 2493 1102 2572 ἐγὼ
1123 2494 1177 2574 γὰρ
1199 2496 1377 2573 παρήγγειλα
1398 2494 1469 2573 ὑμῖν,
1492 2493 1533 2554 ίνα
1573 2577 1574 2580 ¹

247 2621 352 2699 τηρεῖτε
375 2617 423 2688 τὰς
447 2615 561 2688 ἐντολὰς
582 2619 628 2676 τοῦ
650 2615 723 2696 θεοῦ,
745 2615 838 2688 καθὼς
858 2617 954 2696 πρέπει
975 2619 1139 2696 χριστιανοῖς
1165 2614 1211 2676 καὶ
1234 2593 1259 2676 οἱ
1281 2617 1348 2676 θεῖοι
1369 2617 1448 2690 νόμοι
1471 2614 1532 2676 δια·
1573 2583 1574 2595 ί

246 2740 387 2800 κελείιουσι
414 2737 461 2799 καὶ
483 2741 522 2815 μή
544 2759 603 2808 τως
629 2735 676 2798 καί
702 2737 882 2816 ἀστοχήσατε,
909 2738 958 2798 οθκ
987 2732 1059 2818 οῖδα,
1090 2737 1189 2819 εήοηκοι
1214 2738 1285 2816 ὑμῖν,
1314 2737 1359 2798 ίνα
1386 2738 1533 2818 φυλάττετε

245 2861 295 2933 τθις
320 2859 537 2942 τεσσαρακοστὰς
563 2863 610 2920 τοῦ
636 2860 703 2920 όλου
729 2862 837 2940 χρόνου,
864 2858 899 2920 δι’
916 2861 950 2932 ἁς
976 2857 1115 2938 ἁγιάζεται
1141 2865 1215 2922 πάσα
1241 2861 1360 2937 ήμῶνή
1389 2861 1458 2941 ζωή,
1488 2857 1533 2920 καί

245 2983 294 3056 τὰς
319 2981 453 3063 τετράδας
480 2980 527 3044 καὶ
552 2977 710 3062 παρακευόις
739 2981 842 3057 όμοίως
869 2981 948 3054 ἑκτδς
973 2987 1027 3042 τῶν
1054 2981 1219 3044 δεσποτικῶν
1250 2982 1350 3062 ἑορτῶν
1380 2981 1427 3041 καὶ
1458 2977 1532 3066 [τῶν]

244 3109 313 3166 πάνυ
339 3105 472 3184 μεγάλων
499 3103 584 3184 ἁγίων
610 3103 657 3164 καὶ
680 3103 834 3181 σρολάζετε
859 3105 910 3176 τὰς
932 3103 1027 3184 ἑορτὰς
1053 3102 1099 3164 καί
1121 3105 1170 3175 τὰς
1192 3103 1322 3185 νυριακὰς
1348 3103 1533 3184 ἀπερχόμενοι

246 3227 354 3302 εἰςτὰς
378 3225 528 3302 ἐκκλησίας
550 3226 617 3306 πρός
639 3226 669 3284 τό
691 3226 783 3300 ὑμνεῖν
805 3223 853 3284 καὶ
875 3223 1035 3304 δοξολογεῐν
1056 3227 1103 3286 τδν
1125 3225 1215 3307 κόριον
1238 3225 1308 3302 μετὰ
1329 3227 1451 3306 καθαροῦ
1471 3247 1532 3285 συν-

246 3351 359 3428 ειδότος,
387 3349 430 3408 ἵνα
457 3348 549 3428 ὥσπερ
575 3348 605 3407 τό
633 3351 713 3421 σῶμα
734 3348 863 3430 Ιτρέφεται
890 3347 962 3428 ἁρτῳ
988 3346 1035 3408 καί
1058 3345 1193 3424 αἰσθητοῖς
1221 3348 1371 3429 βρώμασιν,
1394 3349 1465 3408 οὓτω
1488 3347 1532 3406 κεῖ

244 3475 264 3550 ή
290 3473 363 3550 W!
389 3473 468 3546 ήμῶν
499 3465 667 3550 ἀκροώμενοι
696 3474 749 3528 τῶν
779 3467 860 3530 θείων
892 3475 1003 3550 γραφῶν
1033 3471 1195 3550 τραφήσεται
1224 3468 1329 3546 νοητιῖις
1358 3469 1425 3548 θείῳ
1455 3470 1532 3547 λόγῳ

244 3592 291 3654 καί
313 3593 465 3668 πνεθματος
483 3593 581 3672 χάριτι.
609 3563 656 3652 καὶ
682 3591 726 3650 ἵνα
754 3588 851 3669 μηδεὶς
877 3589 995 3664 ἀναξίως
1021 3590 1068 3652 καί
1094 3591 1291 3667 ὀνειδιζόμενος
1318 3591 1368 3652 ὑπδ
1389 3597 1440 3667 τής
1464 3590 1532 3661 ἰδίας

244 3714 424 3790 συνειδήσεως
450 3713 595 3793 προσέλθοι
620 3709 673 3772 τῶν
700 3712 779 3774 θείων
806 3713 956 3794 μυστηρίων
977 3713 1064 3795 χωρὶς
1085 3714 1208 3794 καθαροῖς
1231 3711 1466 3792 έξομολογήσεως
1487 3709 1531 3772 νιαί

243 3842 426 3913 πνευματικῆς
442 3831 620 3916 διορθώσεως,
643 3834 709 3896 διότι
735 3834 768 3894 «ό
786 3837 899 3914 τρώγων
920 3833 967 3896 καί
988 3835 1071 3896 πίνων
1094 3831 1212 3908 ἀναξίως
1233 3837 1318 3915 κρῖμα
1340 3832 1428 3914 ἑαυτῷ
1451 3834 1531 3894 ἐσθίει

244 3958 291 4022 καὶ
309 3959 400 4020 πίνειν
428 3957 465 4034 μὴ
490 3956 632 4038 διακρίνων
654 3957 685 4016 τδ
707 3961 788 4033 σῶμα
809 3961 855 4017 τοῖν
876 3956 975 4038 κυρίου.
1002 3957 1066 4018 «διδ
1087 3961 1165 4020 τοῦτο
1188 3957 1217 4018 έν
1240 3958 1300 4034 ὑμῖν
1321 3955 1425 4018 πολλοὶ
1448 3957 1530 4018 ἁαθε-

245 4085 301 4156 νεῖς
323 4079 371 4143 καὶ
393 4077 527 4162 ἄρρωστοι
548 4077 595 4140 καί
616 4085 765 4156 κοιμῶνται
786 4077 891 4140 ίκανοίν
917 4077 995 4158 φησὶν
1016 4079 1031 4140 ό
1053 4081 1126 4153 θεῖος
1147 4079 1309 4153 ἀπόστολος.
1337 4078 1377 4150 είς
1399 4083 1479 4140 τοῦτο
1502 4079 1530 4138 δέ

245 4203 418 4281 συμβαίνουσι
450 4203 523 4263 νόσοι
549 4222 579 4262 τε
608 4200 655 4262 καὶ
680 4197 754 4276 πάθη
781 4199 828 4264 καὶ
850 4201 959 4262 θάνατοι
986 4199 1031 4262 διὰ
1056 4205 1102 4262 τοῖ
1128 4198 1247 4275 ἀναξίως
1272 4203 1473 4284 προσέρχεσθαι
1499 4207 1529 4282 τῇ

244 4325 303 4409 θείᾳ
331 4325 485 4404 μεταλήψει
511 4327 558 4385 τοῦ
585 4324 742 4386 δεσποτικοῦ
769 4325 904 4403 σώματος,
936 4321 1062 4398 δηλονότι
1089 4323 1302 4406 παραβαίνοντες
1328 4325 1377 4396 τὰς
1406 4324 1528 4400 ἐντολάς,

244 4450 277 4522 δς
297 4450 509 4530 προειρήκαμεν,
537 4448 577 4508 ότι
598 4447 693 4522 ἐπειδὴ
714 4447 760 4506 τόν
782 4445 898 4528 Χριστόν
921 4445 1037 4506 ἑνεδθσω
1060 4445 1103 4508 διὰ
1125 4449 1171 4508 τοί
1192 4446 1392 4526 βαπτίσματος,
1420 4441 1444 4506 δν
1466 4465 1527 4528 χρι-

244 4572 344 4650 στιανέ,
367 4567 444 4650 φησίν
466 4569 481 4627 ό
503 4569 576 4642 θεῖος
594 4547 795 4651 Χρυσόστομος,
818 4567 973 4650 ἁσφαλίζου,
997 4569 1035 4646 μή
1050 4567 1098 4644 τἠν
1114 4569 1258 4646 βασιλικὴν
1272 4565 1408 4651 ιτορφίιραν
1430 4571 1528 4652 σήψφς,

244 4693 282 4772 μὴ
315 4694 360 4754 τόν
397 4691 511 4753 ἁοπιλον
543 4696 646 4770 χιτῶνα
674 4690 828 4775 σπιλιθοης,
862 4691 901 4768 μὴ
929 4690 1041 4774 πορνείᾳ
1073 4691 1103 4752 τδ
1138 4689 1242 4768 ἱμάτιον
1276 4687 1457 4776 ἀσβολθσης,
1492 4689 1527 4764 μὴ
