3160 5292
242 337 302 404 188

239 535 285 596 καὶ
307 535 484 616 ἀναφαίρετον
507 535 674 616 δεσποτείαν,
697 533 744 596 καὶ
763 534 791 593 εῖ
804 555 827 592 τι
850 533 938 616 βοίιλη
965 533 1004 605 εἰς
1028 533 1096 594 αιῖτέι
1118 537 1237 614 ἡμονὴ,
1263 535 1321 612 ἔχει
1345 531 1466 606 ἐξουσίαν
1488 535 1522 608 μὴ

238 661 312 736 παροῖ
337 677 409 729 τινος
440 656 651 733 ἐμποδιζομένη.
688 656 715 716 εῖ
738 677 779 727 τις
806 654 837 715 δὲ
860 657 957 738 εὑρεθῇ
979 657 1075 736 λέγειν
1102 677 1127 716 τι
1152 655 1214 737 περὶ
1239 657 1331 716 ταίτου
1352 658 1370 731 ἡ
1398 655 1452 716 ἀπο
1477 662 1524 714 τῶν

240 779 366 858 ἀδελφῶν
394 779 472 855 ἡμῶν
503 783 521 854 ἡ
546 777 759 859 ουναδέλριυνὴ
790 780 1026 859 ουμπληοιααπῶν,
1059 781 1142 857 ἡμεῖς
1173 777 1246 840 οιίτοὶ
1281 779 1426 856 μέλλομεν
1461 778 1525 837 ἐπο-

238 902 332 961 παύειν
347 905 447 962 τοῦτον.
469 900 492 962 εἰ
513 901 544 961 δὲ
558 901 696 973 πολλάκις
711 902 793 977 ἡμεῖς
809 899 882 962 αἰτοὶ
897 901 948 978 ὀψέ
962 921 1029 962 ποτε
1053 903 1207 978 μετάμελοι
1221 903 1369 982 γενώμεθα
1390 906 1440 976 τῆς
1457 923 1524 982 παρ-

240 1025 321 1100 σίιοης
346 1026 472 1104 πράοειῖις
495 1045 563 1104 μας,
590 1024 634 1084 ἵνα
661 1030 700 1099 μὴ
729 1019 935 1098 εῖοακουὼμεθα
961 1024 1001 1103 ἐρ’
1026 1017 1067 1097 οἷς
1090 1025 1192 1103 ἔχομεν
1219 1025 1324 1103 λέγειν,
1351 1023 1386 1082 νέ
1414 1023 1523 1084 ἐπιπα-

239 1147 351 1221 οιῖιμεθοι
366 1145 398 1206 δέ
416 1145 463 1206 καῖ
477 1146 526 1217 τὰς
545 1146 614 1228 ἀρὰς
629 1147 674 1206 τέν
689 1144 741 1221 τιη’
765 1147 900 1226 θεορίριυν
923 1147 1057 1227 πατέρων,
1079 1145 1127 1208 καὶ
1149 1147 1168 1221 ἡ
1192 1143 1270 1226 μερίς
1291 1147 1370 1222 ἡμῶν
1395 1147 1464 1222 μετὰ
1485 1151 1524 1207 τοῦ

239 1269 370 1348 προδότου
401 1270 501 1332 Ἰούδα.
541 1269 584 1329 ἐπὶ
617 1271 693 1330 τούτο
726 1271 841 1348 γέγονεν
873 1269 938 1348 παρ’
972 1271 1051 1345 ἡμῶν
1083 1272 1101 1345 ἡ
1134 1274 1257 1348 παροῦσα
1290 1270 1393 1349 φανερὰ
1426 1269 1526 1349 καθαρὰ

238 1397 335 1472 πρᾶσις
358 1387 471 1452 ἐνώπιον
493 1397 545 1452 τῶν
569 1392 780 1472 ὑπογραψάντιιν
803 1391 953 1472 μαρτύρων.
983 1390 1059 1468 μηνὶ
1081 1389 1301 1472 οεπτεμβρίιυ,
1324 1389 1526 1461 ἰνδικτιῶνος

240 1513 267 1594 ι’,
292 1514 384 1588 ἔτους
404 1513 524 1598 ,ςψμνζ
548 1517 569 1596 †

342 1637 423 1716 †‘0
453 1637 591 1712 νομικὸς
621 1635 676 1697 καὶ
704 1635 869 1716 κληρικος
898 1641 957 1713 τὴς
979 1633 1167 1714 ἁγιωτάτης
1197 1637 1383 1714 ἐπισκοπῆς
1413 1635 1525 1716 Ἱεροῦ,

240 1760 489 1830 Κυινοταντῖνος
511 1759 526 1818 6
549 1760 765 1840 Καραντινές.
788 1759 809 1836 †

342 1887 484 1958 Arenayp.
507 1888 616 1942 membr.
641 1887 716 1942 mor.
739 1903 789 1942 mo
815 1889 885 1943 100.

483 2193 605 2258 LXIX.
630 2192 706 2258 Sine
728 2217 822 2277 anno,
847 2215 957 2258 mense
979 2202 1124 2279 augusto,
1148 2192 1213 2258 ind.
1237 2193 1294 2258 IV.

243 2343 390 2413 Greqorius
414 2341 601 2410 Phemitu'ota,
625 2359 717 2395 οοιιεατ
739 2342 920 2410 Ραίαῖίοινιιιι,
953 2342 1029 2396 iussu
1059 2342 1230 2412 imperatoris
1259 2341 1352 2394 οαῖιιιῖί
1384 2361 1403 2396 α
1432 2344 1527 2395 tributo

239 2449 320 2500 ιυιῖυε
342 2447 487 2516 ῖμραγιεπῖ
501 2445 621 2514 fundum
643 2448 802 2500 monasteria·
823 2445 853 2501 S.
877 2447 990 2501 Man'ae
1012 2446 1130 2502 Νῖυοιαο
1157 2447 1200 2500 mi
1225 2447 1354 2502 donatum
1382 2466 1401 2502 a
1417 2447 1527 2516 familia

784 2551 1012 2622 Βαπῖοαίῖροικιιιι.

343 2735 364 2815 ἡ
387 2735 457 2796 Καθ’
481 2735 592 2816 ὁριομον
619 2735 762 2809 βασιλικὸν
788 2737 969 2816 προσκυνητον
997 2735 1106 2816 ὁρισμὸν
1130 2741 1191 2813 (’)
1220 2736 1269 2812 τὴν
1296 2737 1453 2816 ἀναγραφὴν
1481 2743 1528 2795 τῶν

240 2858 386 2918 Παλατῖυνν
412 2860 591 2933 ποιησάμενοι
622 2859 736 2939 εῖρομεν
765 2856 812 2918 καὶ
843 2859 891 2932 τὴν
921 2859 1006 2932 μονὴν
1033 2861 1079 2918 τοῦ
1102 2859 1265 2938 Μονοχυτραῖ
1294 2863 1375 2938 κυροιῖ
1399 2857 1529 2937 Γεωργίου

239 2976 309 3067 [τὴν]
332 2978 427 3042 οὑτωσὶ
448 2982 605 3060 λεγομένην
627 2987 676 3056 τῆς
698 2981 849 3060 ῖιπεραίγνου
872 2981 1000 3042 θεοτόκου
1023 2986 1071 3056 τὴς
1094 2981 1312 3060 Κεχισνιομένης
1338 2975 1526 3066 [κατέχουσαν]

238 3104 416 3179 ὓποστατικὴν
439 3104 528 3164 οτιῖοιν
552 3103 727 3178 διακειμένην
752 3101 790 3174 εἰς
812 3098 969 3183 πραοένεξιν
992 3103 1090 3178 ταύτης
1113 3097 1179 3187 [διὰ]
1205 3103 1337 3179 διαθήκην
1362 3099 1527 3186 ἐγγεγ[ραμ-

239 3223 334 3312 μέὴνην
358 3223 453 3312 [παρὰ]
480 3222 557 3311 τ[ιῖιν]
582 3225 628 3286 δίο
651 3225 827 3306 αῖιταέέλρων
849 3223 895 3284 καὶ
919 3223 1111 3304 Βαριιιοιλῖγιυν
1135 3223 1255 3302 Μιχαὴλ
1277 3221 1323 3283 καὶ
1346 3225 1464 3295 Λέοντος
1486 3221 1528 3282 καὶ

237 3355 290 3408 τῶν
317 3353 453 3428 γυναικῶν
481 3343 594 3433 αὺ[τῶν]
625 3345 672 3407 καὶ
697 3346 815 3425 παίδων,
843 3347 954 3428 Μαρίοις
981 3352 1029 3422 τῆς
1057 3345 1209 3421 Αίμνοιινας
1236 3347 1295 3421 ἡτοι
1321 3351 1371 3421 τὴς
1396 3341 1526 3431 Πα[υλ]σ-

237 3470 388 3549 ποίιλενοις,
410 3471 471 3544 ἡτις
492 3466 539 3528 καὶ
562 3467 652 3529 ἐτέλει
680 3467 718 3541 είς
740 3471 770 3528 τέ
794 3467 923 3545 δημόσιον
946 3468 995 3543 τὴν
1018 3467 1177 3549 ἀναγραφὴν
1199 3463 1275 3553 τ[ῶν]
1301 3467 1448 3528 Παλατῖιυν
1472 3468 1526 3541 βαῖ-

240 3591 358 3651 διατικοῖ
384 3589 482 3663 τέλους
504 3591 652 3670 ῖπέρπυρον
675 3593 713 3670 ἓν,
740 3590 788 3650 καὶ
810 3594 887 3650 τοῦτο
911 3591 944 3650 ἐκ
965 3589 1080 3651 πολλῶν
1102 3591 1209 3671 χρόνων
1233 3589 1420 3666 διαδιέὂμενον
1444 3590 1482 3663 εἰς
1502 3595 1527 3650 το

238 3711 286 3774 καὶ
315 3713 485 3788 δηλούμενον
513 3711 644 3789 δημόσιον
672 3709 844 3790 ἐξηιὴοαμεν
873 3713 937 3773 αυτο
963 3711 1011 3772 καί
1037 3714 1118 3788 ἡμεῖς
1144 3713 1215 3772 κατὰ
1241 3713 1289 3787 τὴν
1317 3713 1425 3792 μακρέιν
1454 3715 1527 3787 σινή-

238 3837 313 3895 Θειαν
339 3838 386 3894 τοῦ
413 3833 670 3914 μεγαλοδοξοτάτου
698 3833 866 3910 δηλουμένου
893 3838 974 3915 κυροῖ
997 3833 1133 3914 Γεωργίου
1160 3843 1206 3894 τοῦ
1233 3829 1436 3919 [Μονο]χυτροῖ,
1464 3837 1527 3903 Ξοτις

238 3956 285 4018 καὶ
312 3953 476 4036 ἀναδραμὼν
504 3955 543 4028 είς
565 3977 595 4016 τε
621 3957 798 4036 προσκύνησιν
824 3960 870 4016 τοῦ
896 3961 1025 4034 κραταιοῦ
1054 3954 1100 4015 καὶ
1128 3956 1205 4035 ἁγίου
1227 3957 1307 4032 ἡμῶν
1335 3957 1463 4016 αὺθέντου
1487 3953 1528 4014 καὶ

240 4079 389 4156 βασιλέως,
412 4076 459 4138 καῖ
482 4079 530 4154 τὴν
553 4083 599 4138 τοῦ
625 4078 774 4157 ῖπερπῖρου
802 4078 861 4148 ἐνὀς
889 4073 972 4162 &stow
995 4079 1062 4158 πρὸς
1088 4073 1149 4161 τὴν]
1180 4080 1259 4137 αυτοῦ
1289 4077 1434 4152 βασιλείαν
1465 4079 1527 4136 ἐνα-

239 4203 326 4281 ρέρων
346 4197 462 4279 ἐξέκοψε
482 4203 557 4260 τοῦτο
581 4199 625 4260 διὰ
647 4198 720 4259 θείου
744 4201 822 4258 αὺτοῦ
843 4202 1024 4279 πραοκυνητοῦ
1047 4199 1169 4278 ἐρισμοῦ,
1192 4197 1238 4257 καὶ
1261 4203 1352 4258 τοῦτον
1375 4200 1441 4273 ἡμῖν
1463 4200 1526 4258 ἀπο-

239 4322 355 4398 κομίοας
383 4321 555 4400 ἐξεκόψαμεν
580 4327 657 4382 τοῦτο
686 4321 733 4382 καὶ
762 4322 1023 4396 ἀπεκαταοτὴοαμεν
1053 4321 1101 4396 τὴν
1133 4320 1306 4397 δηλουμένην
1334 4322 1420 4398 μονὴν
1452 4322 1526 4381 ἐλευ-

239 4448 320 4526 θέραν
347 4449 433 4522 πάντη
459 4444 508 4505 καί
535 4445 739 4520 ἀκαταζὴτητον
767 4443 865 4520 μηδενὶ
891 4445 1027 4523 προσώπῳ
1055 4443 1226 4517 ἐπικειμένου
1256 4446 1302 4502 τοῦ
1329 4442 1478 4524 ὑπερπῖρου
1501 4444 1527 4501 τέ

240 4569 324 4649 βάρος
355 4567 398 4628 ἐπὶ
426 4574 515 4628 πᾶσαν
546 4568 619 4638 ὅλιυς
649 4567 697 4642 τὴν
728 4567 900 4643 δηλουμένην
931 4569 1022 4626 στάσιν
1051 4571 1105 4625 τῶν
1138 4566 1195 4624 οῖνιυ
1224 4567 1436 4646 γεγραμμένων,
1470 4565 1526 4640 μήτ’

240 4692 322 4765 αῖιτὴς
343 4694 393 4764 τὴς
417 4689 662 4766 Παυλοποίιλενας,
687 4691 757 4764 μήτε
779 4693 828 4763 τὴς
851 4688 1012 4764 Λίμναινας.
1036 4685 1083 4746 καὶ
1105 4689 1171 4747 ὅπου
1195 4687 1227 4746 ἃν
1249 4686 1296 4746 καὶ
1319 4687 1490 4767 εὑρεθήσεται
1511 4686 1527 4759 ἡ
