3160 5292
1262 339 1321 402 197

48 530 112 602 αὔτης
137 527 184 588 καί
209 529 350 608 ἑδραύυσιν
373 529 524 606 ἐδεήθησαν
552 537 601 609 της
624 532 768 608 βασιλείας
792 555 844 608 μου
867 533 890 593 οἱ
915 534 942 592 ἐν
967 533 1032 615 αὐτῇ
1057 530 1174 611 μοναχοί
1196 533 1323 612 γενέσθαι

45 651 111 730 ταύτῃ
131 648 179 710 καί
206 652 316 730 ὁρισμὸν
341 658 390 728 τῆς
417 652 561 728 βασιλείας
578 675 639 732 μου,
667 653 713 714 καὶ
740 656 757 712 ί
786 655 913 730 βασιλεία
937 675 987 730 μου
1015 661 1064 732 τῆς
1087 653 1209 729 δεήσεως
1236 655 1322 716 αύτῶν

45 774 203 834 ὲπαιιούσασα
228 776 274 834 τ“ον
295 778 415 854 παρόντα
442 775 552 855 θρισμον
581 777 663 852 αύσῆς
692 776 851 854 ίπιχορηγεῖ
875 784 908 858 τῇ
931 772 1101 862 δηλωθεί[αῃ
1124 783 1205 858 μονῇ,
1229 777 1263 836 δι’
1279 773 1321 862 ού]

43 893 79 954 καί
104 891 268 981 διορ[ίζε]ται
297 898 371 974 ἔχειν
397 898 428 956 τδ
454 898 546 957 πισπθν
573 897 619 958 καί
647 893 858 978 ἀπαρέγκλητον
888 900 993 958 ἅπαντα
1020 898 1052 957 τὰ
1079 901 1213 978 προσόντα
1241 899 1323 980 ταύτῃ

42 1015 141 1096 χσρτῷα
169 1017 340 1092 δικαιώματα
367 1015 414 1078 καί
441 1020 569 1096 κατέχειν
595 1017 657 1091 τούς
685 1019 713 1078 ἐν
741 1021 807 1100 αύτῇ
836 1021 973 1096 μοναχσύς
995 1018 1041 1078 καί
1064 1021 1194 1094 νέμεσθαι
1218 1021 1324 1080 ἅπαντα

42 1138 67 1196 τί
82 1139 150 1198 κατὰ
170 1141 255 1220 μέρος
273 1141 377 1202 α’νωθεν
398 1139 529 1220 εἰρημένα
549 1140 596 1201 καί
619 1137 711 1226 κ[ατίι]
735 1141 838 1201 δίκαιον
861 1142 948 1220 λόγον
970 1148 1003 1222 τῇ
1026 1143 1133 1217 τοιαύτη
1158 1149 1228 1224 μονῇ
1252 1143 1321 1216 ἀνή-

41 1283 119 1341 κοντα,
142 1262 228 1340 ἤγουν
256 1265 372 1342 μετύχια
398 1263 433 1324 τὰ
461 1265 490 1324 ἐν
513 1265 650 1344 διαφόροις
676 1268 769 1336 τύποις
792 1264 961 1344 διακείμενα,
989 1265 1074 1325 λοιποί
1096 1285 1126 1324 τε
1153 1266 1249 1340 κινητὰ
1274 1263 1323 1325 καί

41 1380 164 1468 ίκί[νη]τα
185 1388 335 1465 πράγματα
361 1384 408 1444 καί
434 1387 496 1458 τούς
517 1387 667 1467 προσύντας
689 1385 835 1466 παροίκους
858 1383 1050 1464 οῖδιασείοτους,
1074 1387 1270 1460 ἀνυποστάτους
1293 1407 1322 1446 τε

39 1505 76 1562 καί
97 1502 314 1588 ἀνεπιζητήτους,
338 1503 498 1592 [ἀπολαύειν
523 1505 564 1594 δὲ]
587 1511 676 1584 πάσης
699 1507 745 1568 καί
767 1507 898 1580 παντοίας
922 1504 1095 1580 ἑξκουσσείας
1118 1507 1216 1568 τεκαὶ
1239 1509 1321 1568 ἀνεν-

40 1627 173 1703 οχλήσεως
197 1627 240 1688 ἐπί
266 1635 331 1690 πᾶσι
357 1631 460 1702 τούτοις
489 1627 556 1716 [τοῖς
586 1626 724 1714 ἀνήκουσι]
756 1637 789 1711 τῇ
817 1628 930 1712 ῥηθείσῃ
954 1636 1028 1711 μονῇ
1056 1631 1108 1689 ἀπθ
1134 1627 1242 1690 πάντων
1268 1637 1322 1690 τῶν

41 1748 201 1824 Ξημοσιακῶν
232 1753 395 1826 ζητημάτων
424 1750 471 1811 καί
501 1752 553 1811 ἀπο
580 1757 673 1811 πασῶν
701 1756 753 1810 τῶν
781 1751 915 1830 ἐπηρειιῖιν
945 1749 991 1810 καί
1018 1752 1191 1827 συζητήσεων
1219 1755 1264 1811 νύν
1290 1771 1321 1811 τε

38 1870 245 1946 πολιτευομένων
269 1870 316 1932 καί
339 1869 381 1958 εἰςΙ
400 1872 431 1930 το
454 1869 519 1948 ἑξῆς
543 1873 795 1948 ἑπιναηθησομένων
818 1871 889 1931 κατὰ
911 1867 960 1941 τὰς
981 1871 1143 1951 περιληψεις
1165 1877 1219 1932 τῶν
1232 1893 1320 1952 προσ-

40 1993 110 2052 όντων
137 1995 205 2074 αἰτῇ
232 1994 455 2073 χρυσοβούλλων,
484 1995 601 2074 ὁρισμῶν
628 1991 728 2054 τεκαὶ
755 1993 860 2054 λοιπῶν
885 1992 1075 2068 δικαιωμάτων
1109 1987 1195 2072 ἐρ’ίρ
1228 1992 1274 2052 καί
1297 1993 1321 2053 οί

38 2111 98 2173 κατὰ
118 2116 227 2194 καιρούς
251 2113 379 2188 δουκικθς
402 2163 569 2178 ......
596 2115 624 2176 ἐν
648 2112 703 2201 [τῇ]
730 2116 838 2190 τοιαύτη
865 2118 944 2196 χῶρᾳ
966 2113 1013 2174 καὶ
1036 2114 1060 2176 αῖ
1082 2133 1256 2194 προνοιαστικ
1279 2161 1285 2174 .
1312 2161 1320 2176 .

39 2283 324 2299 ..........
349 2237 374 2298 οί
396 2260 414 2298 κ
438 2287 444 2299 .
470 2285 476 2299 .
503 2287 509 2300 .
533 2237 703 2318 στρατιῶται,
732 2236 809 2297 ἀλλὰ
836 2237 870 2312 δὴ
898 2235 944 2296 καί
971 2236 996 2298 οἱ
1022 2236 1094 2296 κατὰ
1115 2237 1225 2317 καιρούς
1248 2237 1319 2298 ἀπο-

39 2359 206 2435 στελλόμενοι
230 2360 258 2420 ἐν
280 2367 314 2442 τῇ
338 2359 389 2438 Κῷ
413 2405 776 2422 ............
803 2355 996 2444 [δημο]σιακδις
1019 2357 1161 2438 δουλείας,
1184 2357 1322 2436 ὀφείλουσι

39 2480 161 2561 διατηρεῖν
190 2483 295 2542 ἅπαντα
322 2481 356 2542 τὰ
382 2482 452 2542 κατὰ
473 2481 521 2556 τὴν
544 2481 668 2556 τοιαύτην
692 2483 776 2558 μονὴν
801 2478 956 2540 οἰδισίσειστα
979 2479 1025 2540 καί
1049 2481 1253 2555 ἀκαταῖήτητα·
1277 2479 1321 2541 ἐπὶ

38 2603 111 2682 τοίῳ
132 2604 185 2683 γὰρ
209 2603 333 2682 ἐγεγόνει
355 2611 389 2685 τῇ
412 2601 590 2684 διαληφθείσῃ
618 2611 687 2685 μονῇ
710 2601 749 2674 εἰς
773 2603 922 2682 ἀσφάλειαν
947 2604 1007 2679 με’ν,
1036 2601 1196 2682 ἐπικύρωσιν
1219 2601 1251 2662 δὲ
1274 2599 1321 2662 καὶ

39 2719 196 2810 ίβεβοιί]ωσιν
225 2733 279 2785 τῶν
306 2727 462 2806 προσόντων
489 2725 556 2806 αύιῄ
584 2725 776 2800 δικαιωμάτων
803 2723 850 2784 καί
872 2725 886 2784 δ
908 2723 1002 2804 παρὼν
1025 2728 1074 2798 τῆς
1103 2722 1246 2796 βασιλείας
1270 2745 1321 2798 μου

39 2847 191 2926 θενεῖς-ί

131 2966 213 3049 Εἶχε
235 2969 291 3030 καί
313 2971 363 3028 τύ·
389 2967 466 3044 μηνὶ
489 2969 670 3049 δκτωβρίῳ,
695 2967 937 3042 ίνδικτιῶνοςβ

132 3075 281 3169 Εσανιρίίιι·
293 3100 442 3169 antiquum,
460 3098 537 3153 Mor.
554 3115 603 3152 nro
617 3099 665 3152 57.
689 3097 796 3152 Tabula
823 3098 930 3151 videtur
956 3113 1010 3150 ευιιε
1037 3095 1208 3164 imperatoria
1232 3095 1320 3148 Theo-

38 3203 92 3255 dori
107 3203 145 3260 ΙΙ.
168 3205 301 3258 Ιιαιοαιίν
323 3209 349 3258 εί
371 3199 673 3270 anm'1258(6767).

939 2966 946 2988 Ι

950 3016 956 3028 ι

403 3489 541 3554 LXXV.
567 3489 642 3554 Sine
666 3511 750 3552 anno
774 3499 947 3553 otmense.

42 3621 170 3692 Presbyter
194 3623 305 3677 Νίσαιαν
332 3623 497 3676 θυσαιιίίιιυε
524 3621 620 3674 abbati
644 3622 804 3673 monasterio
828 3618 857 3673 S.
881 3619 991 3672 Ioannis
1012 3619 1141 3690 Τίιαοίορί
1170 3619 1264 3673 scribit
1291 3619 1322 3673 de

221 3729 303 3781 τοίνυν
325 3725 444 3796 publicis
468 3733 493 3779 et
509 3725 584 3796 fuya
607 3723 751 3778 Michaelis
774 3723 935 3794 Ραίαεοίυρί
955 3725 993 3776 ad
1013 3723 1126 3778 Twrcas.

133 3915 151 3988 †
174 3911 227 3990 Τῷ
248 3909 332 3990 ἁγίῳ
352 3931 411 3986 μου
434 3911 573 3992 αῐιθὲντῃ
595 3908 651 3969 καὶ
673 3909 784 3989 πατρί,
807 3908 850 3988 τῷ
871 3910 1134 3992 πανηγιασμὲνῳ
1156 3909 1322 3986 καθηγου-

43 4035 118 4112 μένῳ
138 4041 195 4110 τῆς
218 4031 402 4108 σεβασμίας
429 4030 484 4090 καί
507 4031 605 4108 ἁγίας
629 4037 732 4106 μονῆς
754 4037 812 4105 τῆς
836 4031 979 4108 ΙΙσίτμσυ,
1003 4030 1017 4086 ύ
1039 4033 1115 4100 παῖς
1137 4035 1195 4104 τῆς
1217 4031 1321 4108 μεγαί-

43 4154 98 4228 λης
124 4155 308 4236 ἁγιωσύνης
334 4174 404 4234 σου,
434 4155 449 4212 θ
478 4155 616 4230 νομικδς
645 4159 706 4214 τῶν
731 4152 923 4230 Παλατίων,
948 4151 1095 4226 Νικήτας
1125 4151 1140 4208 ὁ
1168 4149 1278 4230 ἱερεύς
1308 4152 1323 4209 θ

44 4275 242 4354 Καραντινός.
267 4277 288 4356 †

136 4434 260 4513 ’γἈγιέ
284 4453 335 4507 μου
362 4431 476 4492 αὐθὲντα
502 4429 549 4490 καὶ
570 4433 665 4511 πύιερ.
687 4431 804 4490 πέποιθα
832 4427 872 4501 εἰς
894 4429 956 4490 θεον
979 4424 1108 4506 ὑγιαίνειν
1130 4426 1176 4487 καὶ
1200 4429 1322 4504 εὐθυμεῖν

46 4554 89 4624 τἠν
105 4555 224 4633 μεγαλην
245 4553 396 4632 ἁγιωσύνην
412 4573 468 4613 σου.
499 4551 545 4612 καί
566 4553 648 4628 ἡμεῖς
672 4551 722 4627 μὲν
746 4554 846 4628 ζῶμεν,
875 4552 913 4622 ῶς
936 4549 967 4610 δὲ
991 4549 1254 4626 ἐστενοχωρίαθημεν
1276 4547 1323 4608 καί

47 4677 237 4752 κακοπαθοῦμεν
262 4675 314 4736 ἀπο
336 4679 387 4751 τῆς
409 4671 542 4750 οἰκήσεως
566 4677 612 4736 τοῖν
634 4676 750 4753 κτίστρου
772 4675 802 4732 το
824 4675 937 4754 γροίρειν
959 4673 1007 4748 τὴν
1031 4671 1182 4753 ἁγιωσύνην
1204 4691 1252 4730 σου
1275 4672 1324 4735 ούκ
