3162 5278
241 333 306 399 360

345 527 366 605 †
388 527 505 605 Ὀφειλὴ
528 525 576 586 καί
597 527 673 586 τοῦτό
688 545 722 605 γε
743 528 772 585 ού
793 528 887 604 μικρά,
910 531 945 606 τῇ
967 531 1045 606 κοινῇ
1069 521 1159 604 μητρί,
1184 519 1240 610 [τῇ]
1265 525 1330 603 άγίοι
1352 528 1398 583 τοῦ
1421 523 1545 603 Χριστοῦ

241 649 377 732 ἐκκλησίᾳ
410 647 457 710 καί
489 647 551 720 τούς
582 647 654 708 κατά
683 647 792 727 καιρούς
830 648 1086 722 ἐμπεπιστευμένοις
1116 647 1177 720 τούς
1210 645 1409 721 πνευματικούς
1442 645 1545 718 ταύτης

241 771 338 842 οἴακας
360 774 553 851 προεπικυροῦν
575 769 609 828 τά
632 769 735 850 ἀρχαῖα
757 765 803 827 καὶ
826 768 931 848 γεραρά
953 766 1000 826 καί
1023 768 1204 846 ἐπικραιύνειυ
1229 768 1297 827 αῦτά
1318 765 1365 826 καί
1389 766 1422 826 ἐκ
1440 769 1543 835 παντες

241 895 339 970 τρόπου
372 893 611 970 πραγματεύεσθαι
640 891 689 966 τὴν
719 890 819 950 τούτων
851 889 982 963 διαμονὴν
1015 888 1061 948 καὶ
1091 891 1258 970 συντήρησιν,
1289 889 1333 948 ἰ’να
1363 889 1400 962 μὴ
1430 893 1463 964 τῇ
1494 891 1542 945 τοῦ

242 1017 336 1091 καιροῦ
371 1013 463 1091 μακρᾷ
494 1012 675 1092 παριππεύσει
707 1011 754 1071 καί
787 1013 937 1091 παρατάσει
968 1009 1146 1086 ἀμελούμενα
1175 1011 1209 1068 τά
1239 1010 1316 1070 καλὰ
1349 1007 1396 1068 καὶ
1424 1003 1458 1066 τά
1492 1007 1542 1083 τὴν

243 1133 410 1212 ἀρχαιότητα
440 1129 487 1192 καί
514 1133 544 1191 τό
572 1131 675 1191 δίκαιον
703 1135 839 1211 συνηγορα
866 1132 1004 1210 ἐσχηκότα
1032 1133 1165 1209 ρθάσωσιν
1188 1131 1314 1191 ἐκπεσεῖν
1336 1137 1386 1206 τῆς
1407 1125 1442 1205 ἧς
1468 1131 1541 1188 ἐλα-

241 1275 293 1332 χον
316 1253 433 1334 ἀρχαίας
455 1254 598 1329 καλλονῆς
621 1251 668 1314 καί
689 1254 893 1334 λαμπρότητος.
927 1254 1002 1312 ἐνθεν
1020 1275 1060 1313 τοι
1089 1253 1114 1314 οί
1141 1251 1224 1313 καλοί
1250 1255 1395 1332 προστάται
1418 1258 1466 1327 τῆς
1490 1251 1541 1310 ἐκ-

243 1375 361 1450 κλησίας
389 1373 433 1433 όιά
459 1376 595 1455 νεωτέρας
619 1374 787 1447 ἐπιστάσεως
814 1373 861 1434 καί
888 1375 1083 1447 ἀνακαινίσεως
1105 1381 1158 1436 τῶν
1180 1373 1373 1457 πρέσβυ-γενῶν
1397 1373 1542 1454 ἐγγράφων

243 1495 281 1572 τῷ
308 1496 400 1574 χρόνῳ
427 1496 656 1574 παραπέμποντες
684 1495 750 1555 αύτά
778 1496 829 1555 ύπό
856 1496 942 1577 νεαρᾷ
968 1501 1000 1578 τῇ
1029 1498 1124 1578 μνήμῃ
1152 1494 1306 1574 διατηροῦσι
1332 1493 1379 1554 καί
1402 1495 1441 1565 ὡς
1463 1495 1541 1571 ἀρτι-

242 1621 311 1696 γενῆ
340 1617 513 1688 όιαοιύζουσιν
541 1609 596 1677 οἷόν
619 1637 677 1676 τινα
699 1618 814 1692 νεότητα
836 1619 1103 1696 προμνηστευόμενοι
1130 1620 1185 1688 τοῖς
1208 1617 1403 1676 παλαιωθεῑσιν
1429 1614 1476 1674 καί
1504 1617 1542 1685 ὡς

244 1737 328 1798 εἰπεῖν
355 1739 549 1818 ἐγγηράσασιν.
585 1737 681 1814 ἐπειδὴ
710 1743 852 1819 τοιγαροῦν
882 1737 928 1798 καὶ
950 1740 968 1814 ἡ
991 1737 1061 1798 κατά
1087 1739 1136 1814 τὴν
1162 1743 1243 1813 νῆσον
1268 1738 1379 1812 Πάτμον
1404 1736 1465 1816 ίερά
1495 1735 1542 1796 καί

245 1861 384 1937 οεβασμία
405 1862 528 1941 ἡμετέρα
554 1862 736 1942 πατριαρχικὴ
763 1859 810 1920 καὶ
840 1859 1059 1939 οταυροπηγιακὴ
1085 1861 1156 1935 μονὴ
1178 1863 1225 1920 τοῦ
1247 1857 1335 1939 ἀγίου,
1362 1855 1473 1932 ἐνδόξου
1495 1857 1541 1916 καὶ

176 2053 178 2056 ,
244 1984 419 2062 πανευρήμου
448 1983 600 2043 ἀποστόλου
626 1980 673 2042 καί
701 1982 897 2062 εὐαγγελιστοῦ
920 1981 1047 2042 Ἰωάννου
1074 1985 1120 2042 τοῦ
1143 1980 1287 2058 Θεολόγου
1314 1981 1444 2056 ἐκέκτητο
1475 1976 1539 2038 ἀνέ-

244 2106 327 2164 καθεν
354 2105 530 2183 κληρωθεῑσα
557 2107 690 2183 προνόμιά
716 2125 776 2164 τινα
802 2104 1014 2184 ριλοτιμηθέντα
1042 2105 1108 2186 αὐτῇ
1137 2103 1182 2164 διά
1204 2125 1234 2164 τε
1263 2101 1412 2178 βασιλικῶν
1439 2119 1538 2180 χρυσε-

245 2225 373 2298 βούλλων
407 2223 454 2284 καί
487 2226 675 2299 θεσπισμάτων
709 2225 756 2285 καί
788 2223 833 2284 όιά
862 2231 1065 2305 πατριαρχικῶν
1097 2223 1144 2284 καί
1178 2223 1322 2284 συνοδικῶν
1356 2221 1537 2299 οιγιλλιωόῶν

245 2347 414 2426 γραμμάτων
438 2345 509 2405 κατὰ
530 2345 561 2404 τό
585 2346 745 2424 ἐμρανιοθέν
760 2345 815 2422 ἤδη
830 2347 895 2422 ἡμῖν
918 2345 1088 2425 παλαιγενὲς
1111 2344 1248 2424 σιγίλλιον
1267 2347 1384 2424 γράμμα
1407 2339 1539 2404 ἀπολυθέν

245 2473 278 2546 τῇ
302 2473 372 2549 μονῇ
396 2469 478 2549 ταύτῃ
501 2467 572 2527 κατὰ
594 2469 624 2527 τό
646 2468 845 2548 παρεληλυθός
867 2467 1005 2546 χιλιοστὸν
1028 2465 1218 2540 ἑξακοσιοστὸν
1242 2465 1425 2546 όγάοηκοοτόν
1447 2465 1540 2540 όγέοον

247 2591 307 2659 ἐτος
336 2587 379 2648 ἐπὶ
409 2596 459 2665 τῆς
488 2589 684 2668 πατριαρχείας
714 2594 760 2650 τοῦ
790 2589 914 2666 ἀοιδίμου
942 2591 1110 2670 πατριάρχου
1137 2589 1311 2648 Καλλινίκου
1339 2590 1386 2648 τοῦ
1414 2587 1539 2662 παλαιοῦ,

246 2711 314 2790 όπερ
338 2709 429 2781 αύταῖς
452 2707 548 2782 λέξεσι
572 2709 765 2788 διαλαμβάνει,
797 2713 836 2783 ὡς
862 2713 894 2770 «ό
921 2717 970 2786 τῆς
998 2708 1108 2781 αἰωνίας
1132 2712 1243 2787 μνήμης
1270 2709 1385 2783 εύοεβὴς
1413 2707 1540 2782 βασιλεῦς

248 2828 371 2903 Ἀλέξιος
396 2835 410 2890 ό
434 2832 581 2907 Κομνηνάς
611 2831 819 2912 χρυσόβουλλον
852 2831 1009 2912 ἐδωρήσατο
1039 2829 1078 2910 τῷ
1109 2833 1219 2912 κτητορι
1248 2836 1298 2906 τῆς
1329 2830 1412 2906 αὐτίγς
1443 2835 1539 2904 μονῆς,

245 2953 362 3031 μοναχῷ
385 2953 591 3034 Χριστοάούλῳ,
622 2951 660 3031 τῷ
688 2954 739 3030 μὲν
766 2955 815 3029 τὴν
841 2955 909 3034 πρός
936 2954 1024 3032 κύριον
1055 2952 1211 3029 ἀποδημίαν
1238 2953 1398 3030 ἡγιασμένη)
1430 2943 1540 3032 (οὗτινος

245 3072 291 3134 καί
315 3074 345 3133 τό
369 3074 439 3154 ἱερόν
462 3073 595 3152 λείψανον
619 3072 732 3146 σώζεται
756 3075 905 3147 ἀνελλιπὲς
930 3075 958 3134 ἐν
977 3080 1010 3157 τῇ
1034 3080 1104 3156 μονῇ
1128 3072 1233 3156 ταύτῃ),
1259 3073 1292 3132 δι’
1310 3067 1340 3134 οὗ
1364 3072 1539 3152 ἐπιβραβεύε-

246 3217 287 3255 ται
317 3203 351 3276 τῇ
384 3198 449 3278 αῦτη
480 3202 550 3277 μονῇ
584 3203 672 3256 πάσαν
707 3196 876 3276 ἐλευθερίαν,
911 3197 1072 3272 αύτονομίαν
1102 3217 1132 3256 τε
1165 3193 1211 3256 καί
1244 3193 1469 3256 αύτοάεστοτείαν
1498 3193 1538 3252 σόν

247 3315 412 3399 ἁπαξαπάση
440 3322 473 3398 τῇ
501 3319 575 3397 νήσῳ
599 3319 703 3397 Πάτμῳ
729 3317 799 3391 μετά
825 3320 916 3392 πάσης
938 3322 987 3393 τῆς
1009 3324 1142 3398 περιοχῆς
1163 3315 1210 3377 καὶ
1234 3316 1441 3396 ἀιακρατησεως
1465 3317 1537 3389 σίντης

249 3438 291 3500 ἐπ’
316 3439 484 3518 ἀναραιρέτῳ
515 3437 561 3498 καὶ
593 3437 712 3512 διηνεκεῖ
737 3443 771 3520 τῇ
799 3439 943 3520 δεσποτεία
973 3435 1020 3498 καί
1046 3440 1179 3518 κυριότητι
1206 3438 1329 3517 ἀτελῶς,
1361 3437 1473 3516 ἀβαρῶς
1498 3432 1537 3494 καί

249 3561 339 3634 πάσης
370 3557 576 3640 ἀπηλλαγμένῃ
607 3565 766 3640 τεκρετικής
797 3561 982 3634 ουζητησεως,
1014 3552 1088 3637 ἐνῷ
1120 3559 1260 3638 διορίζετο,
1290 3559 1364 3630 όπως
1386 3561 1405 3633 ἦ
1425 3579 1455 3618 τε
1481 3556 1536 3635 παρ’

249 3681 329 3740 αύτοῦ
357 3680 499 3760 ἐγερθεῑσα
528 3681 598 3756 μονὴ
626 3679 673 3740 καί
700 3681 725 3741 οί
755 3681 799 3740 ὑπ’
824 3681 901 3741 αὐτόν
932 3677 1051 3758 μοναχοί
1080 3681 1219 3757 κατέχωοι
1248 3677 1295 3738 καί
1322 3679 1471 3750 δεσπόζωσι
1496 3685 1536 3752 τῆς

248 3806 329 3877 νήσου
363 3803 462 3878 ταύτης
493 3801 616 3883 ἀτελῶς,
650 3803 776 3883 ἀβαρῶς,
807 3803 904 3882 κυρίως
938 3799 985 3860 καί
1016 3802 1193 3880 αθθεντικιῖις,
1227 3801 1412 3879 ἀναραιρέτως
1440 3821 1469 3860 τε
1497 3795 1535 3858 καί
1567 3813 1568 3870 3

249 3923 364 3996 αἰωνίως
390 3923 487 3999 ταύτην
509 3943 540 3982 τε
567 3925 614 3998 τὴν
644 3923 815 3999 όηλωθεῐσαν
839 3922 991 3998 σεβασμίαν
1015 3921 1100 3996 μονὴν
1125 3921 1319 3982 αάτοδέοποτον
1346 3920 1393 3980 καί
1418 3919 1534 3992 αῦτεξοί»
1567 3903 1568 3952 Ῑ

249 4064 303 4104 σιον
328 4044 396 4120 μετά
423 4050 473 4120 τῆς
496 4045 566 4121 ἀλης
588 4047 671 4118 νήσου
695 4043 832 4118 διαμένειν
860 4041 935 4104 ἐσαεὶ
956 4043 1019 4102 καθ’
1044 4041 1142 4117 ἑαυτὴν
1166 4042 1306 4120 ἀγομένην
1332 4041 1379 4102 καί
1409 4042 1533 4102 όιευθυνο-

249 4169 333 4241 μένην
363 4163 410 4224 καί
437 4165 498 4226 ούτε
525 4167 542 4240 ἠ
574 4165 643 4239 μονὴ
673 4166 737 4240 α’ότη
767 4163 826 4224 οὔτε
853 4166 887 4224 τά
913 4163 1079 4238 ὑποκείμενα
1109 4165 1191 4244 ταύτῃ
1219 4163 1316 4239 οὔθ’ίγ
1347 4165 1438 4223 ἀπασα
1465 4169 1533 4238 νῆσος

247 4287 297 4347 ύπό
328 4287 459 4362 βασιλικὰ
485 4289 503 4360 ἢ
531 4288 714 4367 πατριαρχικά
741 4290 759 4361 ἢ
783 4285 998 4364 μητροπολιτικά
1025 4287 1043 4360 ἢ
1068 4284 1229 4344 ἐπισκοπικά
1253 4287 1270 4359 ἢ
1294 4283 1531 4356 ἐκκλησιαιττικάίΙ

248 4407 298 4468 ύπό
321 4429 392 4480 τινος
415 4407 489 4481 όλως
512 4407 634 4468 ίάιωτικά
656 4406 806 4486 ἀπάγεσθαι
827 4409 968 4488 πρόσωπα,
996 4407 1063 4466 ἀλλ’
1088 4405 1287 4486 ἐλευθεριάζειν
1314 4407 1443 4484 καθαρῶς
1467 4405 1531 4484 ἀχρις

250 4527 348 4600 αἰῶνος
374 4532 483 4601 παντός.
511 4530 657 4588 κάντεῦθεν
686 4530 754 4609 πρός
779 4533 813 4608 τῇ
841 4527 971 4608 βασιλικῇ
997 4529 1080 4608 ταύτῃ
1108 4527 1249 4609 φιλοτιμίᾳ
1277 4525 1325 4586 καί
1352 4525 1532 4607 πατριαρχικέν

251 4649 451 4726 ἐπεόαψιλεύθη
480 4647 616 4726 σιγίλλιον
645 4654 690 4707 τοῦ
716 4653 863 4726 τηνικαῦτα
885 4650 929 4708 τόν
953 4650 1148 4730 πατριαρχικόν
1172 4647 1307 4721 ίθὺνοντος
1329 4651 1433 4730 θρόνον,
1457 4649 1529 4726 ἁγιω-
