3160 5292
266 317 330 384 222

264 514 366 592 γήρους
389 512 527 590 είιλαβῶς,
550 511 646 589 ἐπειδὴ
670 513 684 570 ό
704 515 765 583 νοῦς
787 509 833 572 καί
855 513 874 589 ἡ
896 513 993 590 γνώμη
1015 517 1066 588 τῆς
1089 509 1244 584 οίιθεντείας
1267 505 1345 584 εἶναι,
1370 511 1409 570 ίντι
1430 501 1470 579 εἷς
1490 510 1551 568 έκε-

263 655 341 715 οτος,
368 635 597 710 όποιαοδηποτοῦν
622 633 663 708 είη
690 631 796 707 τάξεως
822 632 869 694 καί
895 635 1036 713 χρήσεως,
1065 633 1149 714 έντή
1176 630 1231 714 ἰδίᾳ
1252 636 1347 708 κτήσει
1368 629 1417 694 καὶ
1438 629 1478 709 τῷ
1500 629 1551 708 ἰδίῳ

265 755 362 836 δικαίῳ
384 755 419 816 νά
440 756 605 816 ἀναπαύεται
627 754 675 816 καί
697 755 731 814 νά
752 757 911 836 τρατάρεται
935 755 1062 826 εὐνοϊκῶς
1084 753 1131 814 καί
1153 755 1373 836 ἀταράχως».ή

367 879 388 958 ’ρ
413 877 452 938 Αἱ
472 878 507 938 δὲ
527 879 617 958 τρεῖς
635 875 690 938 καί
710 877 849 956 ἔσχαται
868 874 991 957 γραραὶ
1011 871 1061 962 [αἱ]
1080 879 1281 956 πεμρθεῖσαι
1301 876 1356 936 διόι
1375 880 1431 938 τού
1452 897 1551 950 μακα-

265 999 352 1080 ρίτου
383 1001 544 1080 ἄρχοντος
570 1003 669 1078 κυροῡ
696 998 836 1077 Μιχαὴλ
863 1003 917 1059 τού
939 999 1036 1076 Τζέν,
1065 993 1123 1072 μία
1150 997 1209 1074 μὲν
1236 997 1278 1078 τῷ
1306 993 1447 1078 ἀρχοντι
1473 997 1551 1076 κυρίῳ

266 1121 386 1196 Ἀλβάν
411 1121 584 1202 Μπηιδοέρ,
612 1119 704 1182 δουκί
728 1121 870 1200 Κρήτης,
901 1120 957 1178 καί
982 1127 1019 1202 τῇ
1051 1121 1146 1180 αύτού
1175 1119 1362 1201 συμβουλῇ,
1394 1121 1494 1200 ἑτέρα
1522 1120 1552 1179 δὲ

264 1243 364 1323 κυρίῳ
387 1243 545 1321 Νικολάῳ
570 1244 678 1324 Πόλῳ,
701 1244 813 1323 ρετόρι
838 1243 1029 1323 (Ρυθίμνης,
1051 1244 1069 1317 ί,
1094 1241 1130 1302 δὲ
1152 1243 1245 1322 τρίτη
1268 1241 1371 1322 κυρίῳ
1395 1240 1552 1320 Ἀντωνίῳ

267 1364 395 1444 Πέμπο,
419 1365 528 1444 ρετόρι
543 1371 605 1424 τῶν
621 1363 766 1446 Χανίων,
789 1369 889 1426 ταῦτα
905 1363 1080 1440 δηλοῦσιν·
1108 1366 1166 1424 «ὅτι
1189 1365 1264 1437 ὅλως
1286 1364 1336 1447 μιᾷ
1358 1365 1461 1446 ἑκάστη
1483 1363 1552 1424 ἀπα-

264 1488 371 1566 γορεύει
397 1485 443 1547 καὶ
472 1487 617 1567 ρεβοκάρει
643 1488 691 1562 τἠν
714 1489 830 1568 γραρήν,
857 1489 915 1563 ήτις
943 1487 1054 1566 ἐγένετο
1081 1488 1223 1562 ζητοῦντος
1245 1489 1292 1548 τοῦ
1313 1490 1394 1566 κυροίν
1417 1485 1552 1546 Ἀντωνίου

264 1612 310 1668 τού
326 1609 508 1688 Μπαλάντζα,
533 1609 678 1670 ἐπισκόπου
700 1613 745 1670 τού
768 1609 955 1688 Καλαμῶνος,
979 1604 1151 1689 περιέχουσαΙ
1165 1607 1249 1670 τάδε·
1272 1610 1312 1668 ότι
1333 1609 1351 1684 ή
1375 1608 1450 1689 ἀρχὴ
1472 1605 1552 1680 καίή

266 1729 401 1790 ποοσεσιό)
427 1735 473 1790 τοῦ
499 1729 600 1811 χωρίου
623 1731 738 1810 Στύλου,
766 1733 833 1791 ὅπου
859 1735 946 1792 κεῖται
975 1728 1014 1803 εἰς
1040 1731 1075 1790 τά
1101 1732 1172 1809 μέρη
1199 1737 1249 1807 τῆς
1277 1730 1426 1805 ἐπισκοπῆς
1447 1751 1504 1810 του,
1525 1729 1553 1788 νά

264 1855 310 1911 τού
333 1852 400 1935 δοθῇ
424 1852 591 1933 ἐλευθέρως,
616 1846 717 1924 ούτινος
739 1853 840 1933 χωρίου
863 1853 1072 1932 γνωρισθέντος,
1100 1853 1141 1912 ότι
1167 1847 1237 1912 είναι
1259 1857 1309 1928 τῆς
1330 1854 1413 1927 νήσου
1436 1851 1553 1926 Πάτμου,

266 1972 312 2034 διά
335 1979 383 2048 τῆς
409 1975 546 2053 ἡμετέροις
574 1973 726 2054 αύθεντίας,
759 1974 804 2035 διά
830 1980 884 2034 τῶν
912 1973 1066 2052 λεχθεισῶν
1092 1980 1173 2055 τριῶν
1195 1979 1306 2053 γραρῶν
1333 1973 1348 2034 ό
1372 1973 1476 2034 ἀνωθεν
1499 1973 1553 2032 ἐπ’·

266 2115 366 2167 σκοπος
382 2089 487 2170 ἑξεῶθη
507 2095 555 2156 καί
575 2092 722 2172 ἑξωβλήθη
745 2100 792 2157 τοῦ
814 2092 920 2177 άρχειν,
943 2097 973 2156 τό
996 2095 1098 2176 λεχθὲν
1120 2095 1222 2176 χωρίον
1245 2095 1362 2169 ἀποδούς
1384 2094 1431 2156 καί
1455 2095 1554 2156 ἐπανα-

266 2218 381 2296 στρέψας
408 2218 470 2277 αὐτό
492 2221 548 2289 τοῖς
570 2218 740 2297 καλογήροις
762 2224 811 2295 τῆς
834 2218 962 2298 ῥηθείσης
983 2219 1074 2298 νήσου,
1098 2217 1193 2288 οἵτινες
1215 2218 1384 2278 καθέκαστον
1407 2219 1555 2292 πέμποντα

264 2339 364 2417 χρόνον
387 2339 432 2397 διὰ
455 2337 523 2398 ίδίαν
545 2339 735 2418 κυβέρνηοιν».
758 2341 779 2418 †

370 2467 520 2536 Exemplar
533 2468 607 2522 Flor.
622 2469 693 2522 108.
712 2467 833 2522 Alterum
848 2467 984 2537 exemplar
999 2455 1131 2538 scriplum
1145 2468 1238 2524 eadem
1253 2485 1335 2524 ιιιαιιιι
1353 2470 1425 2524 109.
1447 2468 1555 2522 &ditum

267 2571 301 2624 ού
318 2571 342 2624 Ι.
357 2571 513 2626 Βαίτίτοίίοιιι
535 2573 564 2626 ίιι
584 2573 730 2642 periodica,
755 2573 800 2626 οιιί
822 2571 917 2626 ίίίιιίιιι
933 2565 1079 2648 Πανδώρα,
1104 2579 1165 2626 tom.
1182 2573 1267 2642 XIX,
1283 2591 1316 2643 p.
1335 2574 1515 2628 457-459.

503 2857 591 2924 XCI.
616 2858 691 2924 Sine
714 2881 808 2944 anno,
832 2879 942 2924 mense
965 2857 1149 2955 οορίοιιιίιιί,
1173 2857 1238 2924 ind.
1262 2858 1320 2923 XI.

267 3025 433 3080 Ραίπίααοίια
461 3031 551 3078 tuetur
577 3026 641 3078 iura
665 3031 689 3078 εί
713 3025 891 3094 ροοοοεοίοιιτι
915 3033 938 3078 εί
961 3025 1097 3078 libertates
1119 3025 1279 3078 monasterii
1300 3023 1329 3079 S.
1347 3025 1459 3078 Mariae
1477 3023 1553 3094 Spon-

500 3129 596 3183 ιίιιινιαι
621 3129 650 3181 ιἰι
675 3129 725 3182 Coo
748 3135 842 3182 οοιιίνιι
865 3129 1017 3198 episcopum
1041 3133 1065 3182 εί
1088 3129 1192 3182 incolas
1215 3128 1329 3183 insulae.

371 3314 392 3392 θη
416 3313 450 3371 'H
479 3313 507 3370 ἐν
535 3317 568 3393 τῇ
596 3315 668 3391 νήσῳ
692 3313 742 3390 Κῷ
770 3314 929 3388 διακειμένη
958 3311 1093 3386 σεβασμία
1119 3313 1303 3394 πατριαρχικὴ
1327 3313 1396 3389 μονὴ
1419 3321 1468 3389 τῆς
1490 3335 1553 3373 παν-

267 3438 418 3514 υπεράγνου
442 3433 583 3510 δεσποίνης
605 3436 684 3510 ήμῶν
707 3433 845 3495 Θεοτόκου
866 3441 916 3510 τῆς
940 3435 1009 3494 ούτω
1033 3456 1092 3504 πως
1113 3436 1147 3494 τά
1170 3434 1297 3514 Σροντίου
1320 3435 1553 3510 ἐπονομαζομένης

267 3552 300 3633 ἦν
329 3557 379 3630 μέν
403 3576 470 3616 ποτε
496 3557 642 3636 περιφανής
669 3555 716 3616 καὶ
743 3557 886 3637 περίοπτος
913 3556 960 3616 καί
986 3555 1104 3630 πολλοῖς
1131 3557 1281 3635 ἐτύγχανεν
1305 3543 1484 3632 ἑνευθηντύσα
1504 3558 1553 3626 τοῖς

268 3677 395 3756 ἀγαθοῖς,
424 3677 490 3737 ἀλλ’
513 3679 531 3755 ἡ
553 3679 662 3758 καιρικὴ
690 3685 742 3738 τῶν
769 3671 937 3758 πραγμάτων
964 3677 1111 3754 ἀνωμαλία
1137 3675 1184 3737 καί
1206 3679 1223 3753 ἡ
1247 3683 1300 3738 τῶν
1327 3679 1398 3738 κατὰ
1424 3679 1552 3738 θάλατταν

268 3804 403 3879 πειρατῶν
422 3799 543 3862 ΙἸταλῶν
571 3800 599 3859 ἑν
626 3806 658 3882 τῇ
687 3799 795 3881 τοιαύτη
822 3803 896 3878 νήσῳ
923 3799 1055 3882 λῃστρικὴ
1085 3798 1182 3878 ἔφοδος
1213 3800 1283 3876 μετὰ
1309 3805 1362 3860 τῶν
1392 3800 1488 3860 ἀλλων
1512 3795 1553 3858 καί

267 3921 316 3994 τἠν
345 3917 489 4000 εἰρημένην
517 3929 569 3980 τῶν
591 3922 716 4001 Σροντῶν
746 3922 831 3996 μονὴν
859 3919 889 3993 ἐξ
919 3923 1030 4001 είκπόρου
1056 3911 1143 3998 πάντη
1172 3923 1272 4003 ἀπορον
1303 3917 1485 4002 ἀπειργάσατο
1512 3915 1553 3978 καί

270 4039 300 4114 ἐξ
329 4043 398 4120 ἀγαν
424 4048 583 4123 περιφανοῦς
609 4046 777 4104 παντάπασιν
805 4043 927 4119 ἄκοσμον
953 4042 1000 4103 καί
1026 4039 1285 4129 κατίηναίλωμένην
1312 4042 1414 4122 σχεδόν
1438 4046 1553 4104 ἀπόντων

269 4171 321 4224 τῶν
352 4165 504 4246 προσόντων
533 4166 616 4248 τοιύτγΙ
647 4165 726 4244 ἱερῶν
756 4166 909 4241 κειμηλίων
938 4164 985 4224 καί
1015 4166 1138 4226 ἀλλοίων
1165 4173 1279 4243 κινητῶν
1309 4165 1357 4226 καί
1383 4166 1566 4238 αύτοκινήτων

268 4289 446 4366 πραγμάτων,
482 4287 510 4346 τὺ
539 4289 620 4362 μόνον
652 4284 683 4346 δὲ
714 4283 850 4372 [τούτων],
885 4285 963 4346 ἀλλά
992 4285 1038 4348 καί
1066 4289 1153 4348 αίιτῶν
1182 4293 1236 4348 τῶν
1272 4286 1316 4348 ἐπὶ
1343 4292 1400 4360 τοῖς
1427 4289 1552 4362 ἀκινήτοις

269 4409 351 4486 σίντης
386 4411 504 4484 κτήμασι
537 4401 670 4488 χαρτῴων
704 4408 913 4482 δικαιωμάτων·
947 4411 1190 4490 προοαρῃρέθησαν
1224 4409 1278 4489 γὰρ
1312 4409 1359 4470 καί
1392 4414 1473 4470 ταῦτα
1504 4409 1553 4476 τοῖς

269 4526 368 4602 ἀλλοις
395 4529 441 4590 καὶ
469 4530 595 4612 ἀπωλείᾳ
623 4530 753 4590 παντελεῖ
779 4529 979 4612 παρεδόθησαν,
1014 4532 1082 4611 όπερ
1110 4531 1136 4592 οἱ
1161 4537 1211 4607 της
1237 4534 1319 4608 νήσου
1342 4533 1392 4592 Κῶ
1422 4530 1553 4610 οἰκήτορες

270 4652 392 4732 ἀφορμήν
420 4647 616 4736 [εὐπρίότωπον
647 4647 793 4736 [εύρίόντες
816 4699 823 4713 .
848 4699 855 4713 .
880 4699 887 4712 .
914 4699 920 4712 .
951 4653 969 4728 ἡ
993 4655 1135 4730 μετριότης
1156 4654 1236 4728 ἡμῶν
1259 4653 1433 4714 ὑπακούσατε
1455 4701 1460 4713 .
1486 4699 1492 4710 .
1518 4697 1523 4710 .
1546 4697 1552 4710 .
