3228 5294
1299 373 1339 438 13

64 571 147 648 τράρον
167 569 213 630 τδν
241 568 391 648 διαιροῦντα
420 568 455 627 τά
484 568 581 648 σύνορα
607 571 653 628 τοῦ
679 566 839 648 προαστείου
864 573 914 644 τῆς
940 573 1027 643 μονῆς
1051 571 1105 626 τῶν
1127 563 1261 646 ’οράβιον,
1288 565 1335 626 καὶ

65 691 198 772 ἀπέρχεται
222 689 262 763 εἰς
284 691 330 750 τδν
353 692 446 770 ἕτερον
468 691 558 769 μέγαν
580 692 678 770 τράφον
700 691 747 750 τὀν
770 689 922 770 διαιροῦντα
943 689 977 749 τὰ
999 689 1096 769 σύνορα
1118 692 1164 749 τοῦ
1183 689 1341 768 προαστείου

65 813 271 885 Καταπλινύείας
292 818 342 888 πής
365 811 515 887 έπιοκοιτής
538 812 691 891 Μαγγίνου,
721 812 794 890 έχων
817 813 940 888 σωκάρια
966 809 1000 890 θ’,
1027 813 1144 886 κάμπτει
1171 810 1239 891 πρὸς
1264 810 1342 871 νότον

66 935 99 994 διὰ
121 939 166 994 τοῦ
193 935 357 996 ἀνατολικοῦ
385 937 485 1014 μέρους
511 939 619 1014 κρατῶν
644 936 690 994 τδν
718 935 796 994 αύτδν
820 935 908 1013 μέγαν
930 935 1028 1014 τράφον
1050 930 1153 993 καὶτὰ
1175 933 1272 1015 σύνορα
1293 938 1343 1008 τῆς

66 1057 280 1137 Καταπλινθείας,
303 1054 350 1118 καὶ
373 1056 521 1136 ἀπέρχεται
545 1055 584 1127 εἰς
606 1057 652 1116 τδν
675 1058 767 1138 ἕτερον
786 1059 885 1137 τράρσν
905 1054 945 1128 εἰς
966 1055 999 1114 τά
1014 1055 1110 1134 σύνορα
1124 1058 1171 1116 τοῦ
1184 1053 1343 1136 προαστείου
1464 1117 1466 1122 ,

65 1185 99 1240 τοῦ
117 1180 211 1258 Ἃγιόυ
242 1178 400 1258 Νικολάου,
431 1185 518 1256 μονῆς
547 1182 594 1239 τοῦ
624 1178 784 1258 Μαγγίνου,
814 1181 937 1260 σωκάρια
966 1179 1003 1239 λ’.
1042 1172 1102 1238 εἶτα
1130 1179 1249 1254 κάμπτει
1276 1178 1344 1257 πρδς

66 1301 121 1362 δύσιν
143 1300 248 1381 ὀλίγον,
272 1301 325 1362 ἀπο
349 1301 490 1381 σωκαρίων
514 1299 537 1360 ε’
554 1303 676 1380 οωκάρια
699 1299 727 1374 β’
747 1301 837 1381 ἥμισυ,
868 1299 915 1361 καί
944 1301 1094 1379 ἀπέρχεται
1124 1295 1163 1370 είς
1193 1300 1267 1380 ὅριον
1296 1295 1344 1358 καὶ

66 1427 169 1504 ίνύάριον
194 1422 375 1504 μοιυράλιδον·
400 1423 484 1483 πάλιν
510 1419 629 1498 κάμπτει
655 1421 722 1502 πρδς
748 1424 825 1482 νάιον
851 1419 898 1482 καὶ
920 1422 1070 1502 ἀπέρχεται
1093 1403 1133 1494 είς
1154 1421 1200 1480 τδν
1222 1420 1343 1480 παλαιδν

66 1548 172 1622 τοτιμδν
197 1543 237 1616 εἰς
259 1547 290 1605 τδ
313 1545 422 1626 σύνορον
443 1549 490 1604 τοῦ
511 1543 670 1622 προαστείου
692 1543 846 1620 Κλήματος
866 1549 920 1604 τῶν
944 1543 1089 1624 Ιίετριτιῦν,
1117 1545 1198 1624 έτερα
1223 1544 1345 1624 σωκάρια

67 1665 109 1740 νβ’.
143 1669 212 1742 ὁμσῦ
234 1666 357 1742 ἀνατολὴ
381 1664 406 1740 ξ’
421 1667 516 1742 ήμιου·
540 1665 587 1726 καὶ
608 1668 727 1740 κάμπτει
749 1667 816 1746 προς
839 1665 910 1725 δύσιν
932 1666 966 1726 τάι
988 1665 1055 1726 αύτά
1077 1667 1174 1746 σύνορα
1193 1669 1239 1726 τού
1258 1665 1344 1740 Κλή-

68 1809 137 1862 μοπτς
158 1787 206 1850 καὶ
227 1793 274 1850 τοῦ
299 1788 420 1850 παλαιοῦ
445 1791 578 1870 ποταμοῦ,
607 1786 654 1848 καὶ
681 1787 829 1868 ἀπέρχεται
857 1785 897 1860 είς
922 1787 953 1848 τδ
980 1787 1089 1868 σύνορον
1115 1791 1161 1848 τοῦ
1187 1784 1345 1867 προαστείου

67 1911 175 1980 ’ίτζύπου
201 1913 248 1970 τοῦ
271 1911 474 1990 Μανικορόρου,
504 1911 625 1990 σιυκάρια
651 1906 679 1987 γ’
702 1911 797 1984 ἥμισυ·
830 1902 881 1968 εἶθ’
904 1909 973 1969 ούτιυ
1003 1911 1121 1985 κάμπτει
1149 1909 1216 1988 πρδς
1245 1907 1345 1988 βορρᾶν

67 2038 156 2110 κροτῶν
178 2032 213 2092 τά
236 2031 374 2112 Ἀτζύπου,
403 2026 462 2092 είπα
489 2031 659 2106 ἀνακάμπτει
687 2032 755 2111 πρὸς
777 2029 915 2102 ἀνατολάς
937 2031 1112 2112 ἀρεινύτερον,
1140 2029 1276 2108 διέρχεται
1298 2031 1346 2104 τήν

68 2153 137 2230 ἀχύην
158 2158 205 2214 τοῦ
227 2157 351 2230 ποταμοῦ
373 2153 542 2234 Μαιάνδρου,
572 2151 619 2212 καὶ
650 2155 745 2232 κρατεῦ
770 2153 818 2228 τὴν
845 2153 931 2231 ύχύην
957 2155 1004 2212 τοῦ
1033 2154 1166 2232 ποταμοῦ,
1196 2151 1345 2232 ἀπέρχεται

67 2271 99 2346 εἰς
117 2278 145 2335 ιδ
166 2279 266 2356 τράφον
290 2275 331 2349 εἰς
352 2276 386 2335 τά
414 2275 511 2356 σύνορα
538 2278 585 2336 τοῦ
611 2273 771 2354 προαστείου
799 2271 924 2346 Ἀτζύπου
954 2279 1008 2334 τῶν
1031 2273 1176 2354 Ὀροβίιυν,
1205 2275 1270 2333 ἔνθα
1299 2271 1346 2333 καὶ

68 2393 166 2478 ἤρξατο,
190 2399 264 2476 ἔχων
287 2397 358 2458 δύσιν
381 2400 501 2478 οωκάρια
523 2395 575 2472 ιη’.
615 2397 682 2473 ὁμοῦ
697 2397 802 2468 πλάτος
817 2399 938 2478 σωκάρια
960 2392 1001 2477 ς’,
1022 2395 1097 2476 ούργ.
1115 2393 1151 2476 β’,
1176 2401 1265 2472 μῆκος
1287 2415 1344 2454 σιο-

66 2520 135 2597 τάρια
154 2517 205 2598 νβ’,
225 2520 301 2600 ούργ.
319 2517 356 2600 β’,
379 2517 481 2596 μοδίιον
504 2515 572 2599 ρπέ,
597 2519 696 2599 λιτρῶν
720 2517 752 2581 ε’.
795 2517 828 2578 τά
850 2523 894 2578 νῦν
918 2516 950 2578 δὲ
973 2517 1068 2598 εύρέύή
1091 2523 1129 2597 γῆ
1153 2515 1255 2594 μοδίιον
1278 2515 1344 2596 λς’,

68 2641 106 2712 τήν
121 2640 149 2700 δέ
164 2641 262 2716 λοιπὴν
284 2646 337 2720 χήν
361 2640 504 2701 ἀπώλεσεν
526 2641 541 2700 ὁ
563 2641 686 2716 ποταμδς
707 2642 792 2720 πέραν
818 2641 914 2721 πέραν,
940 2642 998 2716 ήτις
1020 2641 1135 2720 ὑπάρχει
1158 2641 1346 2720 μυρικάτοπος.

70 2761 190 2842 ἐμετρήθη
213 2761 260 2824 καί
281 2763 314 2822 τ“ο
339 2764 424 2842 πέραν
453 2765 499 2822 τοῦ
528 2765 652 2838 ποταμοῦ
680 2761 839 2840 Μαιάνδρου
867 2763 898 2822 τδ
926 2761 1045 2838 πλησίον
1073 2765 1120 2822 τοῦ
1150 2767 1273 2838 ποταμοῦ
1301 2766 1347 2822 τοῦ

68 2881 220 2964 Γηροκάμου,
249 2883 297 2944 καί
326 2883 422 2964 εύρέύη
449 2885 517 2964 πρῦς
543 2883 594 2958 μέν
617 2883 716 2964 βορρᾶν
740 2885 862 2965 σωκάρια
890 2881 933 2960 ιε’,
963 2885 1031 2965 πρὸς
1062 2882 1094 2942 δὲ
1121 2883 1193 2944 δύσιν
1223 2885 1347 2964 σοικάρια

68 3002 111 3082 κε’,
132 3005 176 3066 καὶ
197 3008 266 3086 πρδς
287 3007 364 3066 νότον
387 3007 441 3078 ἕως
466 3009 513 3066 τοῦ
538 3008 662 3080 ποταμοῦ
692 3003 813 3083 οοικάρια
843 3001 875 3076 C.
920 3005 988 3081 ὁμοῦ
1016 3003 1123 3078 πλάτος
1151 3008 1274 3086 σωκάρια
1305 3003 1347 3086 ιζ’,

71 3133 148 3200 μῆνας
168 3128 289 3208 οωκάρια
312 3125 355 3207 ιε’,
379 3123 481 3203 μοδίιον
503 3126 556 3202 σιβ’
576 3129 667 3206 ἥμισυ,
691 3126 755 3186 ἀνευ
777 3132 826 3202 τῆς
848 3127 963 3208 ύπέργου
985 3131 1038 3205 γῆς
1060 3133 1109 3204 τῆς
1131 3127 1347 3204 ἀποοπαούείοης

68 3249 132 3328 παρὰ
152 3255 197 3310 τοῦ
216 3231 342 3326 ποταμοῦ
368 3249 415 3309 καὶ
440 3250 593 3328 γενομένης
621 3251 813 3329 μυρικοτύπου,
844 3241 909 3308 ὡσεὶ
936 3246 1037 3324 μοδίων
1066 3247 1135 3330 τζά,
1165 3249 1264 3330 λιτρῶν
1293 3245 1346 3311 κε’.

161 3371 383 3447 Ἀμπελοκήπισν
404 3371 435 3430 τῦ
457 3372 487 3428 δν
508 3367 626 3444 πλησίον
648 3375 697 3446 τῆς
720 3369 871 3446 ἐπισκοπῆς
895 3371 1025 3450 Πριήνης,
1048 3368 1114 3430 ὡσεὶ
1136 3370 1237 3445 μοδίων
1258 3369 1298 3450 λ’,
1317 3371 1348 3430 τύ

68 3490 206 3570 λεγόμενον
241 3493 415 3573 Μυκτιρινάν,
448 3491 495 3552 καὶ
527 3493 657 3572 πάροικος
687 3493 701 3551 ὁ
729 3493 956 3572 προσκαθήμενος
987 3491 1016 3552 ἐν
1046 3491 1132 3572 αύτῷ,
1168 3492 1306 3574 Γειύργιος
1333 3493 1348 3552 ὁ

71 3611 261 3696 ’λιεμοτριχάς
292 3615 365 3693 ἔχων
394 3613 450 3674 υίον
476 3613 606 3694 Μιχαήλ,
638 3615 757 3693 έγγάνην
780 3611 889 3695 Ἄνναν,
916 3613 1042 3693 γαμβρὸν
1065 3613 1205 3690 Ἰωάννην.
1251 3614 1348 3695 εύράύη

70 3733 108 3792 καὶ
127 3743 162 3814 γῦ,
182 3739 300 3818 ῦπεργος
323 3737 398 3808 ἐντδς
422 3736 500 3796 αύτοῦ
520 3737 567 3794 τοῦ
589 3730 800 3812 ἀμπελοκηπίου
823 3735 925 3811 μοδίων
952 3734 988 3817 δ’,
1018 3736 1111 3806 καθὼς
1139 3737 1171 3796 τύ
1200 3737 1348 3818 πρακτικὸν

71 3863 108 3916 τοῦ
128 3861 250 3940 σεκρέτου
274 3856 468 3934 διαλαμβάνει.

163 3981 365 4060 Προάστειον
390 3980 405 4038 ύ
428 3977 550 4058 Πρίνος
579 3977 615 4038 τδ
643 3979 679 4037 δν
708 3977 767 4037 ύπδ
796 3982 856 4054 τῆς
886 3977 1123 4059 Μανδρακλῆς.
1156 3979 1210 4039 Tb
1231 3982 1348 4040 τοιοῦτον

70 4104 212 4176 προάστειον
235 4103 332 4184 εὑρέθη
354 4102 499 4172 παντελῶς
521 4101 623 4178 ἀοικον,
647 4101 716 4176 μήτε
739 4097 877 4176 οἰκήματα
896 4101 926 4159 ιδ
946 4099 1058 4160 σύνολον
1080 4101 1159 4178 έχον·
1183 4101 1198 4158 δ
1220 4099 1251 4160 δέ
1269 4119 1348 4182 περι-

71 4224 171 4300 υριομδς
189 4228 235 4285 τοῦ
255 4221 415 4305 προαστείου
438 4219 508 4282 ἐστὶν
531 4215 620 4293 ούτος·
644 4217 759 4302 ἄρχεται
781 4221 835 4281 ἀπο
857 4222 887 4281 τύ
909 4221 1007 4298 χεῖλος
1024 4225 1071 4282 τοῦ
1086 4221 1185 4302 ῥύακος
1199 4224 1245 4282 τοῦ
1260 4221 1349 4302 λεγο-

72 4343 144 4415 μένου
169 4352 215 4422 τῆς
236 4345 438 4426 Χονδροχυτής,
466 4343 495 4404 έν
518 4337 540 4422 ᾧ
561 4340 609 4403 καὶ
634 4342 752 4418 πλησίον
775 4345 855 4404 αῦτοῦ
877 4343 940 4424 δρῦς
965 4343 1079 4424 ίοταται,
1107 4341 1154 4403 καὶ
1180 4345 1292 4424 οταυρδς
1320 4344 1349 4404 έν

72 4463 134 4542 σ’πῷ
156 4469 261 4548 γέγονε,
283 4465 331 4528 κοιὶ
353 4467 517 4547 κατέρχεται
538 4465 569 4526 τδ
590 4465 777 4546 καταρρύακον
799 4465 866 4544 προς
889 4463 959 4524 δύσιν
982 4469 1089 4546 κρατῶν
1111 4465 1141 4525 τδ
1164 4465 1229 4525 αύτδ
1243 4485 1349 4548 καταρ-

72 4586 171 4662 ρύτκον.
213 4589 362 4670 ἀπέρχεται
385 4589 467 4668 μέχρι
487 4589 534 4646 τοῦ
558 4586 722 4661 μυτίσματος
743 4590 790 4646 τοῦ
813 4590 908 4666 μικροῦ
931 4585 1077 4658 βουνιτζίου
1098 4591 1144 4647 τοῦ
1165 4587 1281 4662 πλησίον
1303 4591 1349 4647 τοῦ

74 4707 156 4788 ἑτέρου
180 4709 273 4790 ῥύακος
296 4711 449 4790 ἱσταμένου,
478 4709 544 4770 ένθα
568 4707 615 4768 καὶ
642 4708 728 4785 πεύκη
755 4709 859 4770 ἵσταται
883 4707 1001 4784 πλησίον
1023 4708 1112 4770 αύτοῦ.
1150 4707 1198 4768 καὶ
1220 4709 1273 4768 ἀπὸ
1296 4708 1349 4768 τῶν
