3160 5292
262 334 327 398 246

262 529 293 587 τό
320 528 472 607 ὡρολόγιον
501 530 531 586 τό
561 527 686 605 χαλκοῦν
717 533 767 602 τῆς
788 547 818 585 τε
844 527 948 605 ἠμερού
979 525 1025 586 καὶ
1054 527 1148 597 νυκτός
1177 523 1224 586 καί
1254 526 1304 586 ούκ
1335 524 1415 600 ἐτέθη
1444 523 1483 595 είς
1508 527 1549 598 τήν

263 647 332 710 ἰδίαν
347 644 432 726 τάξιν,
457 648 501 706 διὰ
523 651 600 707 τούτο
623 648 830 724 μνημονεύομεν
854 648 917 706 αύτό
941 649 1063 706 ἐνταῦθα.
1088 648 1228 727 κουρούπιν
1251 647 1361 706 ύαλινον
1384 647 1496 725 θηρικού
1517 647 1549 716 ῶς

263 765 381 850 ἐξαγίων
402 771 570 845 πεντήκοντα
591 773 609 844 ή
634 769 748 830 ἔλαττον
770 768 817 828 καί
841 771 919 848 ἕτερα
942 769 1011 850 ίερά.
1036 771 1057 848 †

317 928 319 934 ι
367 891 388 970 ή·
411 891 535 971 Σάβας,
556 891 727 966 όεύτελὴς
748 893 896 970 μοναχός
918 890 974 950 καί
995 892 1252 970 καθηγούμενος
1273 896 1330 965 της
1354 891 1386 949 ἐν
1409 896 1448 972 τῇ
1471 892 1549 964 νήσῳ

265 1013 384 1090 Πάτμῳ
418 1011 601 1088 οεβασμίας
635 1019 738 1100 μονῆς
771 1021 826 1072 τού
863 1013 1081 1090 ἠγαπημένον
1115 1011 1288 1088 Θεολόγου
1324 1011 1365 1070 τὰ
1404 1011 1549 1088 ἀνωτέρω

261 1135 366 1193 πάντα
389 1133 592 1208 έπιβεβαιῶν
614 1135 787 1214 ὑπέγραψα
810 1130 920 1214 οἰκείᾳ
941 1133 1040 1210 χειρί.
1055 1135 1085 1213 †

365 1255 528 1334 ήΣίγνον
566 1259 714 1334 μοναχού
750 1256 926 1335 Νεοφύτου,
964 1260 1019 1314 τού
1056 1257 1240 1331 γενομένου
1272 1257 1464 1333 ἡγουμένου
1499 1263 1549 1330 τῆς

262 1376 361 1452 αὐτῆς
399 1384 516 1458 μονῆς,
550 1377 590 1436 τὰ
627 1378 780 1456 ἀνωτέρω
817 1379 922 1436 πάντα
960 1376 1164 1451 ἐπιβεβαιῶν
1202 1375 1311 1459 οἰκείᾳ
1347 1375 1438 1458 χειρί
1476 1379 1548 1436 ύπέ-

261 1501 428 1580 κοιναί

364 1620 526 1700 ήΣίγνον
560 1625 710 1698 μοναχού
743 1621 926 1702 Γρηγορίου
963 1619 1018 1680 καί
1051 1618 1230 1696 οἰκονόμου
1266 1627 1326 1696 τῆς
1363 1622 1466 1698 αύτῆς
1498 1641 1548 1696 μσ-

261 1748 318 1818 νῆς
340 1742 378 1802 τό
401 1738 566 1828 ἀν[ωτέρω
588 1745 694 1803 πάντα
718 1739 930 1829 ἐπιβεβαιῶν]
956 1741 1066 1824 οἰκείᾳ
1087 1741 1178 1822 χειρί
1201 1743 1388 1822 ὑπέγραψα,
1412 1744 1434 1822 †

365 1861 547 1944 ήήΣίγνον
584 1869 733 1944 μοναχού
767 1864 969 1944 Λαυρεντίου
1006 1861 1067 1924 καί
1106 1911 1274 1928 ......
1293 1860 1303 1950 ή
1341 1871 1407 1942 τῆς
1445 1868 1550 1942 αύτής

261 1991 365 2062 μονῆς
386 1986 424 2046 τὰ
447 1987 599 2067 ἀνωτέρω
621 1988 729 2048 πάντα
752 1983 981 2072 ἐπιβήεβαιήῶν
1003 1985 1114 2070 οἰκείᾳ
1135 1984 1225 2066 χειρὶ
1247 1987 1433 2068 ὑπέγραψα.
1456 1987 1478 2067 †

362 2115 505 2187 Ανῶιιιῃκ
529 2115 648 2171 chartac.
677 2115 753 2171 Hor.
774 2117 816 2170 II.
844 2133 894 2170 nro
916 2118 964 2171 14.
997 2114 1134 2186 Scriptum
1157 2121 1267 2171 ταευπόο
1294 2133 1365 2170 saec.
1387 2117 1477 2170 XIII.
1507 2121 1551 2169 ανί

260 2219 364 2274 ineunte
386 2237 456 2274 σασα.
474 2220 557 2276 XIV.
584 2219 640 2275 Sub
662 2239 712 2274 nro
730 2223 769 2274 15
792 2227 879 2275 exstat
905 2215 1066 2294 καταγραφὴ
1088 2219 1142 2274 τῶν
1164 2235 1194 2274 τε
1217 2213 1297 2294 ἱερῶν
1321 2211 1444 2292 εἰκόνων,
1469 2213 1550 2290 ἁγίων

260 2317 408 2396 λειψάνων,
430 2323 539 2396 χρυσῶν
561 2317 607 2376 καί
632 2317 754 2398 ἀργυρῶν
774 2323 878 2376 σκευῶν
900 2316 947 2376 καὶ
969 2325 1023 2377 τῶν
1047 2317 1163 2393 βιβλίων
1185 2323 1233 2392 τῆς
1257 2323 1353 2394 μονῆς.
1378 2317 1407 2374 ἐν
1427 2323 1461 2398 τῇ
1483 2317 1550 2398 ἀργῇ

260 2422 319 2498 ἔχει
346 2421 447 2493 ούτως’
478 2419 573 2497 κῶδηξ
600 2421 644 2480 σὶιν
671 2420 726 2500 θεῷ
754 2427 803 2496 τῆς
830 2421 981 2496 οεβασμίας
1006 2425 1052 2481 τού
1078 2422 1258 2498 ἠγαπημένον
1285 2425 1323 2499 τῷ
1346 2421 1455 2501 Χριστῷ
1478 2419 1549 2481 Θεο-

258 2525 344 2603 λόγου
368 2529 454 2600 μονῆς
474 2530 525 2600 τῆς
542 2526 664 2605 Πάτμου,
687 2525 811 2604 γεγονὼς
835 2525 878 2586 ἐπὶ
902 2531 952 2601 τῆς
973 2525 1140 2604 ήγονμενίας
1161 2530 1207 2586 τοῦ
1229 2527 1431 2586 πανοοιωτάτου
1453 2527 1551 2604 πατρός

258 2632 347 2708 ήμῶν,
371 2633 493 2708 μοναχού
515 2635 595 2711 κυρού
612 2631 751 2710 Ἀρσενίου
766 2629 837 2690 κατὰ
853 2635 927 2707 μῆνα
950 2629 1139 2710 σεπτέμβριον,
1163 2629 1327 2703 ίνδικτιῶνος
1350 2628 1386 2710 δ’,
1409 2635 1455 2690 τοῦ
1477 2627 1550 2710 ,ςήθ

260 2735 344 2806 ἔτους.
366 2741 412 2796 Η.

532 3025 601 3092 CV.
626 3027 701 3092 Sine
725 3049 819 3110 anno,
843 3049 954 3091 mense
977 3027 1108 3110 octobri,
1131 3026 1195 3091 ind.
1220 3027 1277 3092 IV.

260 3158 413 3227 Imperator
443 3159 581 3227 praecipit
607 3156 724 3228 Θεωρία
747 3157 925 3224 Βαίυατιιοιτί,
961 3158 1025 3211 duci
1057 3158 1161 3210 ίιισιιίαε
1193 3159 1249 3226 Coi,
1284 3164 1314 3210 ιιό
1347 3164 1458 3214 tueatur
1490 3163 1547 3210 εὐνα

572 3263 730 3316 monasterii
750 3261 811 3314 Alai
831 3267 927 3315 οοιιίσα
950 3263 1102 3330 episcopum
1124 3261 1239 3316 τἰτσιιίασ.

362 3445 583 3524 ήΓραμματικέ
610 3451 659 3521 τῆς
684 3445 827 3520 βασιλείας
850 3465 912 3525 μου,
941 3443 1004 3517 δούξ
1030 3451 1080 3520 τῆς
1102 3447 1183 3519 νήσου
1206 3447 1267 3524 Κῶ,
1291 3447 1414 3526 Γεῶργιε
1437 3447 1545 3506 Βαλτα-

259 3570 327 3642 μῶν.
352 3565 375 3626 τί
399 3565 517 3644 μοναχοὶ
539 3573 587 3643 τῆς
611 3569 699 3627 αύτόθι
722 3566 876 3644 οεβασμίας
897 3573 1096 3647 πατριαρχικῆς
1119 3573 1206 3642 μονῆς
1227 3574 1277 3644 τῆς
1301 3565 1340 3639 εἰς
1363 3568 1452 3644 ὄνομα
1465 3589 1544 3644 τιμω-

259 3689 345 3762 μένης
370 3694 421 3762 τῆς
446 3692 652 3768 πανυπερσίγνου
675 3710 726 3765 μου
755 3688 901 3762 δεσποίνης
927 3688 974 3748 καί
996 3691 1164 3768 θεομήτορος
1191 3688 1236 3748 καὶ
1261 3689 1483 3765 ἐπικεκλημένης
1505 3692 1544 3746 τοῦΙ

257 3809 373 3882 Ἄλοους
401 3810 538 3891 ἀνέφερον,
573 3813 611 3870 ότι
641 3812 877 3892 περιφρονούμενοι
909 3811 984 3890 παρὰ
1013 3815 1059 3870 τού
1089 3811 1297 3890 θεοφιλεστάτου
1328 3811 1471 3872 ἐπισκόπου
1502 3818 1545 3882 τῆς

258 3931 381 4007 τοιαύτης
407 3935 488 4006 νήσου
522 3934 572 3993 ούκ
601 3933 698 4010 όλίγην
728 3932 844 3992 ἐπίθεσιν
871 3931 918 3992 καὶ
947 3933 1176 3992 καταδυναστείαν
1207 3932 1371 4012 εὑρίσκουσιν
1402 3931 1433 4006 ἐξ
1462 3933 1543 3992 αὐτοῦ.

259 4053 391 4132 ἐκράτησε
417 4053 470 4132 γὰρ
491 4055 582 4132 τρόπῳ
609 4055 738 4132 ὰμετόχῳ
765 4051 812 4113 καί
834 4053 1020 4132 πλεονεκτικῷ
1043 4055 1072 4112 τό
1094 4054 1167 4132 ύδωρ
1189 4058 1236 4114 τού
1259 4052 1358 4116 οἰκείου
1381 4053 1542 4135 περιβολίου.

257 4175 396 4252 χωροίφιον
425 4176 456 4234 τό
486 4175 637 4255 ἔμπροσθεν
666 4180 716 4250 τῆς
744 4175 834 4251 πύλης
861 4181 911 4250 τῆς
940 4176 1065 4251 τοιαύτης
1097 4181 1197 4254 μονῆς,
1231 4177 1323 4255 ἕτερον
1353 4175 1543 4252 ἐπιλεγόμενον

257 4301 311 4354 τῶν
333 4295 386 4356 Δύο
411 4295 520 4375 Πετρῶν
547 4295 594 4356 καί
616 4295 726 4374 λίμνην,
750 4297 848 4358 ἅτινα
871 4293 936 4355 εἰσίν
959 4295 1092 4356 ἀνέκαθεν
1115 4303 1164 4372 τῆς
1186 4299 1311 4372 τοιαύτης
1334 4303 1435 4376 μονῆς,
1457 4317 1541 4375 παρα-

166 4429 174 4440 ·
259 4415 395 4490 δεδομένα
425 4417 492 4496 πρός
521 4419 603 4492 αύτὴν
635 4419 670 4477 δι’
698 4418 890 4496 ἀπογραρικῶν
925 4417 1171 4478 ἀποκαταστάσεων
1205 4418 1251 4478 καὶ
1286 4420 1386 4498 ἐτέρων
1418 4419 1542 4498 διαφόρων

257 4533 432 4613 παλαιγενῶν
456 4537 662 4612 δικαιωμάτων·
685 4539 787 4612 ὁμοίως
810 4538 905 4614 ἐπάγει
930 4536 969 4609 εἰς
993 4539 1087 4610 αύτούς
1105 4537 1151 4598 καὶ
1175 4542 1255 4620 ἔτερα
1279 4541 1397 4620 ἑπιβαρῆ
1418 4540 1462 4601 καί
1486 4541 1541 4598 ἐπι-

258 4659 341 4732 ζήμια
367 4657 416 4718 ούκ
442 4657 534 4735 όλίγα,
563 4659 630 4737 ὑπὲρ
658 4653 687 4718 ού
715 4659 761 4718 καί
784 4659 934 4735 ἐδεήθησαν
964 4666 1012 4734 τῆς
1041 4659 1185 4733 βασιλείας
1208 4681 1269 4734 μου.
1298 4660 1374 4742 εἴπερ
1397 4667 1459 4742 γούν
1485 4662 1539 4737 ἔχει
1564 4679 1565 4698 ³
