3160 5292
1255 333 1317 400 247

40 528 92 585 ιότυ
111 529 142 588 τό
166 527 287 604 ἀληθές,
316 527 375 588 τίνα
397 529 483 606 λόγον
506 529 565 608 ἔχει
587 529 603 588 ό
625 533 742 600 τοιοῦτος
769 523 935 614 άρχι[ερεύ]ς
961 528 1007 588 καὶ
1030 529 1243 604 κατεπεμβαίνει
1271 529 1318 590 καί

38 649 255 710 νατατλεονεκτεῑ
280 655 335 710 τῶν
360 651 485 710 τοιούτων
513 657 652 729 μοναχῶν,
685 651 726 730 ἐφ’
750 642 790 721 οἷς
817 651 865 710 ουκ
892 651 952 728 ἔχει
975 649 1094 724 δίκαιονς
1118 650 1218 730 διὰτί,
1242 651 1317 732 εἴπερ

39 772 171 850 ἐγνώρισάς
197 775 285 851 τοῦτο,
315 771 393 832 ούόὲν
421 771 616 850 ἑδερένδευσας
649 773 743 842 αύτούς
772 772 823 832 άτό
850 777 898 848 τῆς
924 772 1049 848 τοιαύτης
1075 773 1317 853 καταδυναστείας,

36 895 65 964 ύς
88 891 150 965 όσύξ
171 899 223 968 τῆς
250 894 374 968 τοιαύτης
403 897 500 972 νήσους
530 895 548 968 ἡ
577 893 704 966 βασιλεία
732 912 783 969 μου
814 892 958 973 διορίζεταί
986 913 1037 972 σοι,
1070 894 1109 966 ὡς
1136 897 1168 952 ἂν
1196 893 1317 977 ἀναδέξῃ

36 1015 83 1086 κός
111 1015 249 1087 τοιούτους
282 1017 419 1091 μοναχούς
452 1014 499 1074 καί
534 1015 673 1097 βοηθήσῃς
706 1017 795 1086 αύτοῖς
827 1014 899 1074 κατὰ
930 1016 976 1074 τόν
1009 1017 1054 1076 τοῦ
1086 1015 1190 1074 δικαίου
1220 1015 1316 1095 λόγον,

34 1137 70 1195 καί
104 1136 303 1218 αἰκονομηεῃς,
341 1139 410 1198 ὥστε
449 1138 487 1212 μὴ
525 1133 675 1198 άόικείυύαι
713 1135 753 1208 εἰς
786 1137 824 1196 ἔτι
863 1135 905 1196 ἐπὶ
941 1140 998 1208 τοῖς
1031 1134 1184 1216 εἰρημένοις
1217 1158 1316 1216 χωρα-

34 1259 88 1334 ρίαις
115 1279 147 1317 τε
182 1253 240 1343 [καί
267 1253 356 1342 ἵνίδατι
382 1257 430 1318 καὶ
456 1265 489 1341 τῃ
519 1259 604 1340 λίμνῃ
632 1261 727 1338 αύτιῖνν,
759 1255 836 1319 ἀλλὰ
862 1260 991 1336 κατέχειν
1019 1259 1194 1337 άνενόχλητα
1222 1261 1317 1334 αύτούς

33 1377 91 1438 κατὰ
114 1381 165 1452 τὰς
192 1381 356 1460 περιλήψεις
385 1387 440 1441 τῶν
466 1383 620 1462 προσόντων
648 1383 737 1453 αἰτοῑς
765 1380 956 1456 δικαιωμάτων
985 1382 1221 1458 ἐπιρωνησόμενος
1248 1384 1316 1462 πρός

32 1504 54 1560 τό
81 1505 164 1582 μέρος
189 1506 237 1562 τού
266 1501 441 1578 όηλωύέντος
463 1504 669 1582 θεοφιλεστάτου
698 1502 854 1578 ἐπισκόπου,
881 1501 925 1560 ίνα
950 1502 1064 1580 ἀρνῆται
1092 1501 1131 1576 είς
1157 1505 1188 1564 τό
1215 1503 1315 1564 οίκεῖον

33 1623 120 1683 δίκαιον
149 1623 197 1682 καί
224 1624 317 1706 ἀπέχῃ
344 1625 441 1684 τέλεον
464 1627 511 1684 τοῦ
533 1622 774 1686 καταδυναστεύειν
796 1629 849 1683 τῶν
871 1625 997 1684 τοιούτων
1020 1629 1160 1703 μοναχῶν,
1183 1624 1230 1684 καί
1251 1624 1315 1684 ποί-

30 1765 84 1816 ητον
108 1741 181 1804 κατὰ
202 1747 248 1804 τόν
270 1747 390 1824 παρόντα
413 1746 532 1824 ὁρισμόν,
561 1747 592 1804 όν
614 1743 660 1804 καί
683 1739 856 1826 άντίστρεψαν
882 1745 950 1826 πρός
974 1745 1068 1818 αύτούς
1091 1745 1126 1806 δι’
1150 1747 1313 1826 ἀσφάλειαν.

30 1866 95 1942 μηνί
117 1867 290 1946 όκτωβρίῳ
316 1865 524 1938 ίνδικτιῶνος
547 1865 582 1930 δ’.
606 1867 627 1944 †

121 1995 267 2064 Archetyp.
299 1994 385 2049 chart.
419 1995 495 2050 Βίαν.
529 2013 579 2048 ιντο
604 1996 650 2050 72.
695 1995 802 2049 Tabula
836 1995 978 2048 tribuenda
1015 1995 1122 2050 videtur
1154 1997 1317 2066 ίωρωαωτί

30 2099 171 2156 ,ίιιιίτωνιὶόο
187 2099 230 2154 ΙΙ.
255 2105 280 2154 σί
302 2117 374 2154 anno
393 2103 476 2154 1305
500 2097 608 2168 (6814)

423 2385 508 2450 CVI.
534 2385 609 2450 Sine
633 2407 716 2450 anno
741 2396 772 2452 et
794 2409 914 2452 mense.

122 2535 180 2589 Ζυε
196 2535 332 2589 Βιωυωια
347 2533 576 2603 Ρίιίίαιιίίινορειιε
599 2540 689 2587 tuetur
712 2535 776 2587 ιἰινα
799 2541 824 2588 εί
842 2537 1023 2604 possessiones
1046 2509 1210 2590 πιοιιαεέετίί.

121 2721 141 2798 †
167 2717 246 2779 Ἐπεὶ
273 2718 298 2777 οί
324 2719 457 2798 παρόντες
484 2715 602 2796 μοναχοὶ
629 2717 654 2777 οί
681 2719 733 2778 ἀπό
761 2725 809 2794 τῆς
835 2719 945 2795 Πάτμου
970 2719 1161 2792 ἑκατέλλαβον
1189 2722 1256 2794 πρός
1279 2741 1315 2793 με

27 2841 63 2899 ἒιά
83 2863 158 2914 τινας
185 2835 315 2912 δουλείας
346 2845 396 2914 τῆς
424 2845 523 2918 μονῆς,
553 2840 680 2918 ἀνέρερόν
704 2859 760 2919 μοι,
787 2842 827 2900 ότι
851 2840 982 2900 άύικείται
1009 2842 1039 2900 τό
1062 2843 1251 2920 μοναστήριον,
1280 2841 1314 2899 τὰ

26 2965 133 3040 μετόχια
160 2961 208 3023 καί
236 2961 261 3022 οἱ
286 2963 422 3042 πάροικοι,
451 2959 497 3020 καί
521 2961 660 3022 άκούσατα
687 2965 769 3022 ταότα
798 2964 847 3021 ούκ
870 2959 1006 3038 ἐδεξάμην
1035 2963 1099 3022 αὺτό
1125 2961 1158 3020 νόι
1188 2962 1313 3036 ἀδικῆται

25 3087 49 3142 i:
67 3087 246 3164 μοναστήριον
262 3082 309 3143 καί
325 3083 359 3142 τὰ
382 3083 499 3161 μετόῃια
521 3081 568 3142 καί
590 3082 614 3142 οί
638 3081 763 3163 πάροικοι
785 3088 830 3142 τοῦ
854 3083 1110 3164 μαναστηρίουάπό
1130 3103 1200 3154 τινος
1220 3083 1312 3160 όχλη-

25 3228 86 3278 τεως
108 3211 127 3282 ἢ
150 3201 252 3282 ζημίας
282 3208 313 3266 τό
338 3207 432 3285 τυχόν,
463 3207 559 3285 γράφω
587 3205 618 3264 όὲ
647 3204 693 3264 καί
722 3205 777 3283 ἐγὼ
800 3206 922 3265 Δοόκενα
948 3207 966 3280 ἡ
990 3205 1214 3285 Φιλανθρωπῃνὴ
1246 3207 1315 3280 μετὰ

25 3329 62 3384 τὀν
91 3330 203 3407 όρισμόν
233 3327 280 3387 καί
309 3329 340 3386 τό
368 3327 481 3402 θέλημα
510 3331 556 3386 τοῦ
584 3327 711 3386 αύθὲντου
734 3347 785 3401 μου
807 3326 971 3407 τού-,ἀνδρός
1000 3347 1051 3401 μου
1081 3328 1148 3406 πρός
1173 3325 1235 3398 τούς
1261 3331 1315 3385 τῶν

26 3451 107 3508 α’ντόθι
137 3449 387 3528 κεραλατικεύοντα
419 3454 468 3524 τῆς
497 3443 605 3526 χώρας,
641 3441 696 3518 οἷος
728 3451 780 3526 άρα
812 3447 859 3507 καί
890 3451 928 3518 ἕνι
959 3450 1150 3528 εὑρισκόμενος
1183 3450 1214 3506 τό
1245 3449 1316 3508 κατὰ

25 3572 120 3650 καιρόν,
149 3571 371 3647 ἐνοχοποιαύντες
398 3575 451 3628 τῶν
479 3570 569 3628 αύτόθι
595 3569 644 3644 ἤτε
673 3565 859 3649 άντράόελρός
882 3591 933 3645 μου
956 3571 1005 3644 ἥτε
1033 3572 1167 3650 συγγενὴς
1194 3575 1240 3631 τού
1264 3573 1314 3630 σίν-

25 3692 110 3751 ύὲϊ.ου
141 3713 192 3766 μου
226 3696 272 3752 τοῦ
306 3692 405 3772 ἀνδρός
436 3712 487 3767 μου
517 3692 566 3766 ἤτε
601 3691 741 3770 άνθρωπός
773 3713 833 3772 μου,
870 3684 926 3764 σίας
956 3689 1009 3771 άρα
1039 3691 1085 3752 καὶ
1117 3695 1155 3753 ἔνι
1185 3695 1215 3753 τό
1245 3693 1316 3752 κατὰ

24 3816 110 3892 καιρόν
144 3819 196 3872 τῶν
228 3813 319 3874 αὐτόθι
351 3813 601 3900 κεραλατικεύόντα
631 3812 681 3887 ἤτε
709 3812 862 3891 πολλάκις,
898 3814 950 3873 ἀπό
984 3815 1033 3888 τὴν
1063 3817 1168 3893 χώραν,
1203 3815 1237 3873 νόν
1267 3815 1316 3874 ούκ

27 3935 79 4012 ἔχει
103 3935 195 3996 άόειαν
218 3955 293 3996 τιναν
315 3939 362 3994 τοῦ
386 3935 506 4012 όχλῆσαι
536 3935 569 3994 τόι
596 3937 716 4013 παρόντα
746 3937 861 4014 μετόχια
888 3939 934 3995 τοῦ
963 3935 1150 4016 μοναατηρίου,
1180 3936 1257 3994 ἀλλὰ
1280 3936 1314 4010 δὴ

24 4055 65 4114 καί
90 4057 152 4130 τούς
178 4057 203 4117 οί
226 4057 384 4138 παροίκους,
412 4059 481 4131 μήτε
510 4055 641 4131 ἀμπέλια,
671 4060 740 4131 μήτε
766 4054 903 4136 χωράρικ,
934 4059 1002 4133 μήτε
1025 4058 1135 4138 δένδρα,
1165 4060 1233 4132 μήτε
1257 4059 1314 4127 ζὼα

24 4185 64 4238 ’.τό
80 4181 259 4260 μοναοτηρίου
273 4183 292 4253 ἢ
308 4184 362 4238 τῶν
382 4177 407 4238 οἱ
421 4179 569 4258 παροίκων,
598 4179 631 4236 νόι
654 4179 692 4252 μὴ
710 4180 768 4255 ἔχει
787 4177 828 4249 τίς
852 4179 982 4250 ἐπαύείας
1008 4183 1054 4238 τοῦ
1078 4180 1198 4257 όχλῆσαι
1220 4184 1313 4256 ταῦτα,

26 4300 48 4357 εί
65 4322 90 4359 τι
114 4301 166 4379 άρα
192 4299 239 4362 καί
263 4303 312 4362 ἔνι.
347 4299 371 4360 εί
395 4301 426 4360 δὲ
453 4299 500 4360 καί
527 4299 617 4382 συμβῇ
645 4301 679 4358 νόι
700 4301 812 4378 γένηται
840 4301 924 4376 ζημία
953 4300 1000 4360 καὶ
1028 4303 1183 4384 μαρτυρηθῇ
1213 4299 1252 4372 είς
1283 4305 1313 4360 τό

24 4431 148 4502 πρᾶγμαν
169 4427 214 4484 τοῦ
238 4422 416 4503 μοναστηρίου
439 4420 561 4482 καὶτῶν
585 4421 609 4483 οί
629 4422 766 4502 παροίκων
788 4423 803 4481 ό
826 4424 1016 4502 εὑρισκόμενος
1037 4423 1260 4502 κεραλατικεύων
1284 4427 1313 4484 τό

24 4545 110 4618 νητῖον
125 4545 159 4603 νίι
178 4543 292 4626 ἐξετάζῃ
315 4546 363 4618 τὴν
387 4545 511 4604 ὑπόθεσιν
535 4540 604 4619 μετά
626 4543 673 4602 καὶ
696 4544 854 4625 μαρτυρίας,
876 4547 911 4604 νύ
934 4545 1097 4625 ἐκόικαιώνῃ
1120 4548 1150 4604 τό
1174 4549 1313 4620 μοναστη-

25 4686 74 4740 ριαν
97 4667 148 4741 ἤτε
168 4669 212 4726 τόν
236 4669 328 4746 ἕτερον
352 4666 430 4737 εἴτις
453 4668 553 4744 ἠυρέθη
577 4665 733 4737 κατάόικος.
758 4665 782 4724 εἰ
799 4667 830 4726 όὲ
853 4666 899 4726 καί
923 4670 952 4728 ού
976 4668 1022 4727 δὲν
1046 4667 1211 4752 ἑκπληρώνῃ
1234 4676 1311 4730 τοῦτο
