3186 5286
1273 357 1334 422 377

57 548 202 628 ριλοτιμίαν,
238 550 309 608 ὥστε
344 551 389 610 τὀν
422 549 491 608 κατὰ
520 549 629 630 καιροῦς
665 552 693 610 έν
726 551 798 628 αιίτῷ
827 552 980 630 ἡγούμενον
1015 552 1044 610 ἐν
1077 555 1136 622 ταῖς
1167 549 1337 631 ἑορτασίμοις

56 671 153 746 ἡμέραις
183 671 276 748 ρορείν
310 670 352 730 ἐπ’
384 670 535 746 ἐκκλησίας
569 671 700 750 μανδῦαν,
733 674 972 751 προχειριζόμενον
1006 669 1053 732 καὶ
1086 671 1256 750 πατερίτζαν.
1291 671 1336 732 καί

55 795 144 869 πρῶτον
176 792 229 865 μὲν
259 791 369 872 ῦπάρχῃ
399 792 617 870 ἀπηλλαγμένον
646 795 735 868 πάσης
762 791 911 873 έξαρχικῇς
942 791 1066 865 ἐξουσίας
1094 792 1140 852 καί
1168 793 1337 866 δεσποτείας.

56 913 166 992 δεῦτερον
197 912 230 972 δὲ
260 911 339 990 λὸγῳ
370 914 508 988 ὑποταγῆς
538 913 660 992 ἀποδιδῷ
690 915 753 972 καθ’
782 917 897 974 ἕκαστον
932 915 992 985 ἔτος
1022 915 1213 994 ἀπαραιτήτως
1243 915 1340 994 γρὸσια

54 1036 180 1110 τριακόσια
210 1031 250 1104 είς
279 1036 310 1093 τδ
340 1036 429 1093 κοινδν
460 1041 509 1110 τῆς
540 1036 602 1094 καθ’
624 1037 700 1109 ἡμᾶς
729 1039 775 1094 τοῦ
807 1037 921 1116 Χριστοῦ
952 1036 1082 1112 μεγάλης
1112 1035 1263 1110 ἐκκλησίας
1293 1033 1340 1094 καί

54 1153 174 1236 λαμβάνῃ
196 1153 380 1233 ἐξορλητικὴν
398 1152 535 1227 ἀπόδειξιν
551 1157 622 1216 κατάι
641 1157 671 1215 τὸ
690 1157 754 1236 ῦρος
773 1164 826 1215 τῶν
848 1157 996 1238 ἐπαρχιῶν,
1019 1156 1065 1216 καί
1085 1158 1171 1229 οῦτως
1191 1157 1341 1230 ἀναλαβὼν

53 1278 76 1334 τ“ο
101 1277 214 1355 ἀρχαῖον
242 1278 360 1356 γεραρδν
392 1283 440 1352 τῆς
470 1285 708 1357 σταυροττηγιακῆς
738 1275 817 1351 ἀξίας
847 1281 992 1358 προνόμιον
1023 1278 1069 1338 καὶ
1098 1279 1195 1350 καλῶς
1223 1279 1340 1338 διοικοῦ-

54 1417 133 1478 μενσν,
164 1401 204 1468 ὡς
232 1399 320 1473 μέλος
347 1401 458 1476 γνήσιον
484 1403 531 1458 τοῦ
557 1401 619 1458 καθ’
643 1401 717 1474 ἡμᾶς
746 1399 896 1478 οίγιωτάτου
922 1405 1129 1482 πατριαρχικοῦ,
1160 1401 1342 1460 ἀποοτολικοῦ

53 1516 90 1576 καὶ
110 1517 299 1594 οἰκουμενικοῦ
323 1522 417 1598 θρόνου
440 1522 455 1580 ὁ
477 1520 504 1578 έν
526 1519 597 1598 αῦτῷ
617 1521 688 1580 κατὰ
710 1521 820 1600 καιροὺς
842 1523 1009 1600 ἡγούμενος,
1032 1523 1124 1599 ὥοπερ
1144 1521 1169 1580 οί
1189 1522 1341 1602 ἀρχιερεῖς,

54 1641 111 1698 οὓτω
132 1639 179 1699 καί
205 1641 285 1712 αῦτδς
307 1644 397 1721 γράρῃ
421 1641 531 1714 ἀμέσως
553 1643 620 1720 πρδς
643 1643 691 1716 τἠν
714 1644 776 1701 καθ’
792 1645 866 1716 ἡμᾶς
887 1647 934 1702 τοῦ
952 1644 1065 1722 Χριστοῦ
1085 1644 1213 1721 μεγάλην
1233 1643 1341 1716 έκκλη-

54 1761 102 1819 τίαν
127 1761 174 1820 καί
204 1759 318 1834 ἀξιῶτσιι
345 1767 394 1836 τής
420 1763 608 1840 προσηκούσης
635 1757 839 1840 ῦπεραοπίοεως
868 1764 896 1822 έν
919 1767 978 1835 ταῖς
1000 1763 1209 1839 αυμβαινοῦσαις
1235 1763 1342 1840 χρείαις

52 1881 90 1940 καί
115 1885 285 1942 ΙΖιποθέπεσιν.
316 1883 412 1960 τρίτον.
438 1882 668 1959 διαρυλάττωνται
690 1886 945 1962 ἀπογεγραμμένοι
972 1883 1061 1962 ἐντῷ
1090 1884 1258 1962 διωρισμένῳ
1281 1885 1342 1943 κὼ-

53 2003 96 2062 διιυ
119 2011 168 2080 τῆς
197 2005 327 2083 μεγάλης
355 2003 505 2079 ἐκκλησίας
532 2007 637 2064 ἅπαντα
659 2006 693 2064 τὰ
715 2008 842 2076 κτήματα
869 2004 915 2064 καί
939 2005 1115 2084 ἀριερώματα
1138 2005 1218 2064 αυτοῦ
1240 2003 1287 2063 καί
1310 2003 1343 2064 τὰ

52 2128 113 2204 χρέη
140 2127 188 2184 καί
215 2128 245 2184 τδ
272 2130 319 2184 τοῦ
341 2127 494 2202 ἡγουμένου
523 2126 618 2200 ὄνομα.
646 2129 772 2204 τέταρτον
801 2127 832 2184 δὲ
854 2127 885 2186 τδ
909 2125 1046 2202 σιγίλλιον
1071 2127 1150 2185 αὺτοῦ
1175 2127 1227 2206 ἔχῃ
1251 2127 1343 2199 μένειν

53 2247 250 2326 ἀπαράτρεπτον
277 2245 324 2306 καί
352 2245 537 2328 ἀπαράβατον,
566 2247 603 2322 μὴ
633 2248 762 2322 δεὸμενέν
784 2267 851 2306 ποτε
880 2249 1056 2318 ἀνανεώσεως
1083 2247 1130 2306 καί
1154 2247 1343 2326 ἐπικυρώσεως

53 2368 285 2444 έκκλησισιστικῆς.
314 2370 446 2442 πέμπτον.
475 2366 573 2442 μηδείς
600 2373 645 2428 τοῦ
673 2371 769 2428 λοιποῦ
791 2369 917 2446 γίγνηται
947 2371 975 2427 έν
1004 2367 1075 2446 αὐτῷ
1098 2371 1252 2444 ἡγούμενος
1280 2369 1343 2428 άνευ

51 2493 208 2567 γράμματος
230 2493 427 2568 πατριαρχικτῦ
449 2488 496 2548 καὶ
519 2489 666 2567 συνοδικοά,
690 2490 756 2550 ἀλλ’
774 2491 885 2550 ἐπειδὰν
908 2490 1025 2550 ἕλωνται
1049 2491 1127 2549 αῦτδν
1147 2493 1246 2571 γνώμη
1266 2497 1343 2572 κοινῇ

52 2609 73 2668 οἱ
93 2611 310 2690 ουγκοινοβιᾶται
333 2613 460 2689 πατέρες,
484 2613 544 2670 τὸτε
567 2611 772 2686 ἀποστέλληται
794 2613 859 2690 παρ’
880 2613 966 2670 αὐτῶν
989 2613 1066 2686 κοινὴ
1091 2612 1276 2691 ἐνυπάγραρος
1297 2609 1344 2670 καὶ

54 2731 239 2812 ένσρράγιοτσς
266 2734 386 2812 ἀναρορά
412 2732 473 2812 περί
500 2738 548 2808 τής
571 2733 696 2806 τοιαύτης
720 2733 843 2808 ἐκλογῆς
868 2735 936 2812 πρὸς
957 2735 1003 2792 τδν
1025 2733 1097 2792 κατάι
1119 2734 1230 2813 καιροὺς
1252 2731 1344 2793 οἰκου-

52 2857 154 2926 μειικδν
188 2856 360 2933 πατριάρχην
393 2851 441 2912 καὶ
470 2854 539 2912 οῦτω
570 2853 605 2912 δι’
636 2851 862 2927 έκκλήσιαστικσῦ
889 2851 1052 2930 γράμματος
1087 2854 1299 2929 ἀπσκαθιοτῆται
1331 2855 1345 2913 ὁ

52 2975 199 3052 ἡγούμενος
226 2980 272 3035 τοῦ
300 2974 478 3052 μοναστηρίου
504 2977 596 3034 τοῦτου
618 2975 815 3048 σημειουμένου
842 2971 890 3032 καὶ
917 2977 963 3032 τοῦ
991 2973 1125 3047 ὀνόματος
1153 2977 1231 3034 αῦτοῦ
1256 2973 1345 3052 ἐντῷ

52 3099 153 3176 ρηθέντι
183 3097 290 3172 κώδιαι,
319 3091 436 3175 ὁρείλων
463 3097 524 3154 κατ’
549 3097 609 3167 έτος
638 3093 853 3168 ἐξαποστέλλειν
881 3095 979 3174 ἀκριβῆ
1008 3095 1191 3173 ένυπὸγραρσν
1222 3093 1268 3154 καὶ
1298 3095 1345 3154 ἐν-

52 3223 207 3300 τρράγιοτον
227 3219 404 3298 καταγραφὴν
423 3223 477 3276 τῶν
493 3223 540 3278 τοῦ
561 3218 635 3288 ἔτους
660 3217 764 3276 ἐκείνου
788 3222 1011 3296 μοναστηριακῶν
1036 3215 1139 3276 έσὸδων
1162 3215 1208 3275 καί
1232 3214 1344 3289 ἐξόδων.

52 3343 133 3402 έατσν.
158 3343 176 3415 ἡ
199 3338 313 3419 σρραγίς
332 3345 378 3398 τοῦ
399 3338 577 3417 μοναστηρίου
598 3337 718 3418 διαιρεθῇ
739 3337 778 3409 είς
799 3341 928 3412 τμήματα
948 3340 1076 3418 τέσσαρα,
1099 3337 1145 3396 καὶ
1164 3338 1182 3410 ή
1203 3337 1254 3412 μὲν
1269 3338 1346 3412 λαβὴ

51 3463 338 3542 παρααατατεθειμένη
373 3463 482 3544 ὑπάρχῃ
517 3461 554 3539 τῷ
587 3463 742 3539 ἡγουμένῳ,
776 3461 810 3520 τά
845 3460 876 3520 δὲ
909 3461 1026 3540 τέσσαρα
1060 3461 1191 3536 τμήματα
1223 3461 1348 3539 τέσσαρσι

53 3585 285 3663 αυγεοινοβιοίταις
311 3586 442 3664 πατράσιν
471 3583 668 3660 ἐκλεγομένοις
695 3586 795 3651 κοινῶς
817 3580 891 3659 παρὰ
912 3583 1021 3640 πάντων
1044 3585 1097 3640 τῶν
1121 3581 1348 3658 συγκοινοβιατιῦν

52 3711 183 3788 πατέρων.
217 3706 346 3781 ἕβδομον.
375 3706 399 3766 οί
428 3706 653 3785 ἐπιτετραμμένοι
679 3705 712 3762 τὰ
738 3705 856 3784 τέτταρσι
883 3705 1015 3778 τμήματα
1041 3701 1088 3762 καί
1115 3703 1163 3777 την
1191 3702 1282 3777 λοιβὴν
1310 3702 1348 3776 μὴ

55 3832 150 3906 έχωτιν
188 3829 282 3889 ἄδειαν
317 3828 378 3888 καθ’
410 3826 520 3896 έαυτοῦς
550 3825 703 3904 ορραγίζειν
735 3825 954 3903 μοναστηριακάς
984 3825 1153 3904 χρεωστικάς
1183 3822 1349 3900 ὁμολογίας,

54 3953 114 4013 ἀλλ’
146 3951 190 4011 ἐπὶ
220 3951 354 4032 παρουσίᾳ
381 3955 433 4008 τῶν
460 3949 681 4026 προνριτωτέρων
711 3947 739 4006 ἐν
769 3949 826 4018 τοῖς
856 3947 1089 4023 συγκοινοβιάταις
1119 3943 1349 4023 ῦπογραρομένων

53 4075 184 4134 κάκείνων
216 4071 297 4144 ἰδίαις
323 4071 426 4151 χερσίν,
456 4069 483 4128 αἱ
506 4069 537 4128 δὲ
560 4070 598 4144 μἰη
622 4068 692 4128 κατὰ
717 4070 763 4128 τδν
793 4067 936 4148 εἰρημένον
962 4068 1061 4146 τρόπον
1083 4066 1276 4144 γεγραμμέναι
1303 4061 1351 4122 καὶ

54 4197 279 4278 ένορραγισμέναι
302 4192 449 4271 ὁμολογίαι
472 4189 633 4264 νομίζωνται
661 4191 699 4264 μὴ
727 4193 773 4248 τοῦ
801 4189 990 4267 μοναστηρίου,
1018 4187 1085 4247 ἀλλ’
1108 4185 1174 4245 ίδιαι
1203 4191 1258 4244 τῶν
1288 4185 1349 4243 κατ’

55 4317 123 4378 ἰδίαν
146 4318 360 4398 σρραγισάντων,
391 4312 437 4372 καί
474 4313 571 4372 ἐκεῖνοι
604 4308 633 4382 ἐξ
665 4308 738 4368 ἰδίων
769 4309 948 4388 ἀποπληρῶοι
978 4309 1026 4378 τὰς
1055 4308 1292 4386 έμπεριεχσμένας
1322 4305 1351 4364 ἐν

55 4445 113 4514 ταῖς
135 4440 270 4508 τοιαῦταις
294 4435 459 4514 ὁμολογίαις
481 4433 656 4514 χρηματικὰς
677 4433 843 4508 ποσὸτητας,
869 4423 940 4490 οὗτοι
963 4429 1004 4508 δέ,
1029 4427 1137 4504 δηλαδὴ
1161 4429 1176 4486 ὁ
1198 4427 1351 4506 ἡγοῦμενσς

54 4563 124 4637 μετὰ
156 4567 211 4622 τῶν
244 4561 382 4640 τεσσάρων
415 4562 469 4616 τῶν
504 4555 742 4636 ἐπιτετραμμένων
779 4553 812 4612 τά
846 4559 896 4628 τῆς
929 4551 1076 4631 σρραγῖδος
1105 4553 1236 4626 τμήματα
1267 4551 1351 4628 ἔχωσι

53 4692 140 4746 πᾶσαν
174 4681 437 4764 πληρεξιουοιέτητα
471 4685 519 4755 τῆς
555 4676 705 4752 ἐκκλησίας
741 4675 872 4753 ἐπιτιμᾶν,
906 4673 1086 4754 τωρρονίζειν,
1116 4669 1288 4746 ἀποβάλλειν
1320 4671 1352 4732 ἐκ
