3162 5278
241 361 305 426 310

345 554 503 634 ῆἘιτειδὴ
530 555 753 633 παραγεγονότες
774 555 897 636 ἡμετέρᾳ
923 560 1062 635 προτροπῇ
1091 553 1138 613 δύο
1162 555 1280 633 πατέρες
1307 553 1360 612 ἀπδ
1382 558 1434 626 τῆς
1456 552 1484 612 ἐν
1504 557 1532 632 τῆ

241 679 315 754 νήσῳ
339 676 443 753 Πάτμῳ
468 675 544 755 ἱεράς
567 680 654 751 μονῆς
676 680 722 735 τοῦ
745 675 833 753 άγίου,
862 673 974 747 ἐνδόξου
996 673 1043 734 καὶ
1064 678 1240 754 πανευφῆμου
1262 675 1417 734 ἀποστόλου
1440 673 1532 732 Ἰωάν-

241 817 288 856 νου
315 801 361 856 τού
383 795 528 876 θεολόγσυ
555 797 709 877 ἀπολογίαν
740 798 902 872 ἐποιήσαντο
934 797 986 856 ἀπό
1017 799 1116 878 μέρους
1145 801 1192 856 τού
1221 797 1368 856 όσιωτάτου
1398 797 1532 874 καθηγου-

242 920 325 994 μένου
359 917 406 978 καί
436 923 487 994 τῆς
517 921 673 996 κοινότητος
701 923 748 979 τοῦ
778 919 957 998 μοναστηρίου
986 917 1048 998 περί
1076 925 1127 994 τῆς
1158 917 1344 994 ἐνωτισθείσης
1371 917 1439 992 ῆμῖν
1471 918 1533 977 ύπο-

242 1042 356 1120 θέσεως,
379 1041 418 1112 ὡς
441 1035 503 1118 εἶχε
524 1043 597 1117 τάχα
621 1039 775 1112 δανειακῶς
798 1039 934 1115 δεδομένα
955 1043 1086 1120 χρήματα
1107 1039 1175 1119 πρδς
1197 1041 1227 1098 τό
1250 1039 1431 1117 μσναστῆριον
1453 1041 1471 1112 ἢ
1492 1037 1534 1098 καί

244 1161 347 1233 ἀλλους
370 1161 444 1233 τινάς
467 1162 501 1220 δι’
518 1160 675 1239 ὁμολογιῶν
698 1162 713 1219 ό
736 1161 765 1220 ἐν
787 1160 826 1239 τῷ
850 1161 922 1240 αύτῷ
946 1161 1117 1240 μσναστηρίῳ
1140 1159 1298 1238 συνταχθείς
1319 1181 1350 1218 τε
1372 1157 1421 1220 καί
1443 1161 1533 1219 τελευ-

242 1285 327 1356 τησας
353 1285 448 1363 πρώην
470 1283 667 1360 Διδυμστσίχου
691 1282 907 1362 μητροπολίτης,
934 1287 984 1363 κύρ
1007 1283 1172 1362 Γρηγόριος,
1196 1282 1267 1356 μετὰ
1288 1283 1319 1341 τδ
1341 1282 1533 1363 παραιτηθῆνοι

243 1401 290 1462 καί
320 1403 498 1484 ἀναχωρῆσαι
524 1409 573 1479 τῆς
602 1403 736 1482 ἐπαρχίας
763 1406 842 1464 αύτού
872 1403 980 1478 ἐκείνης
1009 1401 1056 1462 καὶ
1083 1409 1147 1463 πᾶσι
1173 1405 1282 1483 τρόποις
1310 1403 1534 1478 διεβεβαιῶσαντο

245 1525 273 1584 ἐν
301 1524 377 1603 φόβῳ
403 1525 466 1584 θεοῖι
493 1525 579 1602 ψευδῆ
606 1525 654 1602 τῆν
682 1527 774 1604 φήμην
802 1523 909 1601 ἐκείνην
937 1523 1067 1604 ὑπάρχειν
1093 1517 1141 1584 καί
1163 1527 1234 1601 μήτε
1257 1523 1391 1584 δονειακά
1413 1526 1534 1604 χρήματα

245 1645 349 1706 ἐκείνου
380 1641 451 1705 είναί
475 1665 535 1726 που,
567 1649 637 1724 μήτε
666 1647 791 1718 τοιαύτας
820 1645 975 1723 ὁμολογίας
1005 1646 1153 1724 φαίνεσθαι,
1185 1639 1216 1704 ού
1246 1648 1339 1705 ένεκεν
1367 1646 1534 1720 ἀπελύσαμεν

245 1769 339 1840 αύτούς
361 1768 576 1848 ἀνεπηρεάστους
600 1767 648 1828 καί
670 1769 900 1847 ἀκαταζητῆτους,
923 1767 969 1826 καί
993 1767 1155 1844 δεδώκαμεν
1180 1769 1273 1828 ἀδεισιν
1297 1768 1428 1827 ἀπελθεῖν
1452 1766 1489 1838 είς
1509 1769 1534 1825 τό

245 1891 422 1968 μοναστῆρισν
451 1891 536 1948 αύτῶν
563 1888 611 1949 καὶ
634 1889 770 1966 μηδεμίαν
795 1890 940 1967 ἐνόχλησιν
964 1891 1038 1967 ἔχειν
1061 1890 1123 1962 τούς
1145 1891 1267 1970 πατέρας
1292 1893 1339 1950 τού
1361 1889 1460 1949 λοιποῦ
1481 1887 1534 1968 περί

244 2017 294 2086 τῆς
319 2011 444 2085 τοιαύτης
471 2011 635 2083 Ιἀποθέσεως.
671 2009 715 2070 ἐπὶ
745 2012 848 2081 τούτοις
878 2013 971 2086 μέντοι
1001 2012 1171 2090 ἀνῆγγειλαν
1201 2012 1266 2086 ἡμῖν
1297 2011 1322 2070 σί
1352 2013 1470 2090 πατέρες
1496 2013 1535 2069 τού

245 2133 324 2192 αύτοῖι
347 2132 535 2210 μοναστηρίου,
559 2135 598 2192 ότι
620 2133 692 2205 τινὲς
714 2141 766 2192 τῶν
788 2136 988 2216 παρῃτημένων
1012 2133 1162 2213 ἀρχιερέων
1183 2133 1218 2192 δι’
1235 2131 1383 2208 εὐλάβειαν
1406 2131 1453 2192 καὶ
1475 2133 1534 2208 ἡσσ-

244 2253 308 2330 χίαν
337 2255 556 2332 παραγενόμενοι
585 2255 817 2334 πρσσκληρούνται
847 2255 886 2334 τῷ
914 2253 985 2334 αύτῷ
1013 2255 1195 2335 μσναστηρίῳ,
1217 2255 1269 2314 κάν
1296 2253 1335 2332 τῷ
1363 2255 1535 2329 ἀπσθνῆσκευ

246 2375 367 2446 ἐκείνους
395 2377 489 2434 έπετσιι
514 2375 586 2434 κατὰ
612 2376 661 2450 τὴν
689 2377 828 2451 συμβᾶσαν
856 2377 953 2451 ταύτην
981 2376 1105 2436 ύπόθεσιν
1129 2376 1326 2462 ἐπηρεάζεσθαι
1349 2379 1380 2436 τό
1405 2380 1535 2454 μσναστη-

247 2516 302 2576 ριον
324 2495 395 2556 κατὰ
417 2497 528 2576 καιρούς
551 2497 747 2572 ἀπαιτούμενον
774 2499 927 2578 περιουσίας
952 2499 1063 2558 ἐκείνων
1091 2500 1141 2557 ύπδ
1163 2503 1217 2557 τῶν
1239 2501 1446 2577 προϊσταμένων
1468 2521 1535 2574 τηνι-

245 2621 331 2676 καῦτα
353 2621 400 2676 τού
425 2619 488 2676 καθ’
511 2620 586 2692 ἡμεῖς
612 2625 806 2698 πατριαρχικσύ
832 2618 878 2680 καί
902 2618 1089 2696 σίκουμενικσύ
1115 2621 1220 2700 θρόνου,
1247 2627 1296 2696 τῆς
1318 2621 1427 2701 ἡμέρας
1455 2621 1535 2695 δηλο-

246 2739 300 2798 νότι
323 2745 508 2820 πατριαρχῶν,
536 2737 583 2799 καὶ
605 2741 676 2815 μετδι
700 2740 823 2815 δεήσεως
847 2741 980 2816 ἐζήτησαν
1002 2743 1130 2818 γενέσθαι
1151 2741 1250 2821 τρόπον
1273 2742 1334 2800 τινόι
1356 2743 1424 2822 πρός
1447 2741 1534 2802 ἀπαλ-

246 2860 338 2938 λαγὴν
365 2867 414 2936 τῆς
442 2861 638 2942 ἐπιτρεχούσης
664 2864 763 2937 ταύτης
789 2865 972 2942 περιστάσεως
995 2867 1013 2938 ἢ
1037 2861 1207 2922 ἐντείλασθαι
1230 2865 1306 2937 ῆμᾱς
1335 2863 1447 2940 δηλαδὴ
1471 2865 1533 2923 ἀπσ-

229 2981 364 3042 ’σείεσθαι
397 2984 446 3058 την
479 2985 546 3064 πρός
575 2985 606 3043 τό
637 2987 816 3064 μοναστῆριον
848 2986 911 3044 αύτδ
942 2983 1092 3045 είσέλευσιν
1121 2984 1168 3044 καί
1198 2985 1345 3059 μετανοίας
1375 2985 1462 3045 κλίσιν
1489 2993 1534 3045 τῶν

246 3104 371 3163 τοιούτων
399 3101 551 3184 ἀρχιερέων
577 3109 596 3180 ἢ
623 3106 702 3165 τύπον
724 3105 782 3165 τινὰ
809 3109 972 3188 παρασχεῖν,
1001 3106 1050 3166 τίνι
1076 3109 1167 3186 τρόπῳ
1195 3105 1422 3187 διακυβερνᾶσθαι
1452 3107 1535 3175 αύτούς

248 3226 318 3300 μετά
340 3225 388 3300 τὴν
412 3228 515 3286 ἑαυτῶν
538 3227 694 3307 ἀποβίωσιν,
718 3229 792 3299 όπως
815 3228 853 3302 μὴ
879 3228 1025 3305 ἐνόχλησιν
1050 3227 1102 3308 ἔχῃ
1125 3229 1155 3286 τό
1179 3231 1370 3309 μοναστῆριον.
1394 3227 1439 3288 καὶ
1463 3229 1536 3298 ούτως

248 3344 288 3416 είς
315 3349 410 3425 σκέψιν
437 3349 613 3420 ύποτεθέντσς
643 3353 688 3408 τού
717 3351 889 3430 πράγματος,
919 3350 949 3407 τό
977 3348 1028 3424 μὲν
1056 3349 1228 3426 ἀναχαιτίσαι
1258 3348 1306 3408 καί
1336 3350 1472 3428 ἀνακόψαι
1498 3349 1535 3408 τόν

250 3467 351 3546 δρόμον
374 3469 485 3528 ἐκείνων
508 3475 561 3528 τῶν
583 3473 807 3549 καταφευγόντων
831 3468 870 3541 είς
892 3472 937 3530 τόν
961 3473 1091 3548 σωτῆρισν
1114 3471 1215 3546 λιμένα
1238 3471 1309 3545 μετδι
1331 3469 1536 3551 προθυμίαςκαὶ

250 3589 397 3664 εύλαβείας
424 3591 565 3651 ἀνεύθετσν
589 3589 668 3664 ἔδοξε
694 3591 741 3652 καί
768 3593 868 3671 σχεδόν
897 3591 1034 3652 ἀπαίσιον·
1065 3595 1095 3652 τό
1117 3593 1170 3672 γὰρ
1199 3593 1355 3668 ἐμποδίζειν
1385 3597 1440 3665 τοῖς
1466 3595 1534 3672 φιλο·
1568 3631 1569 3634 =

250 3712 323 3783 θέσις
351 3712 441 3791 ἔργοις
468 3714 517 3772 ούκ
543 3713 682 3772 ἀκίνδυνον
708 3717 830 3793 πάντως,
859 3714 915 3774 οὔδ’
940 3715 1148 3792 ἀκατάγνωστον
1176 3717 1268 3790 μένειν
1294 3717 1408 3794 πέφυκε,
1436 3717 1534 3793 θάτερον

251 3831 282 3892 δὲ
297 3838 351 3892 τῶν
370 3833 580 3914 προβληθέντων
602 3832 682 3908 ἔδοξε
703 3836 870 3910 διαιτηθῆναι
886 3834 1011 3917 συνοδικῇ
1034 3832 1167 3915 ἀποφάσει
1185 3835 1246 3894 κατ’
1264 3837 1435 3915 εύλογοφανῆ
1450 3837 1535 3915 τρόπον

250 3952 297 4014 καί
328 3953 440 4016 δίκαιον.
475 3955 568 4014 τούτου
598 3959 677 4034 χάριν
707 3959 857 4036 γράφοντες
892 3957 1095 4034 ἀποφαινόμεθα
1126 3957 1273 4028 συνοδυιῶς
1305 3957 1376 4033 μετὰ
1406 3965 1458 4018 τῶν
1484 3953 1535 4033 περὶ

250 4077 325 4151 ἡμᾶς
360 4075 512 4156 ίερωτάτων
543 4077 694 4157 ἀρχιερέων
725 4075 772 4136 καί
802 4075 963 4159 ύπερτίμων,
993 4083 1047 4136 τῶν
1079 4079 1107 4137 ἐν
1139 4077 1208 4156 άγίῳ
1239 4080 1370 4154 πνεύματι
1402 4081 1537 4157 ἀγαπητῶν·

251 4199 329 4273 ἡμῶν
353 4197 481 4276 ἀδελφῶν
508 4197 554 4257 καί
576 4198 804 4280 συλλειτουργῶν,
832 4198 876 4258 ἵνα
902 4205 955 4258 τῶν
977 4201 1040 4258 καθ’
1064 4201 1177 4258 ἕκαστον
1199 4200 1294 4278 καιρδν
1317 4201 1533 4280 προσερχομένων

251 4318 290 4398 τῷ
322 4321 466 4397 ἁγιωτάτῳ
499 4317 570 4397 αύτῷ
598 4319 770 4401 μσναστηρίῳ
800 4322 1002 4402 παρῃτημένων
1033 4321 1185 4400 ἀρχιερέων
1219 4326 1272 4380 τῶν
1303 4319 1380 4381 ἰδίειν
1411 4321 1533 4400 ἐπαρχιῶν

252 4439 299 4500 καί
325 4441 475 4516 τιθεμένων
505 4444 648 4516 μετάνοιαν
681 4440 724 4501 ἐπὶ
751 4443 781 4500 τό
808 4437 953 4519 ἡσυχάζειν
983 4439 1031 4501 καί
1060 4443 1228 4522 παραμένειν
1259 4444 1342 4522 μέχρι
1372 4443 1470 4514 τέλους
1495 4445 1532 4512 τῆς
1566 4461 1567 4496 ι

254 4563 328 4636 ζωῆς
351 4564 438 4622 αύτῶν
462 4563 550 4640 ἐφέσει
573 4569 623 4638 τῆς
646 4561 784 4643 είρηναίας
807 4561 975 4642 ἀναστροφῆς
1001 4561 1048 4622 καί
1071 4563 1258 4644 σωτηριῶδους
1285 4567 1401 4636 ἕκαστος
1429 4565 1480 4646 ἔχη
1500 4561 1533 4620 διό

253 4683 391 4762 φροντίδος
415 4683 548 4759 διαθήκην
573 4685 709 4763 ἔγγραφον
732 4689 842 4759 ποιῆσαι
870 4681 916 4744 καί
940 4681 1059 4755 διάταξιν
1082 4689 1134 4744 τῶν
1158 4685 1210 4746 όσα
1232 4688 1399 4766 προαιρεῖται
1422 4683 1532 4764 γενέσθαι
