3186 5286
1273 357 1334 422 371

50 542 271 622 συλλειτσυργῶν,
295 543 339 603 ἵνα
360 545 422 615 τοὺς
445 545 665 622 ἀποθνήσκοντας
688 548 909 624 συγκοινοβιάτας
931 551 1052 628 πατέρας
1073 553 1119 609 τοῦ
1143 548 1286 630 εἰρημένου
1309 551 1337 610 έν

51 663 146 742 Πάτμῳ
174 663 248 743 ἱεροῦ
274 665 322 724 καί
349 664 500 741 σεβασμίου
527 667 707 745 μοναστηρίου
734 673 780 728 τοῦ
808 669 886 746 ἁγίου
909 670 1035 730 Ἰωάννου
1062 676 1107 732 τοῦ
1130 671 1275 749 Θεολόγου
1298 673 1337 748 μὴ

48 786 202 868 κληρονομῇ
227 788 297 862 μήτε
321 783 443 866 ἀδελφδς
466 792 536 865 μήτε
560 789 649 860 ἀλλος
672 811 711 860 τις
733 797 786 850 τῶν
810 797 948 868 συγγενῶν
970 792 1130 873 καλόγηρος
1152 796 1170 867 ἡ
1195 794 1336 872 κοσμικός,

50 907 120 966 ἀλλά
148 911 232 982 μόνον
258 911 289 968 τδ
317 909 389 990 ίερδν
416 915 493 971 τοῦτο
516 914 704 990 μοναστήριον.
728 914 799 982 ὅσοις
823 911 854 971 δὲ
876 918 930 972 τῶν
952 916 1076 991 πατέρων
1099 917 1224 993 πρόσεστι
1245 918 1338 990 κτῆμά

52 1048 71 1086 τι
91 1035 140 1104 τῆς
151 1036 251 1104 ,μονῆς
273 1031 361 1112 ὤνιον,
385 1031 526 1112 κελλεῖόν,
542 1053 641 1112 ραμεν,
663 1036 799 1112 χωράρια,
822 1035 890 1111 ζῶα,
913 1033 1011 1108 μηδεὶς
1029 1035 1128 1094 τοθτων
1142 1036 1225 1118 πωλῇ
1248 1037 1339 1096 ἐκεῖνα

52 1151 205 1226 συγγενέσιν
239 1153 329 1223 αὐτοῖς
359 1152 528 1232 καλογήρσις
557 1156 575 1226 ἢ
606 1151 806 1232 όπστακτικοίς,
845 1157 914 1228 μήτε
946 1155 1074 1227 ἑκουσίως
1108 1159 1178 1231 μήτε
1207 1157 1339 1229 ἀκουσίως

47 1271 100 1328 κατ’
126 1271 259 1351 ἐπιταγήν
287 1293 359 1345 τινος
380 1277 398 1348 ἡ
422 1273 522 1352 δέησιν,
551 1260 618 1334 ἀλλ”
642 1274 866 1347 ἀποθνησκόντων
894 1281 947 1334 τῶν
978 1277 1099 1352 ἑχόντων
1128 1276 1277 1338 πωλῶνται
1306 1275 1339 1338 τα

48 1393 247 1474 μσναστηριακά
273 1397 432 1474 πράγματα,
461 1389 535 1474 ᾧπερ
563 1397 596 1453 ἀν
623 1401 700 1476 κοινῇ
727 1399 783 1466 τοῖς
810 1396 1045 1474 συγκοινοβιάταις
1072 1393 1140 1479 δόξῃ
1162 1395 1180 1472 ἣ
1204 1393 1279 1478 ᾧπερ
1306 1399 1340 1458 διν

47 1515 79 1588 μὴ
106 1511 183 1574 ἄλλο
210 1521 297 1598 προσῇ
324 1521 425 1590 κτῆμα.
461 1519 516 1586 τοῖς
548 1515 579 1576 δὲ
610 1519 681 1586 νέοις
709 1522 743 1596 τῇ
773 1517 870 1598 ἡλικίᾳ
898 1517 951 1576 τῶν
982 1517 1210 1596 συγκοινοβιατῶν
1239 1519 1338 1579 τούτων

47 1635 138 1709 μηδενί
165 1633 216 1718 ἐξῇ
243 1639 340 1714 ζεῦγος
367 1637 507 1717 ἀροτήρων
529 1639 633 1716 τρέφειν
656 1637 728 1710 βοῶν
752 1636 818 1713 μηδ’
839 1639 1020 1698 ἀποστέλλειν
1042 1640 1106 1720 παρ’
1131 1641 1226 1702 ἑαυτοῦ
1250 1641 1338 1701 ἀλλον

47 1754 80 1828 εἰς
109 1753 144 1816 τά
171 1763 221 1834 τῆς
251 1763 338 1833 μονῆς
369 1760 486 1836 μετόχια
513 1753 629 1838 ἀροῦντα
658 1757 705 1817 καί
732 1758 948 1832 καταβάλλοντα
975 1762 1127 1840 σπέρματα,
1156 1761 1233 1820 ἀλλά
1261 1763 1339 1836 μόνοι

46 1879 68 1938 σί
92 1882 222 1958 γέροντες
249 1885 325 1940 τοῦτο
353 1881 464 1960 ἔχωσιν,
494 1881 528 1939 ἵν’
552 1880 710 1940 ἀπολαύωσι
736 1887 787 1958 τῆς
814 1881 919 1940 ἐκεῖθεν
945 1883 1013 1960 πρδς
1040 1883 1070 1940 τδ
1092 1884 1141 1957 ζῆν
1166 1882 1337 1963 ἐπικαρπίας,

46 2004 72 2060 εἰ
93 2003 148 2076 μὴν
172 2001 251 2060 ἀλλά
273 1999 345 2076 μηδὲ
373 2001 399 2062 οί
421 2001 647 2080 ἰεροπραγοῡντες
668 2007 827 2082 γεωργῶσιν
850 2006 867 2075 ἡ
892 2001 1018 2082 σπείρωσι
1046 2005 1117 2062 κατὰ
1138 2009 1269 2082 περιττῶν
1291 2001 1338 2062 καί

46 2123 227 2202 όγεωργήτων
249 2127 300 2200 τῆς
322 2127 408 2196 μονῆς
430 2123 549 2202 χωρίων.
574 2125 631 2183 ὅσοι
654 2123 678 2182 δ’
695 2126 727 2182 ἀν
749 2129 802 2182 τῶν
826 2123 1055 2201 συγκοινοβιατῶν
1079 2125 1167 2184 οάυτῶν
1191 2123 1234 2184 ἐπί
1258 2121 1338 2196 ἰδίαις

46 2243 197 2324 ὑπουργίαις
218 2241 266 2302 καί
287 2242 410 2321 κέρδεσιν
438 2243 616 2319 ἀποδημῶσιν
639 2247 656 2319 ἡ
679 2246 833 2322 τυγχάνωσι
862 2245 1024 2320 τεταγμένοι
1052 2243 1095 2304 ἐπὶ
1123 2247 1179 2316 τοῖς
1207 2241 1262 2316 ἔξω
1289 2250 1339 2322 τῆς

45 2371 127 2440 μονῆς
150 2363 319 2442 μετοχείοις,
350 2365 449 2424 τούτων
472 2363 572 2440 μηδείς
600 2365 708 2439 δύνηται
735 2365 803 2424 ίδιον
830 2367 934 2444 τρέφειν
962 2367 1059 2442 ζεῦγος
1082 2364 1154 2438 βοῶν
1178 2365 1286 2436 ἐντοῖς
1310 2367 1339 2424 έν

46 2487 147 2566 Πάτμῳ
178 2485 331 2564 μετοχίοις,
363 2487 393 2545 οἰι
420 2487 474 2560 μὴν
505 2485 582 2544 ἀλλά
613 2484 686 2561 μηδὲ
714 2483 760 2566 βίᾳ
787 2506 827 2556 τις
853 2488 871 2559 ἢ
895 2489 1082 2565 προστάγματι
1106 2487 1239 2568 λαμβάνῃ
1265 2487 1340 2567 παρὰ

46 2613 92 2682 πῶς
113 2615 201 2684 μονῆς
223 2609 254 2665 τδ
276 2607 339 2686 παρ’
364 2609 454 2678 αἰποῖς
476 2607 631 2684 λεγόμενον
658 2605 829 2682 οἰκονομεῖον
858 2607 887 2665 έν
910 2607 1075 2689 ἀλλοδαπῇ,
1104 2605 1171 2666 ἀλλ’
1194 2608 1284 2667 όντινα
1306 2607 1339 2666 διν

45 2735 118 2810 κοινῇ
142 2729 270 2808 ἕλωνται,
300 2729 385 2798 οθτως
408 2728 661 2803 ἀποκαθιστάμενος
684 2726 828 2803 οἰκονόμος
858 2729 911 2808 ἔχῃ
938 2729 968 2786 τό
991 2726 1160 2802 οἰκονομεϊσν
1183 2727 1271 2788 έκεῖνο
1296 2728 1340 2788 έπί

46 2853 90 2926 ἔτη
113 2853 196 2926 μόνον
218 2853 343 2930 τέτταρα,
367 2850 443 2910 ἀλλά
467 2851 506 2925 μὴ
529 2849 628 2911 πλείω.
656 2850 728 2921 ὅστις
751 2849 782 2908 δὲ
803 2853 822 2922 ἢ
844 2849 916 2908 κατὰ
937 2853 1017 2928 χάριν
1038 2853 1056 2922 ἢ
1080 2851 1142 2908 καθ’
1165 2848 1269 2908 ἱκεσίαν
1292 2847 1340 2908 καί

47 2972 147 3048 σίτησιν
177 2971 268 3032 ἀλλου
299 2971 400 3047 ἔλαβεν
431 2974 448 3046 ἢ
478 2970 599 3048 λήψεταί
625 2991 690 3032 ποτε
728 2973 856 3047 μετόχιον
885 2967 933 3028 καί
968 2969 1137 3043 οἰκονομεῖον
1167 2973 1214 3030 τοῦ
1250 2989 1339 3045 μονα-

46 3093 150 3173 στηρίου
170 3095 298 3167 τοθτουῆ
320 3093 364 3153 διὰ
384 3092 443 3168 βίου
462 3095 480 3167 ἢ
501 3092 544 3151 ἐπὶ
566 3094 613 3169 ἔτη
633 3092 722 3153 πλείω
745 3098 797 3150 τῶν
818 3093 962 3171 τεττάρων,
986 3083 1063 3162 οὗτος
1085 3090 1272 3168 ἀπελαθνηται
1293 3095 1340 3150 τοῦ

47 3219 260 3296 μοναστηριακοῶ
288 3215 392 3275 ἐκείνου
419 3215 642 3296 ὑπουργηματος,
671 3211 730 3274 ἐπεὶ
756 3215 824 3293 πρδς
849 3214 880 3272 τδ
906 3211 974 3272 ἴδιον
1001 3211 1107 3291 ἀφορῶν
1130 3211 1229 3290 κέρδος
1251 3233 1339 3272 κατα-

46 3337 103 3397 λόει
131 3338 166 3396 τόν
195 3342 273 3416 κοινῇ
305 3337 393 3406 αἰετοῖς
423 3337 600 3414 συμφέροντα.
634 3337 674 3407 ὡς
703 3335 733 3394 δὲ
764 3331 891 3406 καθάπαξ
921 3333 1006 3392 εἰπεῖν
1036 3333 1069 3392 τά
1099 3334 1201 3412 ἀρχαῖα
1230 3331 1277 3394 καὶ
1308 3334 1341 3393 ἐκ

46 3459 163 3518 παλαιοῦ
195 3453 401 3537 μοναστηριακά
428 3457 477 3532 ἔθη
506 3456 549 3516 ἐπί
570 3475 601 3514 τε
627 3461 680 3516 τῶν
708 3455 834 3535 όφφικίων
861 3461 910 3530 τῆς
933 3461 1019 3530 μονῆς
1041 3454 1088 3514 καὶ
1110 3453 1154 3516 ἐπὶ
1176 3461 1225 3531 τῆς
1248 3455 1341 3532 ἀλλης

48 3580 131 3639 αὐτῶν
160 3579 321 3653 διοικήσεως
349 3578 512 3652 διαμένωσιν
541 3576 616 3636 ἐσαεὶ
643 3577 833 3654 φυλαττόμενα
855 3577 932 3657 κύρια
954 3575 1001 3636 καί
1024 3575 1198 3656 ἀπαράβατα,
1223 3575 1342 3653 μηδενός

47 3701 204 3776 τολμῶντος
231 3699 370 3774 ἀντιβῆναι
392 3703 410 3773 ἢ
433 3703 655 3778 παρεκτραπῆναι
682 3699 768 3758 αθτῶν
799 3697 870 3774 μηδὲ
898 3699 928 3758 τδ
956 3700 1144 3778 σμικρότατον.
1176 3700 1233 3758 όσοι
1261 3697 1285 3758 δ’
1310 3701 1342 3756 ἂν

47 3821 93 3881 καί
113 3825 202 3884 όποῐοι
223 3828 277 3882 τῶν
300 3827 461 3902 χριστιανῶν
485 3819 575 3900 μικροί
596 3824 614 3895 ἢ
639 3817 768 3900 μεγαλα,
796 3819 940 3899 ίερωμένοι
961 3823 980 3894 ἢ
1003 3820 1106 3898 λαϊκοί,
1130 3817 1342 3898 μοναστηριακοί

49 3945 133 4004 αθτῶν
155 3947 174 4018 ἢ
198 3943 292 4024 ἀλλοι,
316 3939 414 4023 ἀνδρες
436 3947 454 4019 ἢ
476 3947 613 4026 γυναῖκες,
638 3943 805 4018 βουλείισωσί
827 3963 893 4004 ποτε
916 3947 934 4016 ἢ
956 3940 1077 4022 πράξωσι
1100 3941 1248 4002 κατάλυσίν
1270 3961 1343 4011 τινος

49 4071 99 4125 τῶν
121 4066 407 4147 προαπηριθμημένων
429 4064 476 4125 καὶ
497 4067 749 4146 προκεκυρωμένων
774 4063 861 4145 ἐντῷ
883 4066 995 4145 παρόντι
1013 4064 1140 4144 ἡμετέρῳ
1155 4059 1342 4142 πατριαρχικῷ

49 4185 96 4245 καί
118 4185 250 4266 συνοδικῲ
273 4187 425 4266 γράμματι,
448 4179 521 4246 οὗτοι
542 4189 643 4258 πάντες
666 4187 848 4265 ἀρωρισμένσι
871 4185 965 4262 είησαν
988 4185 1041 4245 ἀπό
1064 4186 1126 4244 θεοῦ
1148 4181 1195 4244 καί
1217 4201 1342 4262 κατηρα-

50 4310 125 4382 μένοι
151 4307 199 4368 καὶ
222 4307 411 4390 ἀσυγχώρητον
437 4305 485 4367 καί
507 4307 578 4382 μετὰ
600 4308 714 4366 θάνατον
738 4307 833 4366 ἀλυτοι
854 4304 902 4366 καὶ
925 4308 1105 4386 τυμπανιαίοι,
1130 4304 1158 4364 αἱ
1179 4306 1275 4384 πέτραι
1297 4303 1344 4362 καὶ

48 4430 63 4486 ό
87 4428 195 4510 σίδηρος
217 4429 375 4507 λυθείησαν,
403 4427 476 4488 αἰκτοὶ
500 4429 532 4487 δέ
555 4427 705 4508 μηδαμῶς,
732 4427 819 4502 καίή
842 4427 910 4507 όργὴ
933 4430 980 4486 τοῦ
1002 4428 1065 4486 θεοῦ
1089 4425 1131 4499 εἴη
1155 4425 1199 4485 έπί
1221 4425 1270 4496 τὰς
1292 4445 1344 4484 κε-

50 4551 139 4630 φαλάς
163 4553 250 4612 αἰετῶν
272 4549 319 4611 καὶ
340 4553 441 4621 πάσαις
462 4553 522 4621 ταῖς
543 4554 685 4630 πατρικαῖς
708 4551 786 4630 ἀραῖς
809 4548 902 4624 εἴησαν
925 4548 1062 4608 ὑπεύθυνοι
1084 4545 1131 4607 καὶ
1154 4546 1274 4608 ὑπόδικοι
1298 4547 1345 4606 καί

52 4672 142 4751 ἔνοχοι
164 4671 203 4752 τῷ
227 4669 327 4752 αἰωνίῳ
349 4671 411 4752 πιιρί
433 4676 482 4747 τῆς
501 4673 627 4751 γεέννης,
651 4673 689 4742 ῶς
712 4671 896 4742 καταλέοντας
918 4667 965 4729 καί
988 4667 1187 4748 διαρθείροντες
1208 4669 1238 4728 τδ
1261 4668 1345 4738 οὓτως

1087 4773 1138 4822 24*
