3160 5292
258 345 321 412 208

257 541 396 622 Ἀρράτου.
420 540 466 602 καί
491 543 620 620 ’Ἰωάννης
643 543 657 602 δ
681 542 849 624 Παρνούτης,
872 544 994 617 ούστινας
1016 547 1130 624 κατέχει
1151 547 1169 620 ή
1193 545 1262 622 μονὴ
1285 544 1332 604 καὶ
1354 547 1474 625 νέμεται,
1500 550 1540 606 τού

257 661 387 738 δημοσίου
409 665 427 739 ή
451 664 544 744 ἑτέρου
564 660 709 745 προσώπου
735 663 872 740 μηδεμίαν
895 665 1015 744 πάροδον
1039 665 1115 744 ἔχειν
1139 665 1182 726 ἐπ’
1206 669 1304 740 αιίτοῖς,
1329 667 1396 726 ἀλλ’
1419 666 1540 746 δρειλσυ-

256 804 296 846 σιν
324 783 496 846 ἐκδουλεύειν
524 791 556 868 νή
583 787 691 868 τοιαύτη
719 792 804 869 μονή,
831 787 924 860 καθὼς
945 785 992 848 καί
1015 787 1048 847 τά
1071 788 1268 868 έμρανισθέντα
1289 791 1354 867 ήμῖν
1377 789 1541 866 δικαιώματα

256 905 464 986 διαγορεύουσιν.
488 908 534 968 σύν
556 909 658 980 τούτοις
678 907 781 989 ὀφείλει
804 911 933 988 κατέχειν
954 911 972 984 ή
996 911 1102 988 τοιαύτη
1126 911 1196 987 μονή
1219 910 1266 972 καὶ
1288 911 1336 986 τήν
1359 914 1450 972 στάσιν
1472 913 1539 972 άπα-

255 1047 305 1086 σαν
333 1027 442 1108 Μαρίας
470 1035 520 1106 τῆς
542 1030 680 1107 Λίμνενας
708 1030 756 1092 καὶ
782 1031 905 1106 Νικήτσιν
933 1031 990 1092 υίδν
1016 1037 1062 1092 τοῦ
1086 1030 1279 1114 Μαιρόποδου·
1311 1033 1355 1093 ἐπὶ
1382 1035 1466 1114 τούτῳ
1492 1034 1539 1114 γὰρ

256 1149 380 1228 ἐγεγόνει
409 1149 456 1212 καὶ
484 1152 502 1227 ή
533 1155 654 1232 παρούσα
680 1153 802 1234 ἡμετέρα
825 1153 1039 1226 ἀποκατάστασις
1066 1152 1114 1214 καί
1141 1152 1259 1230 ἐπεδόθη
1282 1153 1320 1232 τῷ
1347 1156 1538 1235 καθηγουμένῳ

254 1277 303 1346 τῆς
325 1272 476 1348 σεβασμίας
498 1279 585 1349 μονῆς
611 1281 660 1352 τῆς
683 1274 909 1354 Κεχιονιομένης,
932 1273 1006 1356 κυρῷ
1029 1276 1198 1356 Ἰωαννικίῳ,
1225 1274 1265 1348 εἰς
1287 1273 1449 1356 ἀσφάλειαν,
1472 1279 1538 1349 ὅπως

254 1391 458 1473 διατηρούμενα
480 1393 507 1454 οί
529 1395 559 1455 έν
579 1401 613 1476 τῇ
636 1397 743 1478 τοιαύτη
770 1403 840 1476 μονῇ
860 1393 1020 1473 ἀσκούμενοι
1043 1396 1160 1476 μοναχοὶ
1176 1398 1371 1480 ἀνεπηρέαστσι
1394 1397 1442 1460 καί
1463 1400 1536 1460 ἀνεν-

254 1515 370 1593 όχλητοι
400 1515 433 1575 ἐκ
458 1522 511 1576 τῶν
539 1519 723 1598 περιστάσεων
744 1523 791 1579 τού
813 1518 944 1596 δημοσίου
966 1520 1159 1600 ύπερεύχσνται
1181 1525 1227 1582 τού
1249 1521 1342 1582 ἐνθέου
1363 1525 1478 1601 κράτους
1499 1525 1539 1580 τού

255 1637 381 1698 αύθέντου
403 1638 482 1714 ήμῶν
505 1642 551 1698 τοῦ
573 1639 711 1715 βασιλέως
732 1645 779 1702 τοῦ
801 1640 888 1720 ἀγίου.
912 1643 934 1722 †

357 1761 379 1840 †
402 1757 489 1836 Μηνὶ
512 1755 609 1842 μαίιρ,
633 1759 838 1836 ίνδικτιῶνος
860 1761 895 1824 δ’.
919 1763 941 1843 's

357 1883 377 1962 †
401 1879 435 1942 ‘0
458 1881 578 1952 δοῦλος
604 1885 659 1943 τοῦ
685 1887 844 1963 κραταιοῦ
871 1882 927 1943 καὶ
954 1884 1049 1961 ἀγίσυ
1071 1886 1165 1960 ήμῶν
1191 1887 1348 1948 αὐθέντου
1371 1884 1427 1946 καὶ
1450 1885 1538 1959 βασι-

253 2003 341 2074 λέως
364 1999 520 2080 Ἰωάννης
541 2004 557 2062 δ
580 2005 740 2076 ....ν6ς.
763 2007 784 2085 †

356 2131 517 2202 Ezanplur.
540 2132 617 2188 Πον.
640 2149 690 2187 που
712 2135 760 2188 92.
790 2133 898 2189 Ταύτιία
919 2135 1027 2190 videtur
1049 2153 1103 2190 ασεε
1126 2137 1194 2190 anni
1217 2137 1298 2190 1261
1322 2134 1440 2206 (6769).

448 2417 638 2486 LXXXIII.
664 2419 739 2487 Sine
762 2444 856 2506 anno,
880 2444 989 2487 mense
1012 2421 1196 2508 septembri,
1219 2421 1284 2487 ind.
1303 2423 1342 2487 V.

253 2568 348 2638 Ioseph
366 2569 503 2624 Ροιισαίυε
525 2572 686 2624 monasterio
707 2568 889 2645 Spondarum,
914 2572 984 2642 ηυοιί
1007 2577 1045 2625 ενι
1067 2571 1222 2626 νιείυοίιίτιπι
1242 2571 1360 2625 coenobii
1377 2569 1406 2626 S.
1423 2571 1536 2637 Ioannis,

528 2676 611 2729 domi
627 2675 809 2745 possessiones
832 2683 856 2730 et
879 2675 1024 2746 inquilinos
1047 2675 1076 2729 ιἰι
1098 2675 1189 2730 imula
1207 2677 1266 2730 Οοο.

354 2859 376 2939 †
398 2857 476 2920 Ἐπεί
498 2861 515 2934 ή
543 2861 614 2920 κατὰ
640 2861 688 2936 τήν
712 2859 823 2935 Πάτμον
851 2862 1018 2940 περιώνυμος
1046 2861 1116 2935 μονή
1147 2864 1192 2920 τού
1221 2861 1282 2920 κατ’
1306 2858 1443 2940 ἐξαίρετον
1469 2861 1538 2936 ήγσ-

251 2983 373 3057 πημένου
401 2980 447 3044 καὶ
474 2982 670 3059 εύαγγελιστού
695 2979 822 3042 Ἰωάννου
849 2985 896 3041 τού
918 2979 1063 3061 Θεολάγου
1090 2981 1190 3059 ἔφθασε
1219 2981 1307 3042 πάλαι
1336 2982 1484 3058 κεκτῆσθαι
1514 2980 1538 3037 έν

250 3103 316 3185 τῇδε
343 3108 376 3183 τῇ
403 3105 477 3180 νήσῳ
503 3109 536 3184 τῇ
560 3102 609 3180 Κῷ
638 3103 666 3162 έν
692 3102 731 3180 τῷ
760 3102 848 3184 καιρῷ
878 3103 999 3183 μᾶλλον,
1028 3103 1056 3162 ἐν
1079 3098 1102 3182 ᾧ
1124 3104 1172 3178 τὴν
1199 3103 1322 3162 σύστασιν
1345 3101 1443 3180 είληρε
1470 3102 1539 3180 παρὰ

251 3228 297 3284 τοῦ
318 3225 417 3300 ταύτην
436 3221 613 3304 δειμαμένου,
633 3227 679 3283 τού
700 3224 729 3283 ἐν
752 3223 840 3304 άγίοις
863 3221 992 3298 δηλονότι
1014 3223 1061 3284 καὶ
1084 3224 1156 3285 ὁσίου
1172 3224 1381 3304 Χριστοδούλου,
1406 3224 1538 3302 μετάγων,

252 3343 326 3430 (έπεί
356 3344 402 3406 καὶ
429 3347 496 3425 προς
523 3351 572 3420 τής
599 3345 743 3421 δομήσεως
770 3351 819 3420 τῆς
846 3347 916 3406 κατά
942 3345 991 3421 τήν
1014 3345 1126 3422 Πάτμον
1153 3353 1240 3423 μονῆς
1268 3345 1383 3406 ἐνταῦθα
1408 3347 1457 3421 τὴν
1479 3345 1537 3404 δια-

250 3467 344 3547 τριβὴν
359 3472 408 3542 τῆς
425 3467 564 3546 διαγωγης
580 3467 639 3542 ἀμα
653 3467 699 3527 καὶ
714 3467 759 3527 τδν
775 3473 825 3544 τῆς
840 3468 983 3542 ἀσκήσεως
999 3467 1100 3547 δρόμον
1115 3466 1209 3540 αἰσίως
1224 3464 1375 3551 ἀνύοντος),
1391 3467 1424 3526 τά
1438 3461 1536 3546 χρεκύ·

252 3587 284 3664 δή
308 3588 333 3648 οἱ
355 3588 426 3648 καπά
447 3589 495 3664 τήν
519 3589 631 3664 Πάτμον
657 3591 718 3648 τότε
740 3589 817 3662 ὄντες
844 3588 961 3666 μσναχοὶ
983 3593 1037 3649 τῶν
1060 3589 1215 3668 ἀναγκαύνν
1239 3589 1292 3649 ἀπδ
1320 3593 1365 3649 τού
1392 3589 1463 3649 κατά
1486 3586 1536 3647 τῶν

252 3711 367 3773 ἐνταῦθα
389 3713 518 3790 μετοχίου
541 3713 703 3793 ἐπορίζοντο.
727 3715 772 3772 τὸν
795 3711 861 3795 τῇδε
883 3716 948 3792 γούν
972 3713 1030 3787 βίον
1053 3711 1281 3789 μεταλλάξαντος
1302 3717 1348 3774 τού
1369 3713 1444 3794 ἱεροῦ
1466 3712 1535 3772 ἐκεί-

251 3853 297 3893 νου
323 3833 435 3915 άνδρός,
462 3838 508 3894 τοῦ
535 3833 564 3894 ἐν
591 3833 679 3913 άγίοις
707 3833 833 3910 δηλονότι
856 3834 1066 3914 Χριστοδσίιλου,
1094 3833 1140 3897 καὶ
1163 3837 1230 3916 πρὸς
1251 3835 1286 3894 τὰ
1309 3835 1413 3895 ἐκεῖθεν
1436 3835 1535 3896 δικαιο-

250 3973 315 4034 τερα
339 3955 521 4035 ἀπελθόντος,
544 3961 577 4036 τῇ
599 3955 764 4038 παραδρομῇ
791 3963 844 4016 τῶν
866 3957 972 4038 χρένων
998 3955 1044 4016 καὶ
1067 3962 1100 4039 τῇ
1125 3953 1273 4039 ἀνωμαλίᾳ
1294 3963 1347 4017 τῶν
1374 3958 1536 4037 πραγμάτων

250 4075 297 4136 καὶ
323 4073 440 4160 νωθρείᾳ
468 4075 578 4152 μάλλον
605 4076 658 4137 τῶν
685 4073 755 4138 κατὰ
781 4079 830 4152 τὴν
855 4079 966 4154 Πάτμον
989 4079 1051 4152 τούς
1078 4085 1128 4156 τῆς
1149 4077 1332 4157 ήγουμενείας
1359 4077 1457 4150 οἴακας
1482 4076 1534 4137 ἰθυ-

250 4199 349 4258 νόντων
374 4201 480 4258 ἅπαντα
505 4199 550 4258 σύν
578 4198 615 4276 τῷ
642 4199 762 4279 μετοχίῳ
790 4199 936 4260 ἀπώλεσαν
963 4199 1012 4260 καὶ
1033 4201 1096 4260 ούδὲ
1119 4203 1202 4272 τύπος
1229 4203 1339 4277 μνήμης
1361 4197 1395 4277 ἦν
1418 4206 1463 4262 τοῦ
1483 4221 1533 4258 τοι·

250 4319 327 4378 ούτου
349 4319 487 4397 μετοχίου.
511 4321 572 4380 ὅθεν
595 4319 693 4402 ἀρτίως
717 4319 790 4394 αὖθις
812 4322 862 4382 ύπδ
884 4327 937 4382 τῶν
961 4322 1048 4382 ἀθέων
1065 4321 1181 4382 Ἰταλῶν
1202 4321 1249 4381 καὶ
1272 4321 1385 4382 ἀνοσίων
1407 4325 1533 4402 πομάτων

250 4440 313 4500 λίαν
342 4441 510 4518 βιαζομένων
537 4449 589 4502 τῶν
617 4438 658 4527 [έν
686 4437 728 4526 τῇ]
756 4444 827 4502 κατὰ
849 4445 897 4518 τήν
921 4441 1033 4518 Πάτμον
1061 4445 1229 4528 εύαγεοτάτη
1257 4451 1326 4527 μονῇ
1349 4451 1478 4522 μοναχῶν
1500 4441 1534 4511 είς

249 4562 298 4638 τήν
320 4569 374 4622 τῶν
398 4563 553 4643 ἀναγκαίων
576 4565 736 4644 χορήγησον,
761 4564 896 4642 ἀναφορὰν
920 4565 1089 4646 ἐποιήσαντο,
1112 4565 1158 4626 καὶ
1182 4565 1292 4641 μᾶλλον
1314 4565 1329 4624 δ
1352 4566 1382 4624 ἐν
1405 4568 1470 4648 αἰτῇ
1491 4564 1534 4639 τήν

250 4683 411 4762 προστασίαν
442 4689 491 4760 τῆς
520 4691 605 4759 μονῆς
636 4683 752 4764 διέπων,
783 4685 797 4742 ά
827 4683 900 4766 ἱερθς
931 4689 1011 4767 κυρδς
1033 4687 1188 4768 Γερμανὸς,
1219 4689 1285 4767 πρὸς
1314 4689 1359 4747 τδν
1390 4689 1532 4766 ἁγιώτατον
