3162 5278
1259 349 1324 414 355

126 549 148 627 †
171 546 375 628 Θεοφιλέστατε
399 545 528 618 ἐπίσκοπε
550 545 645 621 Σάμου
667 543 714 604 καὶ
737 543 873 622 Ἰκαρίας,
899 545 928 604 ἐν
951 541 1022 624 άγίῳ
1044 543 1176 618 πνεύματι
1198 543 1323 623 άγαπητέ

41 669 127 748 ἀδελρέ
150 667 199 730 καί
220 667 426 748 συλλεαουργέ,
454 667 500 726 καί
524 666 691 741 ἐντιμότατοι
713 665 851 744 κληρικοί,
879 667 1020 726 όσιιύτατοι
1041 665 1159 747 πατέρες
1180 667 1227 725 τοῦ
1248 667 1322 740 ήμε-

41 793 102 868 τέραυ
122 793 322 870 πατριαρχικοιῖ
343 788 390 849 καί
413 793 645 870 σταυροπηγιακαύ
669 788 846 868 μοναστηρίου
867 792 914 848 τού
937 788 1015 866 άγίου
1035 785 1163 847 Ἰωάννου
1185 791 1231 846 τού
1246 785 1323 848 Θεο-

40 913 109 990 λέγου
131 912 203 972 κατά
224 913 275 986 τὴν
297 917 379 986 νῆσον
403 910 514 986 ίίάτμον
542 908 589 969 καί
616 908 706 968 λοιποί
728 911 829 980 πάντες
852 908 1034 987 εὐλογημένοι
1055 907 1214 990 χριστιανοί,
1240 911 1322 988 χάρις

41 1032 72 1108 είη
85 1034 144 1110 ύμῖν
163 1031 211 1094 καί
229 1031 321 1114 εἰρήνη
341 1032 417 1112 παρά
436 1033 508 1093 θεοῦ.
533 1031 637 1092 δίκαιον
658 1034 767 1102 πάντως
789 1029 836 1090 καί
855 1032 967 1111 πρέπον,
990 1033 1095 1104 ποιναῖς
1118 1029 1165 1090 καί
1187 1031 1324 1100 παιδείαις

38 1157 85 1227 ταῖς
104 1155 181 1236 παρὰ
202 1161 256 1216 τῶν
279 1155 371 1230 νόμων
398 1153 621 1228 καθυποβάλλειν
643 1153 689 1212 τόν
716 1151 898 1229 λειποτάκτην
924 1153 1073 1232 γενόμενον
1103 1151 1150 1212 καί
1176 1157 1226 1228 τῆς
1253 1149 1325 1224 ἰδίας

37 1275 128 1352 τάξεως
154 1275 202 1338 καί
229 1273 447 1356 σεμνοπρεπείας
475 1274 713 1351 ἀπασχαινήσαντα
739 1272 786 1334 καί
810 1275 843 1334 ἐκ
864 1281 914 1352 τῆς
936 1275 1061 1350 τοιαύτης
1083 1272 1261 1347 λειποταξίας
1285 1273 1325 1345 είς

39 1395 135 1472 ἀνοδίας
161 1400 400 1473 κατολισθήσανια
427 1393 564 1476 βάραθρα·
593 1397 639 1456 τόν
660 1397 714 1476 γὰρ
736 1399 863 1456 ποιοῦντα
886 1400 996 1456 τοιαῦτα
1017 1395 1064 1456 καὶ
1087 1395 1199 1474 ἀναίδην
1221 1392 1324 1468 κατεξ-

38 1523 201 1596 ανιστάμενον
226 1521 317 1596 πάσης
346 1516 468 1592 ἐξουσίας
495 1519 525 1578 αθ
550 1518 592 1578 δεῖ
613 1523 742 1598 περιορᾶν
765 1518 924 1578 ἀπαίδευτον
946 1518 993 1578 καί
1017 1515 1195 1598 ἀτιμώρητον,
1218 1518 1263 1577 ἵνα
1285 1518 1324 1592 μὴ

35 1649 75 1718 τῆς
99 1642 201 1716 κακίας
232 1643 271 1719 μὴ
300 1642 493 1717 κολαζομένης
524 1638 567 1700 ἐπί
598 1641 690 1714 μεῖζον
724 1637 827 1722 ἑπαθξῃ
856 1641 890 1700 τά
918 1643 1002 1719 κακά,
1035 1642 1101 1719 όπερ
1129 1639 1189 1699 οὔτε
1215 1641 1324 1716 θεμιτόν

36 1764 84 1824 τότε
105 1766 231 1840 νόμιμον.
260 1763 355 1838 ἐπειδὴ
379 1765 521 1842 τοιγαροῦν
548 1759 595 1821 καὶ
622 1761 917 1843 όΚακοχριστοφόρος
940 1763 1135 1843 ἱερομόναχος,
1163 1763 1324 1840 όκαταγό-

35 1905 108 1958 μενος
130 1887 184 1946 ἀπό
205 1891 257 1962 τῆς
277 1884 412 1966 ἐπαρχίας
427 1885 565 1964 Ἀγκύρας
586 1887 799 1964 παρεισρρήσας,
823 1887 861 1956 ύς
884 1885 983 1960 μήποτ’
999 1885 1116 1964 ὤφελεν,
1140 1883 1180 1956 είς
1201 1886 1232 1944 τό
1253 1879 1323 1968 [τῆς]

35 2005 169 2084 ἱερωσύνης
198 2007 368 2086 ἐπάγγελμα
395 2004 442 2066 καί
470 2005 617 2082 μοναδικόν
640 2005 723 2081 δήθεν
745 2005 934 2086 προελόμενος
957 2005 1025 2086 βίον,
1052 2003 1099 2066 καὶ
1123 2007 1152 2066 ἐν
1174 2003 1212 2086 τῷ
1235 2006 1323 2083 άγιω-

33 2129 97 2208 νόμω
119 2128 201 2210 Ὀρει
226 2132 274 2188 τού
297 2125 423 2200 Ἀθωνος
457 2126 497 2200 είς
530 2129 559 2186 τό
589 2132 644 2187 τῶν
674 2128 902 2207 μεγαλοσχήμων
932 2130 1026 2208 τάγμα
1054 2125 1167 2206 ταχθείς
1197 2125 1245 2187 καὶ
1274 2125 1325 2186 ύπό

31 2250 138 2328 γέροντα
169 2251 199 2310 έν
228 2249 407 2310 ὑποτακτικοῦ
437 2245 512 2322 τάξει
542 2249 720 2328 διατελέσας,
752 2243 812 2310 εἶτα
842 2249 867 2310 δ’
895 2250 1094 2330 ἀποσκιρτήσας
1126 2249 1173 2310 καί
1204 2247 1325 2329 ἀποδρὰς

33 2369 129 2430 ἐκεῖθεν
152 2369 193 2444 είς
213 2371 308 2447 Σάμον
329 2372 508 2449 παρεγένετο,
531 2371 597 2430 ὅπου
621 2371 649 2430 έν
672 2371 809 2452 ὑποκρίσει
831 2371 1005 2447 ψευδωνύμου
1028 2373 1165 2447 ὁσιότητος
1187 2368 1234 2430 καί
1257 2371 1323 2449 ἀρε-

30 2498 74 2567 αης
93 2495 270 2572 προσποιήσει
293 2490 468 2566 ἐξαπατήσας
489 2491 552 2563 τοὺς
572 2492 697 2564 πολλούς
719 2490 847 2567 εἰσῆλθεν
875 2491 914 2564 είς
940 2495 971 2553 τό
995 2493 1053 2553 ἐκεῖ
1076 2496 1253 2571 μοναοτήριον
1275 2497 1325 2568 τῆς

30 2613 171 2692 ύπεραγίας
193 2615 273 2688 ήμῶν
296 2611 444 2691 Θεοτόκου,
467 2613 578 2690 ήσύχιον
606 2607 665 2686 βίον
695 2611 742 2672 καὶ
769 2614 935 2692 ἀπράγμονα
961 2615 1164 2692 ἀποσχόμενος,
1196 2614 1221 2676 οί
1248 2612 1273 2672 δ’
1297 2613 1326 2673 ἐν

31 2734 97 2812 αὀτῷ
123 2737 243 2816 πατέρες
271 2735 300 2794 ἐν
326 2734 459 2810 ἁπλότητι
481 2738 572 2812 ἀαχής
594 2732 641 2794 καί
664 2735 692 2792 ἐν
716 2735 826 2816 ἀκακία,
856 2736 1002 2810 δαβιτικῶς
1025 2734 1119 2816 εἰπεῖν,
1147 2737 1325 2816 πορευόμενοι

30 2856 153 2932 ἐνόμισαν
181 2859 262 2918 αὐτόν
290 2851 358 2916 εἶναι
386 2859 514 2935 τοιοῦτον,
542 2858 581 2926 ὡς
609 2855 699 2916 ἐδόαει
725 2858 782 2928 τοῖς
808 2857 941 2936 πολλοῖς,
970 2857 1054 2935 ἀνδρα
1078 2855 1205 2933 δηλονότι
1232 2857 1324 2917 καλο-

28 2980 134 3058 γερικδν
164 2977 213 3039 καί
242 2979 378 3058 ἐνάρετον.
408 2978 423 3036 ό
451 2977 482 3038 δὲ
510 2979 605 3058 μικρόν
632 2979 786 3056 ήσυχάσας,
815 2972 874 3036 είτα
902 2977 934 3036 δέ
962 2980 1000 3052 μὴ
1028 2977 1151 3054 δυνηθείς
1173 2977 1323 3058 ἀποκρύψαι

28 3099 71 3174 τήν
98 3100 306 3178 ἐνδομυχοῶσαν
333 3095 406 3177 αίιτῳ
431 3097 530 3160 κακίαν
552 3099 668 3158 πολλῶν
691 3098 853 3160 σκανδάλων
879 3097 926 3158 καί
953 3106 1081 3178 ταραχῶν
1105 3098 1190 3172 αἴτιος
1213 3099 1323 3178 ἐγένετο

27 3220 69 3281 καί
90 3225 160 3303 πρός
182 3222 286 3292 τούτοις
309 3219 493 3296 οἰκοδομήσας
519 3221 549 3280 ἐν
573 3222 701 3298 μετόχιον
725 3221 819 3301 μικρόν
843 3220 906 3280 άνευ
930 3219 1024 3292 ἀδείας
1049 3227 1103 3280 τῶν
1125 3221 1250 3301 πατέρων
1276 3217 1324 3280 καί

27 3349 68 3403 τού
94 3345 169 3404 κατὰ
194 3345 278 3404 τόπον
306 3342 457 3424 ἀρχιερέως
478 3341 693 3422 προσεπεβίατεν
716 3343 826 3423 θατερον
850 3341 910 3414 τούς
931 3345 1053 3420 πατέρας
1079 3341 1126 3402 καί
1149 3341 1236 3417 ἔλαβε
1258 3343 1323 3423 παρ’

28 3465 111 3524 αὐτῶν
141 3465 222 3526 ἐννέα
248 3467 383 3544 πουγγεῖα
410 3469 463 3522 τῶν
491 3459 600 3542 αῖσπρων
628 3461 672 3522 ἐπὶ
693 3461 823 3543 προράσει
850 3465 973 3546 τοιαύτη,
1001 3465 1039 3522 ότι
1068 3462 1149 3540 δῆθεν
1173 3460 1324 3536 ἐξῶδευσεν

28 3584 117 3645 ἐκεῖνα
146 3583 186 3658 είς
213 3583 363 3660 οἰκοδομὴν
389 3589 435 3645 τού
464 3585 542 3644 αὑτοῦ
569 3583 708 3662 μετοχίου,
737 3586 803 3664 όπερ
832 3583 880 3643 καί
907 3585 996 3659 ἐζήτει
1024 3585 1176 3646 ἀποσπάσαι
1204 3585 1256 3646 άπδ
1278 3591 1324 3646 τού

28 3706 217 3787 μοναστηρίου,
252 3707 291 3778 ὡς
324 3704 475 3780 ίδιοκτήτου
504 3703 651 3766 πεκουλίου
681 3705 772 3766 τούτου
802 3705 1020 3781 ἀντιποιούμενος
1053 3705 1100 3766 καί
1130 3707 1226 3787 μυρίας
1259 3709 1326 3779 όσας

27 3829 203 3910 σεκοραντίας
225 3826 272 3887 καί
294 3827 461 3908 κατηγορίας
484 3829 640 3907 συρράπτων
667 3827 737 3888 κατά
759 3833 813 3887 τῶν
837 3825 924 3887 αύτιῖιν
946 3829 1071 3908 πατέρων
1095 3827 1142 3887 καί
1165 3828 1240 3888 δεινά
1262 3829 1323 3888 κατ’

27 3950 112 4011 αὐτῶν
137 3951 273 4031 ὁσημέραι
293 3949 511 4028 παλαμῶμενος,
534 3947 580 4008 καί
604 3949 688 4020 ούτως
712 3948 863 4026 ἐζημίωσεν
887 3950 980 4020 αύτούς
1001 3949 1047 4009 καὶ
1063 3949 1146 4025 μόλις
1161 3950 1221 4030 τρία
1235 3970 1323 4029 πουγ-

25 4075 85 4152 γεῑα
108 4079 165 4134 τῶν
189 4073 299 4152 ἄστρων
323 4067 468 4144 ἐξοδεύσας
485 4070 513 4130 ἐν
528 4070 567 4149 τῷ
584 4069 656 4150 αύτῷ
679 4072 809 4152 μετοχίῳ,
833 4073 905 4132 καθά
928 4074 1098 4152 μαρτυρεῖται
1119 4071 1194 4151 παρὰ
1208 4071 1324 4131 πολλῶν

27 4193 139 4256 εἰδότων
167 4195 200 4254 τὰ
228 4200 279 4270 τῆς
305 4191 469 4274 οἰκοδομῆς,
498 4192 585 4265 ἔλαβε
612 4193 676 4272 παρ’
700 4194 787 4252 αύτῶν
814 4194 847 4252 τά
876 4193 954 4252 ἐννέα
980 4197 1114 4272 πουγγεῖα
1139 4199 1193 4254 τῶν
1216 4193 1325 4274 ἀσπρων

25 4316 177 4394 ριλαδίκως
205 4313 254 4376 καί
282 4315 495 4386 πλεονεκτικῶς.
529 4321 614 4373 ταῦτα
643 4313 674 4372 δὲ
705 4313 955 4394 δραματουργήσας
977 4315 1143 4394 προσηλῶθη
1173 4316 1257 4375 πάλιν
1286 4315 1325 4394 τῷ

24 4435 88 4518 ἱερῷ
113 4435 289 4518 μοναστηρίιρ
316 4440 362 4496 τοῦ
386 4435 464 4515 ἁγίου
487 4435 616 4496 Ἰωάννου
638 4439 684 4496 τού
707 4433 851 4516 Θεολόγου
873 4435 943 4495 κατὰ
965 4435 1014 4511 τὴν
1036 4441 1118 4512 νῆσον
1143 4437 1254 4512 ίίάτμον
1278 4436 1325 4498 καί

22 4561 251 4640 παραγενόμενος
278 4555 354 4630 αὖθις
382 4557 422 4630 είς
444 4559 537 4634 Σάμου
560 4550 739 4638 ᾠκοδόμησεν
767 4559 797 4616 ἓν
821 4559 1000 4636 μοναστήριον
1023 4557 1052 4616 ἐν
1075 4557 1113 4636 τῷ
1135 4559 1256 4638 μετοχίῳ
1279 4563 1325 4618 τού

24 4683 104 4744 αὐτού
133 4681 316 4760 μοναστηρίου
342 4679 380 4760 τῷ
408 4683 527 4758 κειμένῳ
552 4681 580 4740 ἐν
602 4679 641 4756 τῷ
665 4680 885 4760 Μαραθοκάμπῳ
907 4676 954 4740 καί
976 4681 1123 4758 τιμωμένῳ
1148 4681 1190 4740 ἐπ’
1213 4681 1325 4756 όνόματι

1067 4781 1117 4832 23*
