3162 5278
246 323 311 388 340

247 519 309 576 δσον
332 517 361 576 τό
385 514 506 594 δυνατόν,
529 515 577 588 τἠν
602 515 722 591 ἐσχάτην
747 515 828 588 αῖνιὴν
852 513 957 572 ἔνδειαν
979 509 1026 572 καί
1047 511 1195 588 πτωχείαν.
1219 509 1266 572 καί
1287 511 1320 585 δὴ
1341 513 1490 586 πέμπουσιν
1509 511 1538 569 ἐκ

247 639 347 719 μέρους
374 638 459 696 σιἰτών
485 637 531 695 τδν
560 637 719 717 ἐπιρέροντα
745 637 775 695 τό
802 637 898 714 παρόν,
927 636 1072 694 ’σσιώτατον
1098 631 1145 693 καί
1172 633 1341 710 λογιώτατον
1365 631 1536 701 διδάσκαλον,

248 759 275 818 έν
299 754 490 838 ίερομσνάχοις
517 755 564 816 καὶ
590 759 783 833 πνευματικοῖς
809 759 858 835 κῦρ
882 756 1054 834 Ἀθανάσιον,
1083 753 1167 834 ἀνδρα
1189 753 1275 830 τίμιον
1297 752 1344 812 καὶ
1368 751 1453 831 ἀξιον,
1476 752 1537 832 ἀρε-

245 883 305 952 ταῖς
320 901 350 939 τε
372 878 420 939 καί
440 877 553 961 παιδείᾳ
574 881 782 955 κεκοσμημένον
805 876 852 938 καί
874 879 961 957 λόγου
985 877 1098 952 δυνάμει
1121 873 1318 952 ἐξησκημένον.
1342 873 1537 950 ἀποδεχόμενοι

246 1001 332 1062 τοίνυν
356 1001 434 1060 αῦτδν
458 999 563 1080 ἱλαρῶς
585 1020 615 1060 τε
642 999 688 1059 καί
712 1000 832 1075 εῦμενώς
855 997 1021 1079 συνδράμετε
1048 997 1094 1058 καί
1118 997 1272 1074 βοηθήσατε
1296 993 1368 1075 αὐτῷ
1391 995 1470 1072 λόγῳ
1495 993 1537 1052 καὶ

249 1125 320 1204 ἔργῳ
342 1122 389 1182 καί
412 1123 595 1204 ἐλεημοσύνη,
617 1119 734 1203 πλουσίᾳ
756 1119 828 1200 χειρί
853 1119 901 1180 καί
924 1120 1085 1199 ἀγαθοδότῳ
1112 1120 1268 1200 προαιρέσει
1293 1117 1364 1194 αὐτῷ
1387 1117 1503 1194 ἐπίδστε,
1525 1117 1537 1174 ό

248 1246 299 1322 μὲν
321 1245 445 1324 πρόθεσιν
471 1243 595 1322 δηλαδή,
623 1245 638 1302 ό
661 1243 693 1302 δὲ
717 1245 894 1322 σαραντάρισν
916 1245 934 1316 ἢ
956 1241 1107 1320 παρρησίαν
1129 1243 1148 1316 ἢ
1170 1237 1537 1320 τεσσαρακονταλεῖτουργον,

249 1369 363 1436 ἕκαστος
386 1362 459 1426 καθά
481 1364 591 1425 δῦναται
612 1364 658 1424 καὶ
680 1367 849 1446 προαιρεῖται
870 1362 918 1422 καί
942 1363 973 1423 ἐκ
995 1364 1059 1422 θεοῦ
1082 1363 1213 1443 ρωτιαθῇ,
1241 1363 1316 1432 όπως
1339 1361 1383 1420 διὰ
1406 1365 1455 1434 τῆς
1474 1361 1536 1417 θεα-

248 1490 341 1568 ρέστου
370 1487 572 1568 ἐλεημοοῦνης,
600 1485 754 1567 συνδρομῆς
775 1507 805 1546 τε
828 1483 874 1545 καί
898 1484 1028 1560 βοηθείας
1056 1481 1129 1544 αῦτοὶ
1152 1483 1203 1560 μέν
1230 1481 1255 1542 σί
1280 1482 1308 1542 ἐν
1332 1480 1405 1560 αδτῷ
1427 1482 1537 1558 πατέρες

249 1609 395 1686 δυνηθῶσιν
418 1609 586 1670 ἀνακαινίσαι
612 1610 643 1667 τ“ο
666 1609 750 1689 μέρος
773 1609 861 1668 ἐκεῖνο
884 1604 931 1668 καί
953 1606 1101 1686 ἀνεγεῖραι,
1129 1605 1207 1682 ὑμεῖς
1230 1604 1262 1664 δέ
1284 1605 1323 1676 ώς
1344 1605 1402 1664 νέαι
1423 1602 1537 1682 κτῖτορες

249 1731 430 1810 σίνοιρανέντες
458 1727 544 1803 έξοιτε
572 1730 799 1810 μυριοπλασῖονας
825 1729 887 1802 τοὺς
915 1728 1025 1804 μισθοὺς
1052 1727 1127 1808 παρά
1148 1728 1225 1806 θεοῦ,
1248 1720 1280 1786 οῦ
1301 1728 1319 1802 ἡ
1342 1729 1425 1806 χάρις
1446 1724 1491 1784 καί
1511 1725 1536 1781 τό

249 1853 358 1933 ἀπειρόν
388 1853 469 1925 ἔλεος
495 1851 582 1929 καὶὴ
607 1853 674 1930 εὐχὴ
701 1851 748 1912 καὶ
771 1847 885 1930 εὐλογία
906 1857 956 1926 τῆς
978 1851 1058 1925 ἡμῶν
1082 1850 1256 1928 μετριότητος
1279 1846 1321 1922 εῖη
1345 1845 1415 1922 μετά
1436 1847 1537 1906 πάντων

249 1975 332 2050 ὑμῶν.
365 1968 438 2054 ᾧτινι
464 1973 638 2054 ίερομονάχῳ
665 1973 827 2048 δεδώκαμεν
856 1971 950 2032 ἄδειαν
974 1970 1110 2031 διδάσκειν
1133 1971 1177 2030 τόν
1201 1971 1286 2048 λόγον
1309 1972 1355 2028 τοῦ
1377 1968 1450 2046 θεοῦ,
1478 1969 1538 2026 &ou

249 2095 282 2154 διν
303 2095 475 2176 προσκληθῇ,
503 2096 697 2175 ἑπιτραχήλιον
720 2097 819 2175 φορεῖν,
844 2093 994 2173 άγιασμοδς
1015 2095 1102 2154 ποιεῖν
1125 2091 1271 2169 μετὰτῶν
1294 2084 1332 2148 ὧν
1355 2089 1471 2169 ἐπιφέρει
1494 2107 1537 2146 τε-

249 2216 358 2295 μαχίων
389 2215 468 2296 ίερών
498 2217 637 2292 λειψάνων
662 2219 709 2276 τοῦ
735 2237 765 2276 τε
797 2214 874 2294 ἁγίου
903 2213 1064 2294 Εθστρατίου
1094 2211 1141 2273 καὶ
1171 2217 1225 2272 τών
1257 2207 1342 2292 ἁγίων
1370 2211 1538 2288 Ἀναργῦρων

250 2339 349 2412 Κοσμά
375 2336 423 2397 καί
450 2339 599 2416 Δαμιανοῦ,
629 2337 675 2396 καὶ
702 2337 764 2408 τοὺς
791 2335 942 2414 λογισμοὺς
969 2340 1024 2395 τῶν
1051 2335 1112 2410 μετ’
1138 2333 1286 2409 εθλαβείας
1315 2333 1538 2413 προσερχομένων

250 2458 321 2538 αὐτῷ
336 2465 497 2539 χριστιανών
519 2457 701 2534 ἀναδέχεσθαι
724 2456 771 2517 καί
790 2458 927 2518 πάντατὰ
946 2456 1069 2532 ίερατικά
1093 2457 1228 2534 ἐκτελεῖν,
1252 2453 1355 2530 εῖδήοει
1379 2455 1469 2529 μέντοι
1490 2457 1538 2510 τών

250 2580 320 2638 κατὰ
346 2579 444 2652 τόπους
469 2581 682 2658 προϊσταμένων.
712 2575 833 2660 ,αψμηζ
861 2578 893 2638 ἐν
922 2577 999 2654 μηνί
1023 2577 1204 2658 όκτωβρίῳ,
1233 2575 1442 2644 ίνδικτιῶνος
1464 2572 1539 2652 γ’.·ί

354 2707 497 2777 Archetyp.
522 2707 597 2762 nor.
623 2707 662 2761 II.
693 2724 743 2760 nro
769 2708 817 2760 Π.
853 2707 942 2760 Ειντοα
974 2708 1002 2758 in
1036 2706 1196 2773 τίιάόοιίοιιε,
1231 2722 1320 2759 annus
1355 2704 1439 2758 7257
1470 2703 1541 2755 θαθιι

251 2812 306 2866 ind.
329 2811 401 2865 ΧΠ.

517 3061 600 3126 CLI.
627 3059 852 3144 7270-1762,
875 3081 986 3125 mense
1010 3111 1017 3123 .
1043 3110 1049 3123 .
1075 3111 1081 3122 .
1107 3109 1132 3142 .,
1156 3057 1220 3123 ind.
1245 3059 1287 3123 X.

254 3211 420 3265 Ραίιάανοθα
438 3210 593 3264 Ῑοαιιιιιάόιιε
613 3209 670 3266 m.
685 3207 826 3277 confimat
841 3207 998 3278 privilegia,
1018 3207 1199 3276 ponendorum
1219 3205 1369 3261 menatem
1392 3225 1442 3276 que
1461 3223 1540 3259 νιοιια-

858 3317 943 3365 uem.

358 3498 378 3576 †
402 3494 620 3572 Ἴωαννίκιος,
648 3494 734 3575 ἐλέῳ
756 3496 832 3554 θεοῦ
855 3491 1121 3574 ἀρχιεπίσκοπος
1144 3493 1538 3561 Κωνσταντινσυπόλεως.

254 3618 345 3689 Νέας
367 3618 510 3694 Ῥώμης,
534 3615 588 3676 καί
612 3615 846 3692 οῖκουμενικδς
867 3618 1088 3696 πατριάρχης.
1113 3615 1134 3694 †

358 3789 449 3869 γΤῴ
483 3789 526 3850 ἐπ’
557 3787 653 3868 ἀγαθῷ
689 3787 736 3848 καὶ
774 3790 912 3870 θεαρέστῳ
949 3787 1044 3866 σκοπῷ
1081 3788 1289 3866 συντελεσθῆναι
1327 3791 1466 3868 φθάσαντα
1499 3789 1538 3859 τὴν

256 3910 353 3990 ἀρχήν,
381 3906 440 3970 εἶτα
466 3909 513 3970 καί
539 3916 573 3992 τῇ
601 3910 695 3992 μακρᾷ
720 3911 871 3992 παρατάσει
898 3913 944 3970 τοῦ
969 3910 1069 3988 χρόνον
1092 3909 1137 3968 διὰ
1158 3915 1208 3987 τῆς
1229 3908 1302 3969 κατὰ
1324 3909 1458 3988 διαδοχὴν
1479 3909 1538 3967 ἀνσ-

255 4033 380 4104 νεώσεως
408 4030 638 4106 ἐπιβεβαιωθέντα
664 4029 761 4100 καλῶς
788 4028 835 4089 καί
861 4031 892 4090 τδ
917 4030 1038 4110 ἀσφαλὲς
1064 4028 1112 4088 καὶ
1140 4031 1255 4105 μόνιμον
1282 4029 1329 4090 καί
1354 4025 1538 4112 ἀπηρτισμένσν

256 4150 398 4224 ὁλοτελώς
428 4152 532 4224 ἑαυτοῖς
560 4149 797 4232 προσκτησάμενα,
831 4153 913 4211 ταῦτα
946 4151 1017 4211 κατὰ
1049 4153 1138 4210 πάντα
1170 4151 1264 4230 καιρόν
1297 4157 1349 4226 τῆς
1378 4152 1539 4227 καθηκοότης

257 4273 421 4350 συστάσεως,
444 4272 617 4350 ἀντιλήψεώς
637 4293 669 4333 τε
690 4270 736 4333 καί
760 4271 958 4351 δεφενδεῦσεως
979 4272 1053 4353 παρὰ
1075 4274 1132 4343 τοῖς
1154 4274 1319 4351 προεστάναι
1342 4273 1477 4352 λαχοῦσιν
1498 4272 1539 4330 έπ-

257 4389 320 4464 άξια
348 4392 475 4473 κρίνεται.
510 4394 525 4453 ό
555 4393 589 4468 δὴ
620 4398 738 4465 τοιοῦτος
767 4393 858 4454 κανών
889 4393 938 4476 κάν
968 4397 1025 4466 τοῖς
1056 4393 1154 4464 ἀλλοις
1183 4398 1274 4470 πᾶσιν,
1307 4394 1357 4453 όσα
1387 4391 1540 4472 κηδεμονίας

255 4514 363 4595 χρῄζει,
394 4512 437 4573 ἐπί
468 4519 500 4594 τῇ
528 4519 600 4592 σφῶν
628 4513 743 4596 διαμονῇ
770 4516 906 4592 χρήσιμος
933 4515 980 4591 ών,
1012 4515 1161 4592 ἀναγκαῖός
1183 4535 1214 4574 τε
1241 4513 1288 4575 καί
1315 4516 1459 4595 ὠφέλιμος
1488 4511 1540 4573 καθ’

256 4634 401 4714 ὑπέρτερον
434 4635 520 4711 λόγον
555 4631 598 4694 ἐπὶ
631 4640 686 4692 τῶν
719 4634 804 4714 ἁγίων
838 4635 991 4712 ἐκκλησιῶν
1024 4639 1071 4694 τοῦ
1102 4637 1174 4714 θεοῦ,
1211 4637 1318 4716 εθαγών
1340 4657 1372 4696 τε
1399 4636 1481 4698 οἴνων
1504 4630 1542 4694 καί
1570 4709 1571 4712 ¹
