3184 5288
211 289 274 390 13⁸6

209 517 324 596 ὄχλησιν
352 520 413 593 ὑμῖν
439 521 494 589 τοῖς
523 521 656 595 μοναχοῑς
683 518 730 578 καὶ
757 525 790 600 τῇ
822 525 893 600 μονῇ
921 519 996 594 ὑμῶν
1022 507 1191 598 προσφέρειν,
1219 519 1270 578 κάν
1293 539 1323 578 τε
1350 519 1397 578 ἀπ’
1422 519 1513 578 αὐτῶν
1569 529 1570 542 ²

209 647 261 700 τῶν
288 639 392 702 παίδων
420 637 467 699 καὶ
487 640 669 719 κληρονόμων
696 635 791 714 είενῆ
819 638 865 700 καὶ
893 640 945 700 ἀπό
971 645 1024 700 τῶν
1053 636 1248 720 ἀλλοτρίωνῆ
1276 641 1306 712 ός
1329 641 1362 698 ἀν
1384 637 1432 700 καὶ
1458 639 1513 718 εἴη,
1571 696 1572 732 ,

208 762 268 832 ταῖς
292 761 384 834 αθταῑς
407 761 485 841 ἀραῖς
508 762 689 843 όποπεσείται,
716 759 763 820 καί
785 760 932 842 προστίμου
955 760 1028 846 δόσερ
1051 761 1258 836 ότοπεσοίιμεθα
1278 761 1347 841 πρός
1369 760 1440 834 ὑμᾶς
1465 758 1513 818 καί

208 883 258 957 τἠν
291 882 376 960 μονὴν
409 882 484 957 ὑμῶν
522 881 569 942 καί
603 883 674 942 όταν
704 883 734 942 τό
764 884 849 962 μέρος
885 884 968 958 αθτῗης
999 885 1173 958 νομισμάτων
1207 883 1423 962 προτιμωμένων
1457 889 1514 940 τῶν
1573 922 1574 980 γ

208 1004 283 1083 παρά
308 1008 354 1064 τοῦ
384 1003 515 1079 δημοσίου
545 999 750 1080 ἀπαιτουμένων
780 1005 888 1086 ἑκατόν,
919 1003 958 1077 είς
989 1005 1020 1066 δὲ
1047 1005 1078 1064 τό
1106 999 1272 1090 βα[σιλικδν]
1301 1003 1454 1082 βεστιάριον
1483 1005 1514 1062 τό
1574 1036 1575 1092 ι

209 1124 295 1203 τρίτον
327 1124 437 1206 τούτων,
464 1127 532 1205 πρός
553 1125 592 1204 τῷ
615 1123 662 1184 καί
684 1126 769 1198 οότως
793 1125 926 1204 ἐρρῶσθαι
948 1127 978 1186 τό
999 1127 1085 1206 παρόν
1109 1127 1245 1205 ἔγγραφον
1268 1123 1315 1185 καὶ
1338 1126 1395 1197 τοῖς
1416 1125 1515 1200 νόμοις
1575 1148 1576 1170 ι

1149 1248 1156 1266 Q

210 1241 279 1305 εἶναι
310 1244 414 1324 δεκτόν,
443 1247 472 1304 ἐν
495 1241 518 1326 ᾧ
540 1246 586 1306 καί
609 1246 679 1321 μετά
700 1247 731 1307 τό
754 1247 962 1324 ἀναγνωσθῆναι
983 1246 1029 1308 καί
1052 1246 1122 1307 κατά
1146 1251 1222 1328 ρῆμα
1245 1246 1444 1326 έρμηνευθῆναί
1466 1266 1515 1320 μοι
1576 1260 1577 1274 ’

208 1371 285 1428 τοῦτο
315 1367 390 1448 παρά
419 1371 465 1428 τοῦ
494 1369 558 1448 παρ’
587 1369 654 1442 ἐμοῦ
682 1369 904 1449 προσκληθέντος
930 1368 1130 1447 ταβουλλαρίου
1157 1369 1206 1444 τὴν
1236 1365 1338 1426 οἰκείαν
1369 1367 1514 1446 προταγὴν
1577 1374 1578 1378 ’

210 1485 362 1568 ίδιοχείρως
397 1487 511 1564 ἐποίησα
548 1490 661 1568 ἀνωθεν,
694 1494 741 1550 τοῦ
773 1490 854 1568 όφσυς
886 1491 1035 1569 γραφέντος
1071 1496 1104 1572 τῇ
1138 1489 1192 1572 ἐμῇ
1218 1495 1357 1570 προτροπῇ
1388 1487 1435 1548 διά
1466 1491 1515 1548 τοῦ

209 1604 403 1690 πριμμικηρίου
429 1615 482 1670 τῶν
509 1611 581 1670 κατά
603 1612 715 1691 Κρήτην
741 1611 950 1692 ταβουλλαρίων
977 1610 1024 1670 καί
1053 1609 1230 1687 δομέστίκων,
1259 1609 1436 1689 Ἀνδρονίκου
1465 1615 1515 1669 τοῦ

211 1731 530 1811 ΙΙαπανδρονικοποόλσυ.
562 1730 638 1808 μηνί
670 1731 778 1812 ἰουνίῳ
809 1731 1018 1805 ίνδικτιῶνος
1045 1729 1082 1792 ιε’
1114 1733 1208 1804 ἔτους
1235 1730 1315 1814 ,ςψέ
1346 1730 1516 1812 παρουσίᾳ

208 1858 271 1914 τῶν
293 1854 554 1934 όπσγραψάντων
577 1853 802 1934 μαρτύρωνίφ

313 1978 334 2056 †
351 1975 519 2055 Ἰωάννης,
537 1975 678 2050 εάτελὴς
694 1974 804 2055 ίερείις
822 1973 878 2036 καί
892 1974 1143 2056 ταβουλλάρισς
1159 1978 1174 2036 ό
1191 1977 1328 2048 Πατζός,
1343 1974 1515 2055 προσκλη-

209 2095 278 2168 θείς
307 2095 395 2178 παρά
423 2101 479 2158 τοῦ
512 2097 696 2172 ἐκθεμένου
722 2099 756 2156 τό
782 2099 886 2176 παρόν
914 2097 996 2172 μετόι
1027 2097 1214 2178 συμφωνίας
1244 2096 1516 2177 ἀντισυγγραφὲν

209 2218 374 2298 ἔγγραφον
407 2223 465 2294 τῆς
496 2217 801 2298 ἀναγεγραμμένης
835 2219 1023 2290 ὑποθέσεως
1060 2216 1115 2278 καί
1144 2225 1181 2300 τῇ
1215 2219 1306 2278 δόσει
1335 2223 1397 2276 τῶν
1429 2217 1513 2276 ἀνα-

208 2342 416 2416 τοττομένων
447 2341 537 2411 ζώων
566 2336 622 2398 καὶ
654 2342 708 2399 τοῦ
742 2339 862 2418 σπόρου
896 2342 951 2400 τοῦ
984 2339 1158 2419 ζευγαρίου
1192 2339 1247 2398 σίιν
1276 2345 1334 2415 τῆς
1368 2339 1515 2412 ἀννόνας

208 2466 263 2522 τοῦ
294 2459 434 2542 μισθίου,
457 2463 491 2520 τό
519 2456 614 2546 ό[λον
636 2455 730 2544 ό]φος
757 2461 854 2520 αὐτοῦ
879 2458 1088 2540 ὑπαγορεόθη
1116 2457 1172 2520 καὶ
1199 2461 1396 2540 έρμηνεόθη,
1426 2481 1514 2541 μαρ-

208 2589 311 2663 τυρῶν
334 2583 516 2662 ὑπέγραψα.
541 2584 562 2662 †

313 2701 548 2784 γθεόδωρος,
585 2701 726 2778 εὐτελὴς
763 2702 872 2782 ίερείις
905 2703 961 2764 καί
989 2702 1252 2784 ταβσυλλάρισς,
1283 2705 1298 2763 ό
1325 2705 1516 2781 Λαμπηνός

206 2829 347 2908 πάρειμι
380 2823 432 2886 ἐπί
461 2831 498 2908 τῇ
535 2823 683 2906 παρσθση
719 2823 874 2904 ἐγγράφῳ
908 2824 1077 2906 συμφωνίᾳ
1107 2832 1165 2902 τῆς
1199 2822 1516 2910 ἀναγεγραμμένης

208 2949 396 3019 ὑποθέσεως
429 2943 484 3007 κἀί
517 2951 554 3028 τῇ
583 2945 674 3008 δόσει
706 2951 768 3005 τῶν
796 2947 1070 3022 ἀναταττομένων
1105 2948 1196 3018 ζώων
1223 2946 1278 3008 καὶ
1307 2952 1361 3010 τοῦ
1388 2949 1516 3027 σπόρου

208 3075 264 3131 τοῦ
287 3069 466 3150 ζευγαρίσυ
498 3065 554 3136 καὶ
584 3073 641 3144 τῆς
664 3063 808 3140 ἀννόνας
829 3073 884 3128 τοῦ
911 3065 1051 3149 μισθίου,
1075 3073 1136 3128 τῶν
1158 3071 1257 3149 χάριν
1278 3067 1517 3150 προσενέξεως

210 3193 374 3252 δοθέντων
404 3192 484 3270 πρός
503 3189 568 3264 ’τὴν
596 3190 699 3266 μονὴν
725 3196 784 3266 τῆς
811 3189 955 3268 Πάτμσυ,
983 3189 1026 3261 ὡς
1048 3191 1082 3249 τό
1104 3191 1182 3269 όφος
1210 3189 1319 3270 δηλοῖ,
1345 3190 1401 3252 καὶ
1426 3213 1515 3274 μαρ-

209 3318 310 3393 τυρῶν
333 3313 514 3392 ὑπέγραψα.
539 3313 560 3391 †

313 3435 334 3514 †
358 3431 517 3513 Γαβριὴλ,
542 3433 683 3507 εὐτελὴς
706 3431 921 3512 ἀναγνωστης
943 3429 998 3491 καὶ
1020 3431 1283 3514 ταβουλλάριος,
1307 3391 1517 3516 όΚριθαράς

210 3559 349 3636 πάρειμι
366 3552 418 3614 ἐπὶ
433 3559 471 3636 τῇ
486 3555 634 3636 παρούσῃ
658 3553 812 3634 ἐγγράφῳ
835 3553 1005 3636 συμφωνίᾳ
1026 3559 1083 3629 τῆς
1106 3554 1418 3634 ἀναγεγραμμένης
1434 3556 1516 3617 ὑπο-

211 3680 338 3748 θέσεως
357 3673 413 3735 καί
432 3680 469 3757 τῇ
486 3675 577 3735 δόσει
593 3680 653 3734 τῶν
670 3676 944 3750 ἀναταττομένων
960 3677 1051 3746 ζώων
1070 3673 1126 3735 καί
1145 3680 1200 3737 τοῦ
1221 3677 1343 3757 σπόρου
1361 3681 1418 3738 τοῦ
1439 3680 1516 3750 ζευ-

211 3798 326 3877 γαρίου
346 3795 478 3872 καὶτῆς
498 3797 637 3868 ἀννόνας
655 3800 711 3856 τοῦ
734 3796 872 3876 μισθίου,
895 3802 957 3856 τῶν
979 3799 1077 3876 χάριν
1100 3795 1332 3876 προσενέξεως
1348 3797 1518 3861 δοθέντων

211 3921 295 3999 πρός
313 3919 372 3994 τὴν
388 3917 488 3993 μονὴν
504 3923 562 3992 τῆς
578 3917 723 3996 Πάτμου,
740 3918 782 3988 ὡς
797 3918 831 3976 τό
847 3917 926 3995 ίιφος
949 3915 1058 3998 δηλοῖ,
1082 3925 1255 3998 μαρτυρῶν
1277 3920 1468 4000 ὑπέγραψα.
1495 3924 1517 3998 †

316 4043 338 4120 †
361 4040 523 4115 Ἰωάννης
548 4037 797 4118 ταβουλλάριος
821 4039 835 4098 ό
857 4039 1084 4114 Βοτανειάτης
1110 4040 1222 4120 παρὼν
1250 4038 1306 4101 καὶ
1336 4050 1517 4122 μαρτυρῶν

213 4161 337 4237 όμοίως
358 4161 543 4240 ὑπέγραψα.
567 4162 588 4239 †

317 4283 337 4361 †
361 4281 396 4340 ‘0
413 4281 557 4360 γραφεὺς
571 4285 626 4340 τοῦ
640 4279 967 4360 θφουςἈνδρόνικος,
984 4281 1182 4356 δομέστικος
1198 4281 1254 4342 καί
1268 4288 1518 4366 πριμμικήριος

213 4409 280 4462 τῶν
310 4400 393 4462 κατά
416 4401 550 4480 Κρήτην
576 4399 850 4482 ταβουλλαρίων,
881 4403 895 4460 ό
924 4403 1308 4483 Παπανδρσνικόπουλος
1338 4390 1518 4486 μαρτυρῶν

214 4521 267 4582 καί
292 4524 387 4595 αάτδς
410 4522 532 4598 ὁμοίως
555 4523 737 4602 ὑπέγραψα,
761 4523 782 4601 †

318 4650 424 4704 Ατσίιοί.
448 4651 554 4702 membr.
579 4649 656 4702 Flor.
679 4666 728 4702 nro
753 4649 802 4704 86.
