3228 5294
234 323 277 387 56

236 521 375 596 παροῦσαν
408 515 554 594 δεχομένῳ
580 509 736 594 πρόσταξιν,
760 515 808 588 τήν
832 519 882 589 τῆς
905 511 1050 592 εἰρημένης
1078 513 1148 588 δλης
1175 516 1256 586 νήσου
1281 516 1449 590 ποιήσασθαι
1481 519 1559 594 πρδς

236 639 316 698 αύτδν
338 637 497 717 παράδοσιν,
519 637 656 716 πρακτικά
676 655 708 694 τε
731 633 856 694 ἐκθέσθαι
878 635 1056 714 ήκριβωμένα
1080 635 1135 709 δύο,
1161 635 1296 710 δηλοῦντα
1320 637 1349 696 ἐν
1373 637 1478 716 λεπτῷ
1504 622 1561 713 τὴνί

236 758 370 840 περιοχὴν
394 760 477 834 σσάιῆς
498 756 545 816 καί
570 757 754 836 διακράτησιν,
778 757 827 831 όση
848 775 879 814 τε
901 754 947 814 καὶ
971 756 1015 814 οἵα
1037 757 1054 830 ή
1080 756 1109 814 ἐν
1133 758 1199 836 αύτη
1219 761 1257 834 γῆ
1284 755 1381 817 καὶτὰ
1405 759 1436 818 ἐν
1462 760 1558 842 ταύτη

237 881 441 961 εύρεθησόμενα
457 877 595 954 οἰκήματα
611 876 657 938 καὶ
673 877 758 936 λοιπὰ
772 880 869 956 πάντα,
892 874 940 936 καί
962 878 1117 956 ύπογράψαι
1140 875 1186 936 καὶ
1209 879 1332 953 συνήθως
1353 878 1565 970 πιστώσασθαιί,

236 1005 330 1082 ταύτα,
353 999 400 1062 καὶ
422 1001 453 1060 τό
476 999 527 1076 μέν
550 1002 579 1058 ἓν
604 996 797 1071 ἐξαποστεῖλαι
825 1000 893 1079 πρδς
920 999 969 1073 τὴν
997 998 1141 1073 βασιλείαν
1166 1019 1227 1080 μου,
1250 1001 1281 1059 τό
1304 999 1336 1060 δὲ
1360 1004 1458 1081 ἕτερον
1488 1004 1567 1094 ἐπι-ί,

238 1123 330 1184 δοῦναι
364 1120 402 1200 τῷ
432 1121 662 1203 προδιαληρθέντι
695 1119 888 1199 εύλσβεστάτῳ
921 1119 1036 1198 μοναχῷ
1067 1119 1113 1180 καὶ
1143 1119 1182 1198 τῷ
1211 1123 1289 1201 μέρει
1321 1123 1401 1182 αύτού
1432 1123 1477 1196 εἰς
1509 1123 1569 1216 oh}

238 1244 316 1305 κείαν
332 1241 536 1323 άσραλειαν.γ
559 1241 636 1318 μηνὶ
649 1241 819 1321 άπριλλίῳ
835 1240 1042 1312 ῖνδικτιῶνος
1059 1239 1102 1300 ια’
1123 1243 1153 1320 †.
1167 1241 1215 1301 διὰ
1230 1245 1469 1323 κινναβάρεως
1496 1245 1571 1336 καὶζ

240 1367 258 1441 ἡ
283 1365 337 1426 διά
359 1369 462 1446 κηρού
487 1360 629 1445 σφραγὶς
655 1367 709 1422 τοῦ
735 1365 978 1442 κραταιοτάτου
1005 1361 1059 1422 καὶ
1087 1361 1183 1440 άγίου
1208 1365 1301 1439 ήμῶν
1328 1364 1551 1440 βασιλέως.»

243 1488 347 1548 «Κατὰ
365 1488 463 1561 ταύτην
483 1489 548 1564 γούν
563 1487 613 1560 τὴν
628 1483 703 1544 θείαν
719 1483 766 1544 καί
789 1483 933 1558 βασιλικὴν
949 1484 1055 1563 γραφήν
1079 1479 1237 1561 ἀπεστάλης
1259 1486 1289 1543 σύ
1312 1486 1327 1543 δ
1348 1485 1574 1565 προδηλωθεὶςι

239 1613 287 1669 τού
316 1609 482 1684 ποιήσασθαι
511 1607 561 1681 τήν
591 1605 740 1686 παράδοσιν
770 1613 820 1680 τῆς
850 1605 974 1680 τοιαύτης
1001 1606 1070 1680 όλης
1096 1609 1178 1682 νήσου
1202 1607 1324 1686 ΙΙάτμσυ,
1347 1609 1416 1685 πρδς
1439 1612 1478 1682 ἣν
1505 1611 1556 1670 καὶ

241 1731 312 1792 κατά
346 1732 433 1809 τάχος
460 1729 688 1810 παραγενόμενος
720 1725 882 1800 σπουδάσεις
914 1728 1060 1806 ἐνεργῆσαι
1092 1727 1203 1806 ταύτην,
1240 1727 1302 1788 δέον
1329 1749 1361 1787 σε
1391 1731 1442 1805 τὴν
1478 1732 1555 1808 ὃλην

242 1858 323 1928 νῆσον
347 1848 379 1924 ἐξ
401 1851 559 1930 ὁλοκλήρου
581 1849 760 1930 παραδοῦναι,
783 1848 971 1928 περιορίσαντα
992 1850 1091 1926 ταύτην
1113 1847 1160 1908 καὶ
1179 1851 1406 1930 άναμετρήσαντα
1429 1851 1481 1912 καὶ
1508 1854 1555 1913 διὰ

241 1978 292 2049 τῆς
319 1973 534 2054 άναμετρήσεως
561 1971 794 2050 δηλοπσιήσαντα,
822 1971 871 2046 ὅση
894 1989 925 2029 τε
951 1967 998 2030 καὶ
1025 1969 1068 2028 σία
1091 1969 1156 2050 ἐστί,
1179 1970 1271 2041 καθὼς
1294 1971 1342 2032 καί
1364 1975 1382 2048 ή
1406 1974 1555 2051 οεβαομία

203 2117 224 2156 ο
244 2091 397 2180 [βασιλικὴ]
432 2095 522 2173 γραφή
557 2091 791 2173 παρακελεύεται.
827 2088 874 2150 καὶ
904 2091 966 2150 ὅσον
998 2089 1049 2165 μὲν
1078 2097 1128 2167 τής
1157 2093 1282 2167 τοιαύτης
1310 2095 1394 2168 νήσου
1428 2096 1555 2176 ὑπάρχει

243 2217 375 2295 σπόριμόν
390 2236 420 2276 τε
435 2213 482 2274 καὶ
498 2210 639 2294 ἀρόσιμον,
655 2213 717 2272 όσσν
734 2212 765 2271 δέ
780 2211 938 2286 νομαδιαῖον
957 2209 1004 2270 καί
1023 2213 1085 2272 όσον
1100 2214 1241 2292 τραχεινδν
1264 2211 1311 2273 καὶ
1333 2219 1383 2289 τῆς
1407 2216 1555 2296 ἀχρήστου

242 2338 394 2416 ποιότητος,
419 2337 482 2396 δέον
501 2325 536 2394 ’σε
560 2335 588 2392 ἐν
612 2333 672 2394 δυσὶ
693 2335 853 2414 πρακτικοῖς
875 2331 946 2392 κατά
969 2335 1012 2392 τὀν
1036 2335 1107 2393 θεῖον
1131 2333 1266 2414 διορισμόν
1291 2333 1319 2394 ἐν
1342 2335 1438 2414 λεπτῷ
1461 2347 1555 2400 ταῦτα

244 2457 388 2533 διαλαβεῖν
415 2455 462 2518 καὶ
485 2463 576 2536 σαριῖις
601 2457 725 2515 ἐκθέσθαι
748 2453 851 2514 καὶτὰ
877 2459 985 2514 τοιαῦτα
1011 2455 1146 2535 πρακτικὰ
1172 2457 1240 2535 πρδς
1266 2459 1342 2531 ἡμᾶς
1367 2457 1554 2540 ἀποκομίσαι,

244 2584 314 2641 ὥστε
336 2580 385 2656 τἠν
411 2581 512 2656 συνήθη
539 2579 604 2658 παρ’
631 2579 696 2652 ἡμῖν
729 2573 860 2648 δέξασθαι
882 2581 965 2636 ταύτα
988 2576 1147 2658 βεβαίωσιν,
1171 2575 1217 2637 καὶ
1240 2579 1268 2638 τό
1291 2577 1343 2652 μὲν
1366 2581 1395 2638 ἓν
1417 2580 1458 2658 τῷ
1478 2604 1553 2661 κρα-

243 2704 378 2779 ταιοτάτῳ
407 2699 455 2760 καὶ
486 2695 557 2778 άγίῳ
586 2699 666 2776 ἡμῶν
698 2697 807 2771 βασιλεῖ
836 2697 1061 2778 άποκομισθῆναι,
1091 2699 1121 2758 τύ
1151 2698 1183 2758 δέ
1212 2701 1303 2778 ἕτερον
1331 2701 1369 2780 τῷ
1391 2707 1553 2782 τιμιωτάτῳ

246 2821 363 2902 μοναχῷ
383 2818 488 2900 καὶτῷ
512 2820 590 2900 μέρει
610 2820 690 2879 αύτσύ
711 2819 918 2900 παρασχεθῆναι
941 2817 980 2892 είς
1003 2819 1162 2899 ἀσφάλειαν,
1188 2819 1250 2880 δέον
1274 2841 1305 2880 σε
1328 2821 1366 2898 μὴ
1391 2823 1476 2897 μόνον
1501 2827 1553 2902 τὴν

246 2951 297 3021 τῆς
319 2949 372 3022 γῆς
393 2942 556 3023 περίμετρον
579 2939 626 3001 καὶ
648 2942 697 3016 τήν
720 2941 819 3017 ταύτης
840 2942 971 3016 ποιότητα
995 2940 1083 3021 ἐντῷ
1106 2944 1283 3022 γενησομένῳ
1306 2943 1381 3022 παρὰ
1403 2949 1452 3004 σού
1475 2967 1554 3026 πρα-

246 3062 333 3143 κτικῷ
360 3063 514 3144 διαλαβεῖν,
546 3061 624 3122 άλλδι
651 3060 699 3122 καὶ
725 3062 758 3121 τὰ
786 3059 922 3137 οἰκήματα
948 3060 1051 3152 καὶτὰ
1074 3061 1173 3144 δένδρα
1195 3061 1241 3123 καὶ
1266 3064 1363 3137 ἁπλῶς
1386 3067 1495 3127 ἅπαντα
1519 3070 1555 3128 τά

248 3187 277 3247 έν
299 3191 334 3266 τῇ
356 3185 466 3266 τοιαύτη
489 3187 564 3263 νήσῳ
587 3183 805 3264 εύρεθησόμενα·
831 3182 874 3244 έπὶ
901 3185 985 3263 τούτῳ
1012 3185 1066 3264 γάρ
1089 3184 1135 3244 καὶ
1158 3185 1188 3244 τ“ο
1210 3186 1296 3265 παρόν
1320 3185 1447 3261 ἔνταλμα
1473 3185 1554 3273 [ἐδό-

248 3303 347 3391 θησοι]
358 3332 384 3368 ν.
409 3305 500 3398 ῖῖατθιΙ
512 3309 577 3383 γοῦν
599 3305 648 3379 τὴν
664 3303 740 3364 θείαν
761 3305 860 3379 ταύτην
875 3302 922 3364 καὶ
944 3304 1089 3380 βασιλικὴν
1106 3305 1242 3384 ἔγγραρσν
1254 3303 1409 3386 πρόσταξιν,
1428 3310 1500 3388 πρδς
1522 3311 1555 3370 δὲ

188 3413 199 3426 ’
248 3427 296 3489 καὶ
318 3428 365 3488 τόν
389 3426 597 3502 ένταλματικιῖς
617 3425 730 3486 δοθέντα
751 3445 798 3500 μοι
824 3425 960 3506 διορισμόν
984 3427 1177 3505 παρεγενόμην
1198 3428 1256 3502 άμσ
1275 3425 1314 3505 τῷ
1334 3427 1555 3512 σεβασμιωτάτῳ

250 3547 366 3629 μοναχῷ
389 3545 462 3628 καιρῷ
482 3546 676 3627 Χριστσδούλῳ
699 3545 806 3625 καὶτῷ
831 3547 908 3626 μέρει
931 3548 1010 3607 αὺτοῦ
1033 3548 1100 3624 πρδς
1122 3548 1171 3622 τὴν
1193 3555 1275 3624 νῆσον
1298 3549 1421 3629 Πάτμον,
1447 3554 1483 3627 ήν
1507 3553 1556 3612 καὶ

249 3670 439 3753 περιπολήοας
467 3661 544 3750 εύρσν
574 3669 675 3750 ἔρημον
703 3667 772 3744 δλην
799 3665 846 3728 καὶ
873 3669 1085 3748 κεχερσωμένην
1112 3667 1160 3728 καί
1187 3669 1237 3728 ύπδ
1266 3667 1320 3729 τῶν
1348 3670 1477 3731 ἀκανθῶν
1505 3673 1556 3733 καὶ

250 3799 305 3853 τῶν
328 3791 427 3852 άλλων
450 3795 586 3870 συρρετῶν
612 3791 841 3865 συνεσκιασμένην
863 3787 909 3848 καὶ
934 3789 1034 3864 άβατον
1061 3788 1108 3848 καὶ
1135 3788 1179 3849 διὰ
1201 3789 1232 3849 τό
1254 3794 1300 3850 τοῦ
1327 3792 1409 3851 τόπου
1437 3788 1556 3875 ἄνυδρον

250 3915 420 3976 παντάπασιν
445 3913 573 3986 άνικμον·
598 3911 661 3972 ούδέ
683 3931 734 3972 που
757 3910 811 3991 γὰρ
835 3905 888 3970 ἀνὰ
908 3915 998 3970 πάσαν
1021 3911 1070 3986 τἠν
1096 3915 1176 3986 νήσον
1203 3913 1413 3992 περιπατητικὸν
1436 3913 1512 3996 ύδωρ
1536 3921 1555 3991 ή

251 4035 404 4115 καταρρέον
433 4033 591 4114 εὑρέθησαν,
623 4031 646 4092 εί
670 4033 708 4109 μὴ
735 4031 861 4111 όλίγιστά
889 4051 947 4090 τινα
971 4033 1081 4111 ρρέατο,
1104 4031 1220 4091 κάκεῖνα
1241 4037 1287 4093 τοῦ
1315 4033 1431 4112 σίρθόνσυ
1455 4035 1557 4110 ὓδατος

252 4155 325 4218 κατὰ
347 4154 419 4216 πολύ
447 4152 647 4234 έλλειπόμενα,
674 4156 692 4230 ή
716 4153 763 4236 βίᾳ
784 4151 832 4212 καὶ
854 4151 955 4232 πολλῷ
978 4151 1017 4230 τῷ
1039 4153 1116 4230 κόπῳ
1140 4152 1184 4212 διὰ
1206 4154 1237 4212 τό
1261 4154 1290 4212 ἐν
1311 4156 1396 4236 ταύτῃ
1421 4155 1556 4233 δύσβατον

255 4277 420 4358 μετρηθεῖσα
442 4275 608 4352 ἀνεβιβάσθη
631 4276 685 4352 όλη
709 4275 803 4335 διόλου
826 4273 929 4350 μοδῖων
958 4273 1114 4353 τρισχιλίων
1145 4273 1311 4334 όιιτσκοοίων
1343 4274 1487 4351 ἑξήκοντα.
1524 4280 1558 4340 ἐκ

254 4400 353 4476 ταύτης
375 4393 420 4459 οὖν
443 4399 461 4473 ή
483 4397 554 4457 κατὰ
577 4396 640 4471 βίαν
662 4398 793 4478 σπόριμος
821 4394 924 4470 μοδίων
955 4391 1104 4466 ἑξακοσίων
1135 4393 1299 4472 εἰκοσιεπτά,
1329 4397 1376 4456 καὶ
1407 4401 1474 4476 αύτη
1506 4400 1558 4461 ύπδ

255 4527 308 4583 τῶν
329 4521 445 4582 πολλῶν
467 4517 515 4579 καί
537 4525 660 4598 συνεχῶν
684 4519 787 4594 βουνῶν
811 4518 1037 4595 συμπεπνιγμένη
1065 4513 1112 4574 καὶ
1138 4515 1321 4595 τεθλιμμένη,
1350 4521 1380 4579 τδ
1404 4519 1435 4580 δὲ
1457 4521 1558 4583 λοιπόν

256 4650 305 4722 τῆς
337 4645 418 4718 νήσου
448 4641 551 4721 όρεινδν
581 4639 628 4702 καί
657 4641 801 4722 τραχεινδν
830 4631 876 4698 καί
909 4638 1019 4716 άβατον,
1052 4635 1127 4698 ἀλλὰ
1153 4637 1199 4698 καὶ
1228 4641 1310 4712 σιάτῆς
1335 4646 1386 4718 τῆς
1413 4643 1452 4716 ὡς
1475 4644 1558 4722 δῆθεν
