3186 5286
255 357 318 421 388

255 555 355 631 itaque
383 555 597 612 concluduntur
624 555 703 612 inter
733 573 834 612 omnes
861 555 963 612 domus
990 554 1063 614 dicti
1091 553 1261 612 monasterii
1288 561 1356 612 sunt
1383 555 1464 614 dicta
1489 575 1550 614 con-

257 659 341 728 finia,
366 659 444 735 quod
469 659 570 716 datum
598 658 657 716 fuit
684 659 900 716 concessionem
924 659 960 716 dc
987 665 1067 718 terra
1094 658 1227 735 predicta
1248 678 1267 716 a
1289 661 1375 717 modo
1403 660 1435 718 in
1461 667 1550 727 autea,

258 763 321 840 ipse
344 783 503 842 yconomus
526 768 557 820 et
579 763 625 820 sni
649 782 827 820 successores
850 764 966 834 habeat,
996 767 1097 821 teneat
1120 768 1151 821 et
1172 763 1321 839 possideat
1344 764 1463 822 nomine
1485 766 1551 822 dicti

260 867 429 926 monasterii
453 867 617 944 predictam
642 837 773 950 [ferram]
797 872 827 924 et
848 867 878 924 in
898 887 933 926 ec
956 873 1036 926 terra
1058 873 1089 925 et
1111 868 1148 925 de
1169 887 1205 926 ca
1226 888 1309 926 suam
1331 869 1423 927 faciat
1445 870 1551 927 utilita-

258 978 319 1030 tem
352 972 471 1030 nemine
504 972 560 1030 sibi
595 973 823 1030 contradicente.
867 977 990 1030 Actum
1021 973 1087 1029 hoc
1116 991 1205 1029 anno
1235 976 1275 1030 ab
1307 973 1551 1032 incarnatione

259 1076 395 1133 domini
430 1077 543 1133 nostri
575 1077 694 1142 Yhesu
725 1076 858 1134 Christi
884 1077 1200 1148 MCCLXXXXV„
1232 1078 1363 1134 mensis
1387 1078 1550 1142 ianuarii.

259 1181 317 1237 die
341 1182 464 1250 tertio,
489 1181 704 1238 indictionis
727 1201 825 1240 none.

550 1304 622 1378 Ego
645 1305 784 1362 Marcus
805 1305 901 1362 Bono
923 1303 1124 1374 Massarini,
1148 1305 1388 1362 cancellarius
1411 1305 1549 1363 (lancae.

361 1437 464 1504 Copia
491 1444 597 1488 tratta
624 1438 715 1488 dallo
743 1439 828 1489 libro
855 1440 887 1489 di
914 1440 1084 1490 manifesti
1107 1439 1197 1489 della
1221 1438 1439 1490 cancellaria
1465 1439 1550 1490 della

258 1525 360 1576 Oanis
387 1525 414 1575 {⁰
441 1528 497 1576 1³0.
534 1525 680 1591 Exemplar
706 1527 815 1577 membr.
850 1527 943 1591 Bayet,
966 1525 1106 1592 (liemoire
1134 1541 1179 1576 sur
1208 1541 1263 1576 aue
1291 1529 1402 1576 mirsion
1425 1542 1459 1577 an
1482 1527 1549 1576 llont

257 1612 341 1662 Athos
359 1627 407 1678 par
425 1609 511 1662 l'abbe
530 1612 676 1664 Duchcsne
694 1619 722 1662 ct
735 1613 828 1678 Bayet,
848 1613 924 1664 Paris
939 1615 1013 1664 1876.
1032 1611 1222 1678 Bibliothequc
1241 1613 1288 1664 dea
1307 1611 1396 1664 eccles
1412 1613 1548 1677 franaaises

257 1698 403 1749 d'Athenos
427 1705 455 1748 et
473 1699 507 1749 de
525 1699 629 1764 Rome).
656 1715 703 1749 nro
718 1701 741 1762 2,
765 1717 789 1766 p.
807 1702 863 1750 147.
888 1699 950 1750 'I'ird
974 1701 1007 1750 de
1032 1700 1102 1749 deux
1125 1701 1216 1766 copies
1238 1715 1284 1749 sur
1308 1700 1462 1766 parchemin
1482 1717 1547 1750 assez

256 1785 379 1850 alterdes,
398 1787 463 1836 mais
481 1793 601 1852 pouvaut
620 1802 654 1836 en
673 1785 781 1852 general
801 1803 830 1836 ae
847 1783 972 1853 supplder
990 1786 1047 1838 l'un
1066 1787 1168 1838 l'autrc.
1188 1787 1226 1836 ld.
1246 1805 1271 1854 p.
1290 1789 1347 1838 138.

523 2048 565 2112 Π.
590 2045 816 2131 calc-1307,
840 2047 891 2112 22.
916 2048 1035 2112 mensis
1057 2048 1145 2130 iunii,
1168 2047 1233 2112 ind.
1251 2047 1292 2112 V.

259 2189 356 2238 Petrus
374 2187 549 2249 Gradenicus,
572 2187 626 2237 dux
645 2186 828 2248 Venetiarum‚
852 2185 992 2236 confirmat
1014 2186 1117 2236 litteras
1139 2186 1215 2236 ducis
1237 2183 1390 2236 Laurentiis
1412 2186 1542 2252 Theupoli‚

259 2275 356 2340 quibua
375 2274 512 2324 monachis
531 2274 657 2323 metochii
675 2272 767 2323 Sancti
785 2273 894 2323 Ioannis
912 2273 981 2338 Styli
1000 2274 1132 2322 concessit
1149 2272 1305 2323 facultatem
1325 2274 1482 2338 exportandi
1498 2274 1544 2350 iru-

428 2365 549 2410 ruentum
568 2375 601 2408 ex
620 2359 708 2410 insula
727 2359 806 2410 Creta
826 2376 872 2425 pro
891 2361 1054 2410 monasterio
1073 2359 1097 2409 S.
1115 2359 1229 2411 Joannis
1247 2359 1386 2424 Theologi.

363 2541 468 2597 Petrus
491 2537 665 2608 Gradonico‚
691 2539 747 2596 Dei
775 2538 870 2612 gratia
889 2539 1095 2607 venetiarum,
1125 2539 1272 2596 Dalmatio
1301 2545 1391 2616 atque
1419 2539 1548 2596 Chroatie
1578 2547 1579 2616 ᾗ

260 2646 331 2715 dux,
360 2644 495 2702 dominns
517 2648 621 2719 quarte
648 2642 740 2718 partis
767 2648 798 2700 et
821 2642 939 2700 dimidii
967 2642 1059 2700 totins
1086 2641 1205 2718 imperii
1228 2643 1382 2714 Romania,
1411 2643 1499 2702 nobili
1521 2649 1546 2700 ci

260 2749 386 2825 sapienti
409 2748 484 2819 viro,
508 2748 622 2806 Bolletc
644 2746 817 2818 iustiniani,
844 2747 881 2804 de
909 2767 960 2804 suo
988 2747 1125 2804 mandato
1148 2747 1244 2805 duche
1267 2747 1364 2818 Crete,
1393 2753 1424 2805 et
1449 2747 1547 2806 nobili·

260 2856 312 2912 bus
339 2845 425 2935 vi[ris
455 2845 643 2934 conJailiariis
673 2856 704 2910 et
734 2851 840 2909 ceteris
870 2871 972 2910 eorum
1002 2851 1229 2924 successoribus,
1260 2852 1398 2911 fidelibus
1427 2854 1486 2910 suis
1511 2853 1546 2910 di·

259 2957 356 3028 lectis,
386 2959 510 3016 salutem
534 2961 565 3015 et
587 2957 701 3014 sincere
723 2955 892 3014 dilectionis
914 2957 1063 3014 affectum.
1094 2958 1154 3015 Per
1179 2958 1336 3016 honestum
1358 2957 1458 3016 virum
1480 2959 1545 3014 Pau·

259 3065 334 3134 lum,
362 3063 532 3137 kalogcrum
560 3061 661 3119 Sancti
687 3061 831 3118 Johaunis
861 3062 899 3118 de
922 3061 997 3118 Stilo
1020 3063 1057 3118 de
1084 3061 1181 3118 insula
1202 3061 1303 3132 Crete,
1336 3062 1454 3119 nomine
1483 3061 1544 3118 dicti

259 3168 429 3226 monasterii
459 3167 559 3226 Sancti
581 3166 725 3225 Johennis
752 3167 790 3223 de
817 3165 892 3223 Stilo
922 3171 953 3223 et
979 3165 1179 3242 procuratorio
1206 3167 1324 3224 nomine
1353 3167 1544 3242 kalogerorun

261 3265 334 3354 [seu]
361 3273 488 3330 fratrum
514 3270 685 3330 monasterii
708 3269 809 3328 Sancti
830 3270 974 3328 Johannis
997 3271 1034 3328 de
1057 3271 1192 3329 Palmosa
1215 3289 1310 3347 nuper
1330 3269 1416 3328 nobis
1439 3271 1545 3328 exstitit

260 3378 465 3454 supplicatum,
494 3378 570 3454 qnod
599 3378 740 3455 quasdam
767 3369 905 3460 [litJtcras
933 3376 1044 3434 eisdem
1073 3377 1110 3434 de
1137 3376 1233 3451 gratia
1258 3376 1351 3434 iactas
1378 3374 1542 3434 extrahendi

260 3483 380 3541 bladum
402 3484 439 3540 de
460 3482 523 3540 suis
545 3482 657 3540 ortibus
680 3483 718 3540 de
741 3481 837 3540 insula
860 3481 946 3538 Crete
969 3500 1022 3558 per
1043 3481 1119 3538 bone
1141 3480 1283 3538 memorie
1305 3479 1404 3538 virum
1426 3481 1543 3537 Lauren-

260 3587 336 3644 tium
358 3586 523 3662 Theupolo,
550 3587 786 3661 predecessorem
809 3591 949 3656 nostrum,
981 3585 1037 3644 sibi
1069 3583 1258 3659 dignaremur
1284 3584 1382 3642 facere
1412 3583 1544 3646 renovari,

262 3710 386 3768 quarum
412 3689 566 3746 literarum
593 3695 679 3748 tenor
705 3710 757 3766 per
779 3690 878 3748 omnia
904 3689 972 3748 talis
994 3695 1052 3747 est:
1084 3689 1285 3746 ‹Laurentius
1307 3687 1470 3765 Theupulu
1497 3685 1542 3745 Dei

262 3795 357 3871 gratia
373 3794 575 3866 venetiarum,
596 3795 744 3852 Dalmatia
766 3800 854 3872 atquc
870 3793 1009 3851 Orchatie
1031 3794 1103 3864 dux,
1127 3793 1263 3850 dominns
1285 3797 1391 3869 quarte
1413 3792 1543 3870 partiaci

262 3899 381 3958 dimidii
396 3898 488 3956 totius
503 3899 623 3975 imperii
636 3892 811 3981 Rom[cni]e‚
828 3897 920 3956 nobili
936 3903 967 3956 et
982 3897 1109 3974 sapienti
1123 3897 1188 3956 viro
1204 3896 1332 3955 Johanui
1349 3891 1498 3975 [Beleni0},
1514 3896 1543 3952 dc

263 4025 313 4064 suo
339 4003 478 4062 mandato
504 4003 602 4060 duche
625 4004 725 4074 Crete,
753 4008 783 4060 et
810 4002 957 4062 nobilibus
980 4002 1067 4074 viris,
1099 4003 1163 4060 eius
1190 4001 1366 4060 consiliariis
1393 4007 1426 4059 et
1450 4001 1543 4058 ceteris

262 4129 363 4168 eorum
383 4107 606 4176 successoribus,
630 4107 765 4164 fidelibus
792 4106 853 4164 suis
876 4107 1001 4178 dilectis,
1027 4109 1150 4165 salntem
1172 4112 1204 4164 et
1226 4105 1396 4164 dilectionis
1418 4106 1542 4164 affectum

264 4257 346 4273 ....
370 4211 470 4270 ficium
497 4217 596 4270 nostre
618 4211 775 4288 prudentie
802 4212 965 4282 literarum,
989 4231 1061 4288 quas
1083 4211 1168 4270 nobis
1190 4203 1300 4294 su[pcr]
1324 4211 1402 4269 facto
1425 4211 1498 4270 bladi
1519 4213 1541 4266 ct

262 4319 414 4376 redituum
443 4317 568 4374 fratrum
596 4316 695 4374 Sancti
718 4317 862 4374 iohannis
892 4318 929 4374 de
956 4307 1127 4398 Palmo[sa]‚
1159 4335 1230 4394 quos
1260 4318 1371 4374 habent
1400 4317 1432 4374 in
1461 4315 1542 4373 insula

263 4423 359 4490 Crete,
388 4441 460 4498 qnos
483 4465 642 4480 .......
671 4425 846 4496 perpetuum
873 4425 1045 4496 preceptum
1072 4427 1103 4478 et
1130 4421 1370 4478 ordinamenturn
1396 4423 1433 4478 dc
1455 4421 1542 4480 volun-

264 4517 347 4607 [tate]
369 4531 469 4584 nostra
491 4545 543 4602 per
562 4545 615 4585 vos
637 4525 748 4582 facturn
771 4525 849 4582 trahi
873 4525 910 4582 de
933 4525 1029 4582 insula
1051 4525 1131 4582 nullo
1154 4517 1251 4607 mo[do
1273 4517 1458 4608 permitte]re
1475 4525 1542 4584 volo

263 4630 349 4688 batis.
372 4631 433 4688 Nos
455 4637 555 4688 autem
578 4629 623 4704 ips
642 4673 736 4688 .....
753 4629 792 4687 tis
814 4629 850 4686 ad
876 4673 1060 4688 ........
1084 4629 1169 4689 vobis
1191 4631 1315 4689 dicendo
1338 4629 1480 4690 mittimus
1501 4647 1542 4706 per
1572 4609 1573 4620 ἵ

265 4739 424 4807 presentes,
456 4753 522 4790 curn
553 4743 672 4808 propter
698 4733 804 4792 samam
836 4734 1016 4792 laudabilem
1038 4741 1068 4792 et
1093 4779 1286 4806 .........
1314 4755 1401 4811 quarn
1424 4735 1541 4792 andium
