3228 5294
262 339 305 403 46

261 537 311 607 τῆς
340 535 432 609 ψυχῆς
462 531 677 613 σίναρριπίζονται
707 532 836 612 πόλεμοι,
866 531 968 606 ἄβατον
999 527 1068 592 εἶναι
1098 533 1147 608 τήν
1174 537 1255 607 νῆσον
1283 533 1380 608 ταύτην
1406 534 1560 591 παντάπασι

262 651 421 735 διορίζεται,
451 652 524 714 καύὰ
553 652 681 730 δηλονότι
710 653 757 714 καί
781 654 796 712 ό
820 639 1023 728 εύλαβέστατος
1053 647 1131 725 οὗτος
1162 653 1230 734 ἀνήρ
1260 655 1309 729 τήν
1338 652 1483 728 βασιλείαν
1512 675 1562 728 μου

261 775 396 856 ᾐτήσατο,
426 773 513 856 πάρεξ
544 777 646 850 μέντοι,
674 777 712 848 ὡς
739 773 854 856 εἴρηται,
881 781 935 835 τῶν
963 775 1084 856 μισθίων,
1112 777 1183 836 ὅσων
1213 778 1357 858 χρῄζουσιν
1387 773 1412 834 οἱ
1445 773 1562 852 μοναχά

262 896 302 968 εἰς
329 896 455 956 δουλείαν
476 903 525 973 τῆς
547 899 639 976 νήσου,
665 896 712 957 καὶ
738 898 837 958 τούτων
868 899 954 976 άζυγα
977 897 1037 971 βίον
1064 898 1184 975 ἐχόντων
1206 895 1254 958 καὶ
1281 897 1364 976 ἐγγύς
1391 896 1486 958 τάλλα
1514 903 1561 970 τῆς

263 1024 417 1098 μσναχικῆς
443 1019 585 1090 πολιτείας
611 1022 811 1098 τυγχανόντων,
840 1021 892 1078 κάν
915 1019 990 1098 μόνῳ
1012 1017 1051 1098 τῷ
1074 1022 1197 1096 σχήματι
1224 1017 1424 1082 διαλλάττοιεν.
1452 1017 1561 1090 καθέξει

263 1138 310 1200 σύν
333 1141 382 1214 τὴν
412 1141 536 1216 τοιαύτην
559 1145 640 1216 νῆσον
668 1140 749 1212 αὐτός
774 1161 805 1200 τε
833 1141 848 1199 ό
874 1140 1013 1212 πολλάκις
1042 1139 1238 1216 μνημονευθείς
1266 1139 1468 1216 εἰιλαβέστατος
1495 1140 1561 1219 ἀνὴρ

264 1262 334 1338 μετὰ
356 1267 409 1322 τῶν
432 1261 476 1322 ὑπ’
501 1263 579 1322 αύτδν
602 1269 745 1342 μοναχῶν,
767 1267 821 1323 τῶν
843 1283 873 1322 τε
896 1267 940 1322 νῦν
964 1262 1048 1322 όντων
1063 1261 1110 1322 καὶ
1126 1267 1179 1322 τῶν
1196 1261 1338 1340 ἐσύστερον
1354 1262 1502 1340 ἐσομένων,
1517 1260 1562 1320 καὶ

264 1384 310 1443 σύν
332 1384 435 1456 τούτοις
457 1384 476 1462 ή
498 1384 573 1465 παρὰ
595 1384 688 1444 τούτου
710 1384 948 1464 ἀνεγερθησομένη
973 1384 1002 1444 ἐν
1024 1389 1058 1465 τῇ
1080 1387 1155 1464 νήσῳ
1183 1380 1288 1463 Πάτμῳ
1310 1382 1370 1464 ἱερὰ
1397 1383 1467 1459 μονὴ
1497 1383 1562 1443 ἀτε-

262 1506 331 1584 λιῖυς,
355 1502 477 1586 ἀβαρῶς,
501 1505 600 1585 κυρίως
621 1504 668 1566 καὶ
691 1507 836 1584 αύθεντῶς,
861 1502 1046 1585 ἀναφαιρέτους
1068 1503 1167 1564 τεκαὶ
1192 1503 1321 1578 αἰωνίως·
1345 1503 1391 1564 καὶ
1414 1505 1508 1576 καθὼς
1529 1508 1561 1563 ἂν

264 1625 406 1708 συνεργοίη
435 1628 520 1706 τούτῳ
547 1628 619 1708 θεός,
647 1613 719 1687 κατὰ
746 1628 777 1687 τό
805 1626 878 1704 αύτῷ
901 1625 1036 1703 βουλητδν
1059 1627 1156 1702 ταύτην
1180 1625 1344 1707 διαθήσοιεν,
1374 1629 1426 1686 κάν
1453 1624 1494 1698 εἰς
1517 1628 1561 1685 εύ-

262 1751 419 1831 ρορωτάτην
441 1769 471 1808 τε
497 1747 545 1809 καὶ
572 1749 735 1828 εύπρόσοδον
756 1755 790 1830 τῇ
814 1746 901 1832 οἰκείᾳ
924 1751 1077 1828 μεταγάγοι
1101 1747 1214 1828 σπουδῇ,
1239 1745 1279 1844 εἰς
1301 1747 1369 1808 ίδιον
1391 1747 1492 1830 κέρδος
1514 1748 1562 1818 τὰς

263 1871 385 1931 ἐντεῦθεν
411 1870 559 1950 προσόδους
585 1869 726 1950 λογίσεται
754 1870 799 1929 σύν
827 1871 885 1946 ἅμα
911 1873 968 1941 τοῖς
989 1867 1033 1930 ὑπ’
1057 1871 1135 1929 αὐτόν
1164 1873 1308 1949 μοναχοῖς,
1332 1869 1370 1944 μὴ
1393 1873 1468 1949 παρά
1491 1889 1560 1939 τινος

166 2021 169 2028 ’
261 1995 293 2053 τό
315 1992 428 2053 σύνολον
450 1993 714 2072 λογοπραγούμενος
735 1995 753 2066 ή
777 1991 999 2071 ἀνακρινόμενος.
1034 1991 1185 2071 ἀποχρῶσα
1212 1993 1305 2066 μέντοι
1332 1991 1406 2051 ἔσται
1432 1991 1518 2068 τούτῳ
1542 1992 1559 2065 ή

264 2113 307 2174 ἐπὶ
329 2121 362 2197 τῇ
384 2115 494 2196 τοιαύτη
517 2116 590 2193 νήσῳ
614 2111 801 2184 διαιωνίζουσα
824 2113 915 2193 δωρεὰ
940 2119 989 2188 τῆς
1016 2112 1160 2188 βασιλείας
1183 2133 1244 2191 μου,
1272 2109 1320 2172 καὶ
1347 2113 1396 2172 ούκ
1423 2109 1477 2184 ἐξω
1504 2118 1557 2170 τῶν

262 2235 342 2318 ὁρίων
365 2237 463 2311 ταύτης
494 2237 557 2296 καθ’
581 2236 676 2315 ἑτέραν
703 2239 784 2310 νῆσον
808 2233 984 2310 ἐπικτήσεταί
1004 2255 1028 2294 τι
1050 2236 1081 2294 τ“ο
1104 2233 1231 2294 σύνολον·
1263 2231 1309 2293 καὶ
1332 2233 1400 2292 αύτδι
1421 2235 1487 2314 γάρ,
1511 2235 1560 2292 ὅσοι

263 2358 292 2416 ἐν
314 2363 347 2440 τῇ
370 2359 444 2436 νήσῳ
471 2357 522 2435 Κῷ
553 2356 719 2431 όθευδήποτε
750 2355 822 2436 αύτῷ
851 2357 1074 2438 προσεποιήθησαν
1106 2357 1188 2436 μέχρι
1214 2359 1260 2416 τού
1288 2358 1342 2434 νύν,
1369 2353 1408 2434 τῷ
1437 2354 1560 2434 δημοσίῳ

263 2479 310 2539 ἅτ’
334 2479 455 2540 ἐντεῦθεν
479 2479 780 2560 προσαρορισύήσονται,
803 2477 851 2538 καὶ
874 2479 913 2552 ὡς
936 2478 1075 2556 μηδέποτε
1097 2483 1130 2560 τῇ
1152 2477 1214 2536 κατ’
1238 2477 1317 2536 αύτδν
1341 2481 1412 2558 μονή
1435 2497 1557 2556 προσαρ-

263 2604 384 2676 μόσαντα
411 2602 632 2681 λογισύήσονται,
660 2597 749 2681 πάρεξ
778 2602 872 2677 μέντοι
898 2604 944 2662 τοῦ
971 2598 1130 2680 ὁλοκλήρου
1156 2597 1274 2676 νησιδίου
1303 2604 1354 2674 τῆς
1388 2597 1484 2674 Λειψὼ
1516 2595 1560 2656 καὶ

262 2729 316 2782 τῶν
340 2723 369 2782 ἐν
390 2729 424 2805 τῇ
447 2724 521 2802 νήσῳ
547 2723 630 2804 Λέρῳ
659 2721 867 2798 δεσποζομένων
893 2723 958 2802 παρ’
982 2721 1062 2782 αύτού
1084 2721 1167 2801 μέχρι
1190 2723 1237 2779 τού
1259 2723 1318 2778 νῦν·
1347 2717 1477 2798 τῶνγὰρ
1501 2739 1557 2778 τοι-

194 2831 199 2844 ’
263 2845 346 2905 ούτων
362 2843 488 2905 δεσπόσει
503 2844 574 2904 κατὰ
589 2845 638 2919 τήν
652 2851 704 2920 τής
723 2843 922 2924 προγεγονυίας
945 2841 1017 2923 αὐτῷ
1032 2841 1107 2924 παρὰ
1128 2847 1179 2918 τῆς
1200 2843 1279 2918 ήμῶν
1301 2842 1493 2920 γαληνότητος
1517 2840 1560 2900 ἐπὶ

262 2967 366 3039 τούτοις
387 2965 595 3047 χρυσοβούλλου
617 2971 724 3046 γραφῆς
746 2965 891 3044 περίληψίν
907 2986 937 3025 τε
959 2961 1006 3024 καὶ
1029 2963 1141 3038 δύναμιν
1161 2961 1208 3023 καὶ
1228 2963 1321 3034 καθὼς
1336 2963 1401 3042 ἄχρι
1415 2969 1465 3038 τῆς
1481 2961 1559 3040 δεῦρο

263 3089 401 3160 δεσπόζων
423 3089 523 3150 τούτων
547 3088 706 3168 ἐτύγχανεν,
730 3089 822 3168 ἕτερον
847 3087 923 3146 δέτι
946 3087 1006 3146 κατ’
1030 3085 1128 3146 ούδένα
1149 3088 1246 3166 τρόπον
1276 3085 1305 3144 ἐν
1328 3084 1459 3167 οίριδήτινι
1483 3087 1559 3162 νήσῳ
1600 3081 1601 3086 ’

263 3209 392 3285 ούδαμῶς
415 3211 595 3286 ἐπικτήσεται.
625 3210 713 3270 αὐτῶν
736 3208 768 3270 δέ
789 3209 889 3269 τούτων
913 3211 1004 3285 μόνων
1026 3205 1143 3282 καὶτῆς
1167 3207 1237 3282 όλης
1258 3209 1341 3284 νήσου
1365 3206 1477 3280 Πάτμου
1501 3208 1559 3265 ὅτε

263 3332 336 3412 ίερδς
366 3327 444 3404 οὗτος
475 3331 543 3412 ἀνήρ
572 3329 618 3390 καί
649 3331 676 3391 οἱ
706 3331 750 3390 ὑπ’
774 3331 852 3391 αύτδυ
880 3329 1035 3405 σύμπαντες
1067 3329 1226 3390 δεσπύσουσι
1255 3325 1384 3406 μοναχοί,
1414 3326 1442 3388 οῗ
1462 3347 1493 3385 τε
1517 3331 1558 3385 νῦν

263 3453 340 3525 ὄντες
365 3452 412 3514 καὶ
439 3453 463 3514 οἱ
491 3453 562 3530 μετὰ
588 3456 672 3514 ταῦτα
694 3453 830 3528 ἐσόμενοι.
855 3452 894 3512 ἔτι
922 3451 954 3512 δὲ
980 3449 1027 3511 καὶ
1054 3453 1071 3526 ή
1101 3450 1129 3510 ἐν
1156 3455 1189 3532 τῇ
1216 3451 1291 3528 νήσῳ
1318 3455 1351 3531 τῇ
1379 3448 1496 3528 Πάτμῳ,
1524 3449 1560 3516 ὡς

264 3574 378 3656 εἴρηται,
409 3575 443 3634 ἐκ
471 3581 569 3650 καινῆς
600 3574 838 3655 άνεγερθησομένη
870 3572 1008 3650 σεβασμία
1038 3573 1107 3648 μονὴ
1139 3571 1213 3630 ἔσται
1245 3573 1427 3652 κυριαρχούσα
1460 3569 1559 3630 τούτων

264 3695 483 3778 άπαρασπάστως
505 3717 535 3754 τε
556 3695 604 3756 καὶ
627 3692 853 3776 ἀνυπεξαῳέτιυς,
878 3696 917 3766 ὡς
938 3696 1027 3769 πάσης
1043 3698 1204 3774 οεκρετικῆς
1227 3691 1424 3775 εύρεσιλογίας,
1449 3691 1559 3768 μᾶλλον

263 3818 295 3878 δὲ
317 3816 526 3898 γλωσσαλγίας,
554 3819 744 3897 ύπερτεροῦσα,
772 3815 819 3877 καὶ
847 3816 1016 3876 άδιάσειστον
1044 3813 1091 3874 καὶ
1118 3814 1312 3896 ἀπερίτρεπτον
1338 3813 1387 3889 τήν
1411 3813 1453 3874 ἐπ’
1478 3815 1559 3888 αύτής
1600 3895 1601 3900 ¹

263 3933 422 4000 δεσποτείαν
453 3939 528 4017 ἔχειν
557 3935 703 4018 δρείλουσα
726 3935 766 4010 εἰς
792 3939 837 3998 σὀν
866 3936 952 3998 αἰῶνα
977 3939 1023 3997 τδν
1052 3938 1167 3997 ἅπαντα.
1202 3937 1263 4012 ἥτις
1289 3933 1336 3996 καὶ
1363 3934 1560 4002 αύτοδέσποτσς

261 4059 308 4120 καὶ
333 4058 503 4132 αύτεξούσιος
526 4059 596 4136 μετά
622 4064 671 4135 τῆς
699 4060 769 4135 ύλης
795 4061 877 4136 νήσου
905 4057 1029 4134 διαμενεῖ
1051 4058 1136 4137 ἐσαεί,
1159 4059 1222 4118 καθ’
1246 4058 1343 4132 ἑαυτήν
1366 4056 1492 4134 ἀγομένη
1516 4053 1558 4116 καί

263 4183 454 4260 διευθυνομένη
477 4181 548 4242 κατὰ
570 4183 600 4242 τδ
623 4181 731 4256 μέλλον
755 4181 799 4242 ἐπὶ
821 4181 904 4262 ταύτῃ
926 4181 1054 4258 γενέσθαι
1077 4181 1185 4240 τυπικδν
1208 4177 1256 4238 καὶ
1275 4177 1324 4252 τήν
1341 4175 1463 4250 διάταξιν
1485 4175 1559 4258 παρὰ

262 4307 309 4364 τοῦ
335 4304 509 4381 δηλωθέντος
537 4299 672 4377 εύλαβδῦς
700 4307 822 4381 μοναχσύ
848 4301 1049 4382 Χριστοδούλου
1075 4299 1122 4362 καὶ
1149 4303 1291 4383 κτήτορες,
1318 4297 1366 4361 καί
1394 4297 1455 4360 ούτε
1483 4301 1557 4374 αύτη,

262 4423 324 4486 ούτε
346 4426 380 4485 τά
402 4425 445 4485 ὑπ’
470 4427 563 4504 αύτήν,
587 4427 626 4496 ὡς
648 4423 890 4504 άνωύεννείρηται,
913 4421 969 4483 οὔδ’
991 4424 1010 4497 ή
1032 4429 1115 4498 νῆσος
1142 4423 1209 4497 αύτή
1236 4423 1286 4482 ύπδ
1309 4421 1441 4498 βασιλικὰ
1462 4424 1480 4494 ἢ
1504 4442 1558 4482 πα-

262 4548 407 4629 τριαρχυιὰ
433 4549 451 4621 ἢ
480 4545 696 4627 μητροπολιτικὰ
722 4549 740 4620 ή
769 4545 930 4616 ἐπισκοπικόι
956 4547 974 4620 ἦ
1003 4543 1217 4619 ἐκκλησιαστικά
1239 4546 1257 4618 ἢ
1280 4544 1330 4602 ύπό
1352 4511 1424 4603 τιναΙ
1438 4541 1558 4602 ἰδιωτικὰ

262 4671 448 4750 ύπαχθήσεται
481 4671 556 4740 όλως
585 4668 727 4749 πρόσωπα,
757 4666 817 4728 οὔτε
849 4669 903 4742 μὴν
934 4665 1070 4746 ἐξόριστός
1100 4687 1140 4736 τις
1172 4666 1356 4744 πεμρδήσεται
1389 4667 1502 4724 πώποτε
1532 4666 1558 4722 ἐν
