3184 5288
264 351 305 415 86

263 545 368 605 νελλον
398 551 446 621 τὴς
476 545 539 624 παρ’
569 545 636 620 ἐμοῦ
672 544 816 624 γεγονυίας
852 551 982 619 μυστικῆς
1016 545 1150 620 διαβὴκης
1184 545 1365 622 ἀναπληρῶν,
1394 547 1482 623 χάριτι
1506 555 1537 604 τοὶ
1574 539 1575 544 ’

263 666 354 744 κυρίου
376 665 456 742 ἡμῶν
481 666 571 741 Ἰησοῦ
593 667 720 745 Χριστοῦ,
744 668 819 736 σῦας
846 663 893 724 καὶ
922 665 1080 744 ἐρρωμένας
1102 664 1151 736 τὰς
1173 665 1234 724 κατ’
1258 665 1374 739 ἐμαυτὴν
1397 668 1491 746 φρένας
1510 716 1515 725 .
1572 675 1575 769 ,’

265 832 400 847 .....
427 785 578 866 διορίζομαι
607 785 654 846 καὶ
684 790 777 846 τοῦτο·
812 787 850 856 ὡς
880 787 913 844 ἂν
944 786 1020 863 ἔχειν
1049 783 1170 857 ἐξουσίαν
1197 786 1242 845 τὺν
1268 788 1469 866 χαριστικάριέν
1493 809 1537 861 ραν,
1572 772 1575 837 ἰ

263 912 312 986 κῦρ
335 906 485 969 Θεοδόσιον
507 906 552 966 τδν
579 911 624 966 τοῦ
647 906 819 987 Καστρισίου,
847 907 877 966 τδ
899 909 1080 980 πνευματικόν
1107 927 1159 982 μου
1180 906 1296 986 παιδίον,
1320 910 1366 967 τοῦ
1387 901 1539 986 προῖστασία

266 1075 630 1090 ............
653 1033 707 1087 τῶν
734 1035 865 1106 μοναχῶν
890 1077 897 1090 .
923 1076 929 1090 .
955 1075 961 1088 .
987 1073 994 1088 .
1020 1077 1027 1090 .
1052 1079 1058 1089 .
1083 1075 1089 1087 .
1115 1077 1120 1088 .
1145 1028 1192 1088 καί
1219 1029 1364 1088 διευθετεῖν
1396 1030 1494 1088 ἅπαντα
1516 1031 1540 1086 τὰ

264 1156 314 1228 τῆς
345 1156 432 1225 μονῆς
462 1147 520 1210 ἀντ’
552 1152 641 1210 αὑτοῦ.
673 1145 743 1210 είναι
774 1149 805 1209 δὲ
835 1151 880 1210 τδν
910 1155 1028 1210 τοιοῦτον
1053 1197 1188 1213 .....
1218 1149 1264 1210 καὶ
1293 1195 1487 1212 .......
1507 1149 1541 1209 καὶ
1584 1147 1585 1150 ’

263 1273 364 1333 πιστόν.
395 1270 443 1331 καὶ
471 1273 523 1352 πφδ
553 1274 660 1330 πάντων
692 1271 772 1348 ἔχετε
801 1273 846 1330 τδν
876 1275 923 1331 τοῦ
949 1273 1011 1331 θεοῦ
1041 1270 1124 1351 φόβον
1156 1317 1421 1333 .........
1451 1271 1541 1342 ἀδόλως

266 1439 402 1454 .....
400 1404 407 1416 ’
428 1441 434 1454 .
460 1441 466 1454 .
491 1439 498 1452 .
523 1443 529 1455 .
556 1439 562 1454 .
588 1440 594 1453 .
618 1393 683 1472 παρ’
700 1391 789 1453 αὑτοῦ.
814 1392 1014 1468 καταλιμπάνω
1038 1393 1069 1452 δὲ
1092 1392 1190 1472 ἀρτίως
1211 1395 1257 1452 τδν
1281 1395 1403 1471 μοναχὴν
1425 1393 1541 1471 Νεάφυτον

266 1510 445 1599 [δοχειὴάριον
475 1515 504 1573 ἐν
534 1519 567 1594 τὴ
596 1515 677 1588 ἡμῶν
708 1520 788 1596 μονῇ,
819 1515 856 1585 ὡς
888 1517 920 1573 ἂν
951 1512 1082 1596 οίκσνομῇ
1108 1513 1156 1574 καὶ
1183 1515 1271 1596 δισικῇ
1298 1514 1333 1573 τὰ
1358 1521 1412 1573 τῶν
1439 1514 1480 1572 ὑπ’
1505 1514 1543 1588 ἐμὲ

267 1641 398 1714 μοναχῶν
424 1637 521 1714 πάντα,
553 1635 628 1712 ἐχειν
655 1639 747 1696 τοῦτον
773 1641 862 1696 πᾶσαν
890 1635 1027 1714 ὑποταγὴν
1054 1637 1121 1716 πρδς
1147 1636 1193 1695 τὀν
1220 1635 1335 1716 ῥηθέντα
1356 1638 1543 1718 ,χαριστοιάριὲν
1584 1633 1585 1664 ³

267 1777 318 1832 μου
340 1761 415 1838 κῦριν
437 1756 596 1819 θεοδὺοιον.
625 1751 703 1829 οὑτος
726 1758 741 1816 ὑ
763 1757 856 1838 ῥηθείς
879 1755 1062 1834 οἰκονομεῦειν
1086 1762 1164 1833 (sic)¹
1189 1756 1212 1817 εἰ
1236 1757 1268 1818 δὲ
1291 1759 1340 1818 οὑκ
1369 1758 1407 1817 ἔνι
1430 1757 1468 1830 εἰς
1488 1757 1543 1816 ἀνοῖ-
1584 1755 1585 1784 ³

266 1900 362 1938 παυσιν
391 1880 469 1940 αὑτοῦ
496 1899 527 1939 τε
553 1877 601 1939 καὶ
627 1884 681 1940 τῶν
709 1885 850 1961 μοναχῶν,
878 1877 949 1955 μετὰ
975 1879 1024 1950 τὰς
1053 1879 1218 1954 ἐπιτιμήσεις
1246 1878 1293 1940 δύο
1314 1882 1332 1953 ὴ
1355 1882 1437 1960 τρεῖς,
1465 1877 1487 1938 εί
1507 1879 1545 1952 μὲν
1584 1879 1585 1884 ’

264 2000 467 2074 καταλιμπάνει
495 2001 574 2071 αὑτδς
602 2001 755 2080 σκάνδαλα,
783 1999 830 2060 καί
856 2000 960 2076 βάλλει
988 2000 1076 2080 ἀρχὴν
1102 2001 1170 2080 πρὸς
1191 2002 1237 2060 τδν
1259 2003 1471 2082 χαριστικάριον,
1493 1997 1544 2071 ἑξο-

267 2121 474 2199 μολογοῦμενος
496 2121 527 2180 τδ
549 2120 617 2181 ἰδιον
639 2125 760 2197 πταῖσμα
783 2123 874 2203 αὑτοῦ,
903 2123 983 2182 ἔστω·
1009 2119 1032 2180 εἰ
1056 2120 1081 2179 δ’
1094 2119 1150 2202 οὑν,
1178 2121 1378 2182 ἀποδιώκεσθαι
1405 2121 1547 2182 τοῦτονκαὶ
1584 2147 1585 2152 ¹

265 2244 352 2302 ποιεῖν
379 2241 436 2300 ἀντ’
465 2241 544 2300 αὑτοῦ
570 2243 616 2300 τὴν
644 2241 786 2316 μέλλοντα
814 2241 926 2312 δικαίως
952 2241 999 2302 καὶ
1026 2243 1145 2317 εὐσεβῶς
1168 2242 1280 2302 διοικεῖν
1303 2245 1409 2303 ἅπαντα
1431 2264 1464 2304 τα
1486 2291 1492 2304 .
1515 2287 1548 2301 ..
1582 2257 1585 2272 ”

268 2407 825 2425 ..................
852 2360 891 2434 εἰς
914 2363 1060 2422 ἀνάπαυσιν
1080 2369 1134 2422 τῶν
1149 2369 1290 2442 μοναχῶν,
1308 2362 1368 2423 ἐπεὶ
1383 2365 1429 2424 τδν
1442 2365 1548 2444 παρόντι
1582 2363 1585 2414 ί

265 2487 468 2565 χαριστικάριον
490 2485 581 2564 κῦριον
603 2483 650 2544 καί
678 2482 846 2556 αὑτεξσῦσισν
872 2485 1010 2558 πεποίηκα
1038 2483 1077 2556 είς
1102 2486 1151 2559 τὴν
1178 2483 1221 2544 ὑπ’
1253 2485 1305 2561 ἐμὲ
1335 2486 1421 2560 μονὴ-ν
1443 2484 1561 2553 καὶτῶν,

268 2607 311 2665 ὑπ’
335 2606 417 2680 αὑτὴν
439 2608 557 2683 πάντων,
580 2605 673 2678 καθὼς
695 2603 742 2665 καὶ
766 2605 823 2684 ἐγὼ
846 2601 923 2684 εἶχον
946 2606 994 2680 τὴν
1019 2603 1140 2679 ἐξουσίαν
1165 2607 1193 2665 ἐν
1215 2613 1248 2688 τῇ
1272 2609 1329 2688 ζωῇ
1352 2605 1399 2666 καὶ
1420 2609 1494 2689 χαρᾷ
1513 2614 1550 2664 τοῦ

266 2732 395 2808 κραταιοῦ
417 2725 463 2786 καὶ
487 2725 565 2804 άγίου
593 2729 672 2802 ἡμῶν
701 2727 849 2806 βασιλέως,
877 2728 916 2803 μὴ
945 2729 1020 2805 ἐχειν
1049 2725 1172 2800 ἐξουσίαν
1199 2729 1245 2787 τδν
1271 2730 1477 2809 προϊστάμενον,
1497 2729 1551 2786 ἄνευ

267 2849 399 2922 είδήσεως
426 2846 473 2906 καὶ
501 2847 604 2922 βουλῆς
631 2851 677 2906 τοῦ
699 2848 911 2928 χαριοτικαρίου,
935 2845 1061 2926 πράττειν
1084 2852 1102 2922 ἢ
1124 2852 1210 2908 ποιεῖν
1229 2869 1253 2908 τι
1275 2849 1306 2908 τδ
1329 2847 1432 2909 σίονοῦν
1456 2849 1552 2907 ἐκτῶν

267 2971 423 3044 ἀνηκόντων
447 2969 578 3029 δουλειῶν
601 2975 651 3044 τῆς
671 2969 754 3045 αὑτὴς
770 2976 866 3044 μονῆς,
883 2969 960 3030 ἀλλὰ
979 2971 1050 3044 μετὰ
1065 2970 1169 3046 βουλῆς
1189 2973 1269 3030 αὑτοῦ
1291 2973 1379 3029 πάντα
1402 2967 1550 3044 οἰκονομεῖν,

266 3093 384 3151 τίνεσθαι
407 3093 439 3150 δὲ
462 3091 628 3166 ἐντέλλομαι
652 3092 736 3168 εὑγδις
758 3098 812 3150 τῶν
836 3099 965 3169 μονογῶν
991 3091 1063 3151 κατὰ
1077 3093 1107 3151 τ“ο
1123 3091 1185 3151 δέον
1201 3085 1249 3151 καί
1266 3087 1334 3177 [τὴν]
1351 3090 1489 3172 ἀκρίβειαν
1513 3097 1553 3164 τὴς

267 3219 422 3290 μοναχικῆς
450 3210 564 3292 τάξεως,
592 3213 639 3272 καὶ
666 3213 737 3272 κατὰ
764 3213 811 3288 τὴν
839 3212 950 3293 ὑπαρξιν
978 3211 1024 3273 καὶ
1052 3213 1163 3288 δύναμιν
1192 3219 1242 3290 τὴς
1264 3213 1388 3287 τοιαὺτης
1416 3219 1507 3289 μονῆς.
1530 3211 1553 3269 ἐν

267 3335 298 3392 δέ
320 3340 353 3415 τῇ
372 3307 496 3420 Ι’τραπέζῃ
523 3339 576 3392 τῶν
600 3339 729 3412 μοναχῶν
756 3331 808 3409 μὴ’
824 3335 898 3411 ἔχειν
930 3331 1051 3406 ἐξουσίαν
1078 3338 1124 3394 τοῦ
1147 3336 1309 3404 καῦέζεσίλαι
1332 3337 1462 3410 κοσμικδν
1485 3335 1553 3402 ἐκτος

266 3459 312 3513 τοῦ
340 3455 449 3534 ίίάσχα,
477 3459 528 3529 τὴς
556 3455 755 3534 Πεντηκοστὴς,
782 3459 828 3514 τοῦ
855 3455 1087 3536 Δωδεκαημέρου,
1117 3457 1172 3516 τῶν
1199 3454 1284 3533 ἁγίων
1312 3456 1487 3516 Ἀποστῦλων
1514 3452 1554 3512 καὶ

268 3580 318 3649 τῆς
344 3575 469 3655 Τυρινῆς.
501 3575 563 3646 τοὺς
590 3575 622 3635 δέ
648 3577 796 3656 ὑπουργοὺς
822 3577 884 3646 τοὺς
912 3577 1092 3649 δουλεῦοντας
1118 3583 1151 3659 τῇ
1179 3583 1249 3659 μονῇ
1277 3579 1316 3654 μὴ
1344 3579 1419 3655 ἔχειν
1444 3575 1555 3648 ἐξουσίαν

270 3697 432 3766 καθέζεσθαι
464 3697 492 3755 ἐν
521 3702 555 3779 τῇ
581 3698 701 3778 τραπέζῃ
732 3701 750 3770 ὴ
777 3692 849 3758 οἶνον
882 3697 978 3776 πίνειν,
1010 3701 1063 3771 ἕως
1093 3701 1153 3758 ὅπου
1180 3701 1279 3778 φέρωσι
1305 3699 1455 3778 γενειάδα·
1481 3697 1504 3756 εί
1529 3697 1555 3754 δὲ

271 3817 322 3878 είσῖ
344 3821 448 3897 σπανοί,
473 3819 603 3898 διακρίνοι
619 3820 712 3891 αὑτοὺς
736 3822 795 3879 ὅτε
810 3824 1012 3900 χαριστικάρισς
1028 3823 1114 3880 αὑτῶν
1130 3819 1177 3880 καὶ
1192 3819 1217 3880 οἱ
1234 3820 1444 3896 ἐπιμελούμενοι
1466 3821 1557 3900 ἀρετὴς

270 3941 396 4018 μοναχοί.
425 3942 499 4018 ἔχειν
529 3941 560 4001 δὲ
586 3941 648 4013 τοῦς
675 3941 814 4019 μοναχοὺς
839 3947 927 4002 πᾶσαν
956 3943 1094 4021 ὑποταγὴν
1122 3941 1161 4014 εἰς
1189 3944 1233 4002 τδν
1256 3945 1453 4022 προϊστάμενον
1475 3942 1557 4010 αὑτοῖς

270 4062 433 4142 οἰκονομεῖν,
457 4063 549 4135 καθὼς
571 4061 618 4122 καὶ
641 4057 718 4134 οὗτος
734 4063 837 4142 δφείλει
854 4064 927 4140 ἔχειν
943 4065 1080 4140 ὑποταγὴν
1094 4066 1162 4144 πρδς
1185 4066 1230 4123 τὀν
1252 4067 1454 4144 χαριστικοῖριον
1476 4065 1557 4123 αὑτοῦ.
1584 4055 1585 4100 3

270 4183 300 4242 σὺ
324 4183 369 4262 δέ,
392 4186 487 4243 τέκνον
515 4184 654 4263 Ἐπιφάνιε
681 4187 870 4265 γραμματικέ,
899 4185 1061 4264 ἀγωνίσθητι
1090 4185 1237 4246 τελειῶσαι
1259 4187 1307 4261 τὴν
1330 4186 1494 4266 φιλοσοφίαν,
1517 4183 1560 4243 καὶ
1584 4159 1585 4204 1

270 4305 405 4384 ἄρχεσθαι
427 4306 476 4379 τὴν
499 4301 605 4365 αἰώνιον
629 4305 786 4385 φιλοσοφίαν
810 4309 848 4381 μὴ
872 4309 1069 4386 παραιτεῖσθαι,
1087 4307 1164 4368 ἀλλὰ
1182 4307 1229 4367 καὶ
1251 4305 1290 4385 τῷ
1312 4307 1377 4386 θείῳ
1401 4329 1447 4367 σου
1468 4307 1559 4378 ταύτην
1584 4373 1585 4376 ¹

272 4425 425 4486 ἐκπαίδευε.
452 4425 482 4484 τὰ
506 4427 537 4485 δὲ
561 4427 732 4501 δικαιώματα
754 4431 841 4486 πάντα
868 4429 901 4486 τά
923 4434 972 4504 τὴς
995 4434 1091 4510 μονῆς,
1115 4431 1264 4509 Ἐπιφοίνιε,
1294 4430 1338 4489 διά
1361 4433 1406 4490 τδν
1433 4431 1493 4489 θεδν
1518 4427 1561 4487 καὶ

270 4545 315 4604 ’ίνα
342 4547 411 4627 ἔχῃς
437 4549 485 4620 τὴν
514 4549 597 4624 εὑχιὴν
621 4553 682 4626 μὸυ,
711 4549 749 4623 μὴ
771 4551 884 4627 γένηται
911 4549 1052 4629 άποκρυβή
1080 4571 1151 4623 τινος
1173 4550 1380 4630 χρυσοβοὺλλου
1402 4555 1421 4627 ἢ
1443 4559 1496 4611 τῶν
1517 4563 1585 4608 τυ-’

271 4669 377 4744 χὸντων
400 4667 496 4726 ἀλλων
520 4671 538 4742 ἢ
559 4673 613 4726 τῶν
637 4667 762 4747 βιβλίων,
786 4663 823 4729 ὧν
847 4671 922 4748 ἔχεις
947 4672 1045 4751 αὑτάθι,
1070 4673 1146 4732 ἀλλὰ
1168 4676 1256 4733 πάντα
1279 4680 1338 4734 σῶα
1359 4674 1408 4734 καὶ
1431 4673 1562 4746 ἀνελλιπῆ
