3228 5294
1325 318 1346 386 5

70 502 287 588 τρωτοβεστιαρίῳ
310 507 357 568 καί
379 507 497 588 μεγάλῳ
520 507 683 588 δομεστίκῳ,
706 509 779 590 κυρῷ
795 511 958 592 Ἀνδρονίκῳ
981 509 1020 590 τῷ
1035 512 1136 594 Δοίικᾳ,
1160 511 1222 571 δέον
1245 513 1275 572 σὲ
1295 512 1347 572 άπ·

67 629 149 688 ελθεῑν
168 627 214 688 καί
238 629 406 710 παραδοῦναι
433 628 481 690 καί
506 632 538 690 τό
563 629 780 712 οίκοπροάστειον
807 631 854 707 τὴν
876 633 961 712 Βάριν
988 633 1035 694 σὺν
1060 637 1117 706 τοῖς
1143 633 1249 706 λοιποῖς
1275 655 1346 714 προ-

67 751 169 822 αστείοις
199 753 256 821 τοῖς
288 752 519 831 παρεκβληθεῖσιν
553 751 606 812 σἰπδ
640 758 689 828 τῆς
722 759 775 812 τῶν
805 753 969 814 Ἀλωπεκῶν
1000 755 1169 834 ἐπισκέψεως
1199 755 1273 835 παρὰ
1300 761 1347 818 τοῦ

66 873 264 952 λσγαριαῖοντος
285 873 394 952 ταότας,
418 873 447 932 έν
469 873 625 953 καταστίχῳ
646 873 710 954 παρ’
728 875 806 934 αδτοιῖ
828 875 1076 956 ὑπογεγραμμένην,
1099 877 1114 936 δ
1134 867 1181 936 καί
1196 877 1346 952 συνεβουλ-

65 995 131 1069 λῶθη
152 992 190 1072 τῷ
212 995 321 1074 παρόντι
345 994 492 1071 ἑντάλμσιι
514 993 561 1056 καὶ
585 995 667 1072 ἐδόθη
694 1015 745 1056 σοι.
782 995 845 1056 δέον
868 1017 900 1056 σε
921 999 1144 1077 παραγενόμενον
1165 998 1257 1060 ἐκεῖσε
1276 998 1345 1058 ἀνα-

65 1115 186 1188 λαβέσθαι
207 1117 237 1176 τδ
264 1117 411 1196 πρακτικὸν
439 1118 492 1178 άπδ
519 1117 636 1197 Νικήτα,
667 1117 764 1198 ἱερέως
792 1115 839 1178 καί
865 1121 1122 1199 πρωτοκουράτορος
1146 1125 1197 1196 τῖγς
1222 1121 1347 1198 τοιαίιτης

66 1237 231 1317 ἐπισκέψεως,
255 1239 321 1318 ὅπερ
345 1238 415 1300 ἐστίν
438 1237 559 1300 ίσθονπον
579 1240 630 1316 μέν
649 1239 720 1300 κατὰ
738 1242 827 1300 πάντα
845 1239 883 1320 τῷ
903 1240 1077 1320 πρωτοτόπῳ,
1101 1240 1346 1324 ὑπογεγραμμένον

66 1358 152 1419 δὲκαὶ
174 1359 388 1440 ἑσμραγισμένον
414 1361 479 1441 παρ’
499 1361 578 1436 ἡμῶν
604 1359 651 1420 καί
676 1362 839 1438 ποιήσασθαι
866 1363 915 1438 τὴν
941 1363 1091 1442 παράδοσιν
1118 1364 1179 1422 κατ’
1201 1362 1266 1423 αθτδ
1292 1369 1346 1423 τῶν

66 1481 258 1560 ἑνκσταστίχῳ
280 1481 528 1562 παρεκβληθέντων
550 1481 727 1562 προαστείων,
750 1484 817 1562 ὅπερ
839 1481 877 1562 τῷ
898 1483 1047 1560 έντάλματί
1064 1505 1109 1544 σου
1125 1484 1346 1565 συνεβουλλῶθη,

64 1601 176 1663 καὶτῶν
204 1603 234 1662 ἐν
260 1602 333 1682 αυτῷ
359 1601 467 1664 πάντων
491 1602 641 1684 παροίκων,
664 1605 780 1684 σπόρων,
803 1599 962 1684 ζευγαρίων,
985 1611 1157 1684 γεηπονικῶν
1181 1605 1344 1684 ἐργαλείων,

65 1725 223 1802 καιροτελῶν
240 1725 403 1806 αθτσυργίων
423 1723 470 1786 καί
489 1726 589 1801 λοιπῆς
609 1725 717 1800 ἁπάσης
740 1725 868 1808 ένθηκης,
891 1727 977 1805 ζώων,
1002 1726 1108 1806 ἀνδρῶν
1123 1746 1154 1786 τε
1169 1724 1216 1786 καί
1230 1727 1345 1806 λοιπῶν,

66 1849 118 1906 heu
130 1852 182 1906 τῶν
197 1847 351 1928 φορβάδων,
372 1849 440 1928 πρδς
457 1849 488 1908 τδ
508 1850 592 1927 μέρος
611 1851 657 1908 τοῦ
672 1848 799 1908 σθθέντου
814 1848 893 1922 ἡμῶν
908 1851 955 1908 τοῖι
969 1849 1220 1930 πανυπερλάμπρου
1235 1869 1345 1928 πρωτο-

64 1968 192 2050 προέδρου,
218 1968 461 2050 προποβεστισρίσυ
487 1967 533 2029 καί
561 1970 686 2047 μεγάλου
714 1969 883 2048 δομεστίκσυ,
911 1974 958 2030 τοῦ
984 1973 1165 2051 περιποθήτου
1194 1967 1345 2050 έξοδέλρσυ

64 2094 103 2150 τοῦ
121 2094 247 2170 κραταιοῦ
269 2089 316 2152 καὶ
338 2091 416 2169 ἁγίου
435 2092 515 2166 ἡμῶν
534 2091 678 2166 βασιλέως.
710 2089 773 2152 δέον
788 2113 820 2152 σε
828 2091 1002 2172 παραδοῦναι
1017 2090 1064 2152 καί
1080 2093 1168 2152 πάντα
1183 2091 1216 2152 τὰ
1231 2092 1346 2167 ἀκίνητα

65 2210 144 2271 δίκαια
164 2219 217 2272 τῶν
239 2213 366 2274 τοιούτων
387 2213 562 2292 προαστείων,
586 2215 625 2286 ῶς
648 2216 680 2272 ἂν
703 2213 904 2289 άκαινοτόμητα
928 2214 1110 2284 δεσπόζονται
1129 2214 1205 2294 παρὰ
1226 2218 1272 2273 τοῦ
1295 2215 1345 2273 αδ-

64 2335 143 2396 θὲντου
164 2337 253 2413 ἡμῶν,
281 2337 327 2394 τοῦ
349 2334 573 2414 πρωτοπροέδρσυ
595 2339 675 2416 κυροῶ
698 2334 878 2415 Ἀνδρονίκου,
906 2335 999 2408 καθὼς
1025 2334 1072 2394 καί
1094 2335 1168 2415 παρὰ
1190 2339 1236 2396 τοῦ
1259 2335 1344 2412 δημο-

64 2451 110 2514 σίου
131 2456 318 2536 ἑδεσπόζοντο,
342 2455 387 2516 ἀπ’
408 2456 491 2534 αθτῆς
514 2455 605 2535 ἀρχῆς
626 2463 676 2531 τῆς
696 2457 833 2534 παραίσης
857 2456 1006 2530 ἑνδεκάτης
1029 2455 1204 2538 ἰνδικτιῶνος,
1232 2456 1345 2534 ποίησον

65 2575 149 2636 δὲκαὶ
171 2577 282 2658 ἔρευναν
303 2575 366 2658 περὶ
388 2583 438 2654 τῆς
459 2578 593 2658 προσόδου
614 2583 664 2654 τῆς
686 2579 810 2654 τοισάπης
833 2578 989 2659 ἐγχρονίας,
1012 2576 1059 2638 καί
1080 2577 1106 2638 εί
1120 2599 1145 2638 τι
1166 2579 1198 2637 διν
1218 2579 1344 2661 εδρήσῃς,

64 2697 194 2776 ῖπαιτηθὲν
215 2699 291 2780 παρὰ
312 2703 358 2760 τοῖι
379 2697 643 2780 πρωτσκουράτορος,
667 2699 841 2780 ἀντίστρεψον
859 2704 953 2780 ταῦτα,
976 2699 1046 2760 κατὰ
1067 2701 1115 2775 τὴν
1130 2699 1277 2778 περίληψιν
1297 2705 1346 2776 τῆς

64 2818 221 2900 προστάξεως
240 2825 288 2882 τοῦ
309 2818 450 2900 κρατίστου
471 2821 550 2895 ἡμῶν
574 2819 722 2900 βασιλέως,
745 2821 812 2900 πρδς
834 2822 865 2880 τδ
889 2823 971 2900 μέρος
994 2825 1040 2882 τσῦ
1059 2821 1284 2901 πρωτσπροέδρσυ
1298 2820 1345 2880 καὶ

64 2941 302 3024 τρωτσβεστυαρίου.
341 2943 404 3004 δέον
426 2933 458 3004 οὲ
479 2939 614 3022 πρακτικὰ
641 2943 767 3004 ἐκθέσθαι
794 2941 841 3004 δύο
868 2951 917 3019 τῆς
943 2943 1133 3023 παραδόσεως,
1162 2941 1208 3003 καὶ
1236 2944 1266 3002 τδ
1294 2943 1345 3018 μὲν

64 3065 159 3144 ἓνπρδς
173 3067 203 3125 τ“ο
219 3066 347 3146 σε’κρετον
362 3064 537 3142 ἀποκομίσαι,
560 3065 805 3144 ὑπογεγραμμένον
825 3063 871 3124 καὶ
893 3064 1133 3142 βεβουλλωμένον,
1158 3066 1187 3124 τδ
1211 3063 1235 3124 δ’
1252 3065 1344 3144 ἕτερον

65 3187 176 3258 ίιοαίτως
199 3188 334 3247 ἐπιδοῦναι
356 3187 425 3265 πρδς
445 3187 476 3245 τδ
499 3188 582 3264 μέρος
603 3191 649 3248 τοῖν
672 3188 797 3266 μεγάλου
820 3185 989 3262 δσμεστίκου.
1030 3185 1075 3246 ἐπί
1105 3187 1190 3264 τούτῳ
1218 3185 1271 3265 γάρ
1297 3185 1345 3246 καί

66 3309 89 3364 τό
107 3311 186 3388 παρὀν
210 3309 335 3382 έντσλμα
357 3309 479 3382 συνήθως
499 3308 631 3368 πιστωθέν
655 3307 771 3383 ἐπεδόθη
800 3329 851 3388 σοι,
880 3307 957 3385 μηνί
984 3307 1039 3368 καί
1067 3307 1250 3368 ίνδικτιῶνι
1276 3311 1346 3379 τοῖς

65 3431 405 3512 προγεγραμμένοις.»

153 3553 231 3611 Οότω
245 3555 292 3611 τοῦ
309 3551 479 3626 ἐντάλματος
495 3550 732 3626 διαλαμβάνοντος
747 3549 860 3627 ἐποίησα
880 3552 929 3626 τἠν
948 3550 1097 3630 παράδοσιν
1118 3551 1216 3620 σθτως·
1241 3549 1343 3610 Οίκο-
1393 3635 1394 3638 ¹

65 3675 244 3748 προάστειον
274 3675 292 3748 ἡ
323 3673 424 3752 Βάρις
452 3678 507 3734 τοῦ
539 3675 818 3752 Βαρσσικσυτινοῶ.
869 3674 1004 3748 ἐκκλησία
1035 3674 1212 3753 ἑγχὼρηγος,
1243 3673 1344 3752 τρουλ-

67 3793 139 3876 λωτιί,
166 3795 356 3872 βασταζομένη
385 3796 434 3854 ὑπο
460 3797 557 3855 κιόνων
585 3795 666 3874 ὀκτώ,
697 3795 767 3870 μετὰ
793 3793 840 3856 καὶ
867 3800 920 3856 τῶν
951 3797 1111 3876 καταγόμων
1142 3795 1224 3870 αὺτῆς
1256 3797 1343 3873 σὼων,

67 3916 125 3986 μετὰ
143 3917 188 3976 καίΙ
208 3921 256 3978 τοῦ
278 3919 414 3996 νάρθηκος
435 3915 481 3976 καί
508 3921 562 3976 τῶν
588 3917 812 3996 κατηχουμένων,
841 3919 1064 3996 μαρμαρόπατσς,
1094 3917 1195 3994 ἔχουσα
1217 3915 1345 3996 σταυροὺς

66 4037 174 4110 χαλκοῦς
193 4041 279 4120 τρεῖς·
304 4037 384 4100 εἰκὼν
406 4039 424 4112 ἡ
448 4038 606 4120 σταίρωσις,
628 4041 789 4118 καμαρωτη,
813 4036 858 4098 διὰ
883 4043 990 4116 χρυσῶν
1017 4039 1159 4096 πετάλων·
1188 4039 1279 4117 ἕτεραι
1302 4035 1343 4096 εί-

67 4159 133 4230 κόνες
158 4161 202 4220 διὰ
226 4165 336 4241 χρυσῶν
362 4159 491 4219 πετάλων
519 4159 612 4240 μικραὶ
641 4160 722 4219 ἑπτά·
754 4162 843 4240 ἕτεραι
874 4157 980 4232 εἰκόνες
1011 4159 1134 4236 μεγάλαι
1164 4157 1208 4218 διὰ
1236 4165 1344 4238 χρυσῶν

67 4281 178 4342 πετάλων
199 4285 294 4344 πέντε·
322 4282 515 4362 δισκοπότηρσν
538 4281 661 4360 χαλκοῦν
685 4283 727 4340 έν·
750 4281 949 4355 πολυκάνδηλα
976 4279 1045 4357 χυτὰ
1072 4279 1142 4355 μετὰ
1168 4280 1343 4358 κηροπηγίων

68 4401 110 4460 ἀπε
135 4405 240 4484 ἕνδεκα,
271 4403 358 4464 δκτῶ·
390 4405 469 4482 ἔτερα
499 4402 698 4478 πολυκάνδηλα
724 4402 852 4462 λαδικινὰ
881 4402 934 4462 ἀπδ
964 4401 1043 4480 δέκα,
1074 4401 1156 4460 έπτά·
1187 4403 1344 4480 στεφανίτας

70 4521 174 4606 σιδηροῖς
199 4527 252 4587 σίπδ
278 4525 387 4606 ἕνδεκα,
417 4526 503 4586 δκτῶ·
537 4524 627 4600 ἀβίναι
655 4523 749 4604 μικραί
774 4522 855 4602 χυταὶ
879 4525 930 4583 άπδ
953 4517 1035 4601 ὀκτώ,
1062 4523 1156 4581 πέντε·
1188 4525 1344 4597 μανουάλια

69 4645 148 4725 σιδηροῖ
170 4648 226 4726 δύο,
248 4650 279 4708 τδ
301 4651 331 4708 ἓν
353 4648 553 4724 τεθλασμένον·
578 4648 657 4726 έτερα
679 4646 835 4722 μανουάλια
849 4651 898 4722 τῆς
915 4643 1018 4703 εἰσόδου
1034 4641 1117 4723 μικρὰ
1134 4642 1194 4704 δίιο·
1219 4645 1343 4724 μιλιάρια
