3228 5294
260 351 303 414 44

259 544 392 624 παρόντες
413 543 460 602 καὶ
484 545 630 624 ἀμφότεροι
653 542 696 603 ἐπὶ
719 550 753 624 τῇ
777 543 934 624 δηλωθείσῃ
953 544 1136 622 ἀναμετρήσει
1158 541 1205 602 καὶ
1227 543 1376 622 παραδόσει
1399 549 1449 618 τῆς
1472 550 1563 618 νομῆς

259 669 306 725 τοῦ
333 665 483 745 Παρθενίου
511 664 558 724 καὶ
584 672 637 724 τῶν
662 665 708 724 δὺο
732 665 823 744 ἀγρῶν
851 663 965 736 οἰκείαις
990 662 1084 744 χερσὶν
1108 666 1268 744 ὑπέγραψαν
1295 663 1357 736 τούς
1382 662 1487 738 τιμίους
1513 662 1563 722 καί

260 787 408 859 ζωοποισύς
431 788 572 868 σταυροὺς·

365 909 400 968 ‘0
425 908 565 986 εὐτελὴς
587 910 740 987 νστάρίος
763 908 919 983 Ἰωάννης
942 909 957 967 ό
980 906 1193 986 Θεσλσγίτης
1214 906 1252 966 τὰ
1275 907 1429 986 ἀνωτέρω
1450 907 1564 964 πάντα

259 1028 387 1111 πράξας
410 1030 494 1090 κατὰ
515 1027 693 1110 πρόσταξιν
721 1033 777 1089 τοῦ
800 1031 865 1090 ἅνω
893 1027 1070 1110 εἰρημένου
1098 1033 1285 1108 στρατηγοῦ
1314 1027 1371 1088 καὶ
1402 1030 1563 1087 αὐθέντου

261 1171 321 1227 μου
347 1150 457 1232 οἰκείᾳ
478 1144 568 1232 χειρὶ
590 1151 774 1231 ὑπέγραψα.

365 1279 524 1350 Εαειπρίατ.
549 1280 627 1334 θίαν.
650 1297 700 1333 nro
724 1281 774 1354 50,
795 1273 820 1332 δ.

534 1601 628 1666 ΧΙΠ.
653 1597 848 1683 6596-1088,
871 1621 981 1664 mense
1004 1598 1106 1684 aprili,
1129 1597 1194 1662 ind.
1218 1599 1277 1662 XI.

263 1803 415 1870 Imperator
429 1802 541 1856 Αίιαίιω
557 1803 582 1856 I.
601 1804 747 1856 θοιιιιιιιιιιιι
764 1800 863 1855 Sancto
882 1801 1052 1854 Cttrt‘stoduto
1066 1801 1152 1855 donat
1171 1801 1288 1854 ιἰιιιιιίαιιι
1307 1801 1437 1854 Palmum
1456 1802 1562 1853 eximit-

261 1924 310 1976 ηυσ
333 1923 392 1960 eam
412 1915 436 1962 et
455 1907 607 1960 coenobium
627 1907 668 1958 ι’ὐί
688 1905 823 1960 conditum
846 1925 865 1960 a
888 1906 1004 1973 tributis,
1030 1922 1048 1958 α
1065 1911 1200 1974 potestate
1223 1905 1296 1959 ίαίαι
1318 1910 1344 1959 et
1366 1905 1560 1959 ecclesiastica.

364 2092 385 2170 †
408 2091 460 2149 Ἐν
476 2090 612 2164 ὀνόματι
633 2092 688 2149 τοῦ
710 2090 837 2168 πατρός
859 2085 915 2148 καὶ
938 2093 992 2147 τοῦ
1008 2089 1076 2148 υἱοῦ
1091 2087 1147 2147 καὶ
1162 2093 1217 2148 τοῦ
1237 2087 1332 2165 ἁγίου
1354 2090 1560 2164 πνεύματος.

261 2209 428 2290 Ἀλέξιος,
459 2213 571 2282 πιστός
602 2207 783 2288 όρθόδοξος
814 2209 973 2284 βασιλεύς
1003 2207 1059 2268 καὶ
1090 2209 1303 2290 αὐτοκράτωρ
1334 2209 1518 2290 Ῥωμαίων,
1548 2211 1563 2267 δ

261 2333 449 2418 Κομνηνός,
473 2336 583 2412 πᾶσιν,
601 2323 649 2404 οἷς
664 2331 699 2391 τό
714 2331 818 2411 παρόν
833 2332 925 2405 ἡμῶν
942 2329 1079 2406 εὐσεβὲς
1095 2325 1322 2390 ἐπιδείκνυται
1337 2329 1512 2408 σιγίλλισν
1530 2333 1560 2409 †.

364 2489 384 2568 †
408 2487 463 2548 Καὶ
485 2493 549 2547 πᾶσι
573 2486 623 2562 μὲν
646 2485 757 2564 ὑπέχειν
779 2486 829 2559 τὰς
844 2485 931 2558 ἀκοὰς
954 2489 1009 2556 τοῖς
1034 2486 1157 2563 εὐλόγως
1179 2485 1228 2558 τὰς
1252 2485 1370 2560 αἰτήσεις
1384 2489 1560 2562 ποιουμέναις

261 2603 365 2669 δίκαιόν
392 2629 422 2668 τε
450 2611 518 2684 ὁμοῦ
546 2607 594 2668 καὶ
620 2608 747 2688 θεοφιλὲς
776 2606 824 2666 καὶ
853 2613 902 2682 τῆς
934 2608 1010 2680 θείας
1041 2608 1176 2684 ἐχόμενον
1200 2607 1326 2690 ἐντολῆς,
1356 2610 1412 2678 τοῖς
1439 2607 1471 2666 δέ
1496 2609 1561 2667 κατ’

261 2734 360 2813 ἀρετὴν
384 2733 537 2812 διαφέρουσι
559 2730 605 2792 καὶ
629 2732 702 2800 όλως
731 2729 774 2790 διὰ
802 2729 861 2802 βίου
889 2731 1078 2804 ἀνακειμένοις
1105 2727 1160 2807 θεῷ
1187 2726 1287 2806 πολλῷ
1315 2729 1427 2802 μάλλον
1451 2729 1561 2788 δικαιό-

259 2875 337 2936 τερον
360 2852 407 2912 καῖ
428 2853 582 2932 κρείττονος
604 2853 690 2930 λόγου
711 2851 835 2925 ἐπάξιον·
858 2852 889 2911 τό
906 2852 960 2932 γὰρ
976 2852 1145 2931 συναίρεσθαι
1159 2851 1262 2920 τούτοις
1277 2849 1324 2908 καὶ
1346 2853 1428 2930 χεῖρα
1452 2850 1562 2930 ὀρέγειν

261 2977 401 3056 βοηθείας,
425 2977 454 3035 ἐν
478 2968 518 3046 οἷς
542 2976 595 3056 ἄρα
616 2974 663 3034 καὶ
687 2976 800 3054 δέοιντο,
824 2975 887 3034 θεοῦ
911 2975 1033 3052 ἄντικρυς
1056 2975 1207 3051 συνέργεια,
1231 2971 1303 3031 κατὰ
1329 2973 1375 3029 τὀν
1399 2973 1489 3048 μέγαν
1514 2971 1563 3032 καὶ

261 3100 334 3160 θεῖον
362 3099 525 3175 ἀπόστολον,
548 3095 595 3156 καὶ
626 3103 676 3171 τῆς
701 3096 826 3175 ἐναρέτου
849 3095 990 3166 πολιτείας
1013 3093 1059 3153 καὶ
1083 3093 1223 3172 διαγωγῆς
1247 3096 1415 3172 συντηρησις.
1452 3092 1498 3154 διά
1523 3115 1562 3154 τοι

260 3224 337 3280 τοῦτο
365 3217 412 3278 καί
434 3221 452 3293 ἡ
475 3218 605 3292 βασιλεία
629 3239 681 3294 μου
708 3215 755 3277 καί
776 3223 840 3276 τοῖσι
864 3216 914 3291 μὲν
936 3220 993 3286 τοῖς
1017 3215 1116 3287 ἀλλοις
1139 3214 1242 3274 δίκαιον
1275 3215 1385 3292 ἡγεῖται
1417 3217 1562 3290 συμπαθέ-

262 3361 355 3421 στερον
380 3338 555 3399 ἐπικλῦεοθαι
577 3338 623 3398 καὶ
645 3339 695 3410 τὰς
717 3343 764 3398 τοῦ
788 3338 885 3409 ἐλέους
910 3337 1081 3414 ἐποχετεὺειν
1100 3337 1192 3414 πηγὰς
1220 3334 1355 3413 δαψιλῶς,
1385 3336 1507 3411 μάλιστα
1533 3336 1563 3396 δὲ

262 3467 316 3521 τῶν
341 3463 478 3542 ἁπάντων,
502 3453 543 3533 οἷς
564 3459 636 3520 κατὰ
659 3461 745 3535 μόνας
768 3459 782 3518 ό
805 3459 864 3535 βίος
887 3457 942 3518 ἐστὶ
964 3456 1011 3518 καὶ
1033 3463 1082 3533 τῆς
1103 3463 1238 3533 κοσμικῆς
1265 3457 1486 3540 ἀποδιῃρημένος
1509 3481 1563 3519 πε-

262 3587 371 3664 ριφοράς
394 3581 440 3642 καὶ
463 3583 629 3660 συγχύσεως.
655 3581 731 3641 ἔνθεν
753 3601 794 3640 τοι
816 3579 863 3640 καὶ
879 3579 918 3658 τῷ
941 3581 1133 3658 εὐλαβεστάτῳ
1157 3577 1272 3656 μοναχῷ
1295 3578 1492 3659 Χριστοδοὺλῳ
1517 3579 1563 3640 καὶ

261 3706 413 3786 ἡσυχαστῇ,
436 3702 474 3782 τῷ
497 3702 558 3782 πρὶν
584 3703 612 3761 ἐν
635 3701 673 3782 τῷ
697 3703 754 3782 όρει
776 3706 821 3762 τοῦ
848 3703 973 3781 Λάτρους
994 3701 1043 3772 τὰς
1065 3699 1136 3759 κατὰ
1158 3701 1221 3760 θεόν
1243 3701 1397 3778 ποιουμένῳ
1420 3700 1563 3782 διατριβὰς

261 3824 308 3886 καὶ
335 3825 381 3883 τόν
412 3824 556 3900 ἀσκητικύν
589 3823 719 3884 διανὺοντι
752 3823 877 3902 δίαυλον,
906 3822 1023 3900 ἡσυχίας
1049 3824 1209 3900 τυγχάνοντι
1237 3821 1357 3902 διαπύρῳ
1384 3821 1485 3902 ἐραστῇ
1518 3821 1564 3883 καὶ

262 3947 343 4028 ἔργον
366 3947 498 4022 τιθεμένῳ
522 3945 647 4021 διηνεκὲς
674 3946 703 4004 ἐν
730 3948 787 4016 τοῖς
814 3949 860 4004 τοῦ
887 3945 950 4004 θεοῦ
977 3944 1143 4018 δικαιῶμασι
1171 3941 1244 4001 κατὰ
1271 3944 1357 4018 μόνας
1383 3943 1562 4021 ἀδολεσχεῖν,

262 4067 366 4143 αἴτησιν
388 4068 591 4146 προτειναμένῳ
614 4067 694 4142 μάλα
720 4067 864 4146 θεάρεστόν
887 4085 917 4124 τε
944 4062 990 4124 καὶ
1019 4063 1134 4143 εὔλογον
1161 4064 1264 4141 ὑπέσχε
1286 4064 1336 4136 τὰς
1359 4064 1447 4137 ἀκοὰς
1470 4067 1489 4141 ἡ
1512 4087 1563 4142 γα-

261 4189 381 4264 ληνότης
410 4190 489 4263 ἡμῶν
520 4189 667 4265 συμπαθῶς
692 4188 739 4248 καί
769 4187 818 4262 τἠν
846 4186 949 4262 αἴτησιν
977 4185 1170 4265 ἐξεπλήρωσεν
1204 4187 1339 4264 εὐχερῶς·
1372 4183 1432 4244 ἐπεὶ
1463 4186 1520 4265 γὰρ
1550 4187 1563 4244 ό

261 4309 392 4388 θεοφιλὴς
426 4303 503 4383 οὑτος
534 4311 601 4390 ἀνὴρ
633 4310 667 4370 δι’
692 4311 781 4391 ἔρωτα
810 4309 925 4387 ἡσυχίας
952 4307 999 4368 καὶ
1024 4309 1107 4368 πόθον
1138 4305 1197 4382 βίου
1227 4307 1358 4387 έρημικοῦ
1387 4310 1563 4386 καταγώγιόν

261 4451 286 4491 τι
309 4431 434 4506 ἐπεζήτει
464 4433 550 4511 εὑρεῖν
577 4432 616 4510 τῷ
640 4430 732 4510 οἰκείῳ
754 4433 845 4510 τρόπῳ
868 4429 914 4490 καὶ
938 4431 988 4509 βίῳ
1010 4428 1204 4508 κατάλληλον,
1233 4427 1331 4507 διέγνω
1355 4427 1386 4488 δὲ
1409 4429 1459 4503 τὴν
1485 4430 1563 4489 Πάτ-

263 4573 314 4630 μον
339 4559 432 4634 νῆσον,
460 4549 557 4625 ἄλλως
580 4574 610 4612 τε
638 4553 689 4627 μὲν
712 4549 793 4611 οὖσαν
816 4553 946 4632 τραχεῖάν
969 4571 999 4609 τε
1027 4549 1074 4610 καὶ
1100 4549 1216 4630 λυπράν,
1242 4547 1347 4628 πίειραν
1371 4547 1402 4608 δὲ
1425 4548 1474 4609 καὶ
1495 4554 1563 4631 πρός
1606 4599 1607 4604 ,

261 4679 373 4756 καρπῶν
404 4681 593 4751 πνευματικῶν
625 4673 845 4750 ἐπιτηδειοτάτην
873 4676 966 4755 φοράν,
996 4670 1085 4743 εἴτις
1112 4671 1142 4730 ἐν
1170 4671 1236 4753 αὐτη
1263 4669 1435 4744 καταβαλεῖν
1470 4671 1563 4731 ἐθέλοι
1606 4695 1607 4700 “
