3184 5288
1263 343 1324 408 153

132 539 282 610 Ewoptor
296 540 474 595 chartaceum.
494 540 582 594 Error
598 541 626 594 in
641 542 696 596 iod.
723 537 797 596 tior.
813 559 863 594 roro
880 544 1007 596 93-94
1023 561 1049 596 α.
1067 559 1127 596 oum
1142 542 1206 597 atto
1222 543 1322 598 tabuiis

31 646 114 696 oriem
138 662 247 698 numero
269 646 393 715 εἰριιαέω,
413 663 480 716 quoe
503 651 651 714 sequuntur
673 645 797 714 inferior.
819 645 928 698 Τι’ίιιίιω
950 653 1002 700 eet:
1025 639 1124 700 Δίκαια
1145 646 1195 716 τῆς
1217 642 1323 720 Κεχω-

30 743 168 815 ϊ.τμε’ϊης;
196 749 244 800 ubi
272 756 361 802 autem
391 749 501 802 chartae
525 749 627 818 ylrttirte
658 751 764 802 intortae,
794 756 866 822 οιιπί,
897 749 1091 818 confirmantur
1119 753 1240 821 sequenti
1263 753 1323 806 oub-

29 853 185 921 scriptione:
209 847 230 924 †
253 846 289 904 '0
313 843 428 920 εότελὴς
452 844 598 917 ἐπίσκοπος
622 844 728 922 Λίμνης
753 847 880 924 Μιχαήλ.
905 848 925 926 †

218 1155 340 1220 XLVI.
366 1155 441 1220 Sino
464 1179 560 1238 anno,
584 1155 635 1220 die
659 1156 685 1220 1.
710 1157 828 1222 mensis
850 1157 936 1242 maii,
959 1157 1023 1222 ind.
1047 1157 1123 1223 XII.

30 1323 150 1387 Μαντικά,
175 1321 344 1392 metropolita
371 1321 470 1388 Mileti,
499 1321 603 1375 dirimit
634 1323 841 1376 controversiam
869 1323 900 1374 oie
929 1340 995 1393 aqro
1022 1330 1110 1377 ortam
1138 1325 1207 1378 inter
1229 1342 1324 1379 morto·

311 1425 421 1478 sterium
446 1425 475 1480 S.
494 1425 606 1480 [σακκία
629 1433 653 1479 et
675 1425 838 1479 habitatores
862 1425 1043 1480 Palatiorom.

130 1627 152 1702 †
177 1625 266 1702 Μηνὶ
294 1622 390 1707 μαίῳ,
418 1629 527 1708 ἡμέρᾳ
550 1625 586 1706 α’,
616 1625 822 1698 ἰνδικτιῶνος
847 1625 896 1706 ιβ’,
924 1626 976 1686 ἐπὶ
1003 1629 1166 1712 παρουσίᾳ
1193 1634 1254 1689 τῶν
1278 1627 1326 1690 οἰ-

29 1755 169 1808 κειονιῶν
200 1749 378 1829 ἀνθρώπων
408 1753 463 1808 τοῦ
496 1751 718 1829 περιποθήτου
753 1749 842 1809 θείου
872 1753 926 1808 τοῦ
955 1755 1117 1829 κραταιοῦ
1147 1749 1202 1810 καί
1232 1751 1326 1829 άγίου

29 1872 113 1944 ἡμῶν
134 1871 320 1952 βασιλέως,
336 1871 651 1950 πανυπεροεβάοτου
673 1869 728 1930 καὶ
752 1871 903 1948 μεγάλου
927 1869 1059 1951 όουκός,
1082 1877 1183 1932 τοῦτο
1204 1892 1326 1932 παντν-

30 1995 205 2064 τιμοτάτου
238 1997 337 2072 κυροῡ
371 1993 524 2054 Ἰωάννου
557 1995 612 2052 τοῦ
648 1991 802 2052 Πιοαίτου
839 1991 895 2052 καὶ
933 1997 987 2052 τοῦ
1020 1992 1326 2074 πρωτοβεοτιαρίου

29 2118 123 2191 κνροῦ
155 2115 320 2190 Ἰωάννου,
350 2118 405 2174 τοῦ
435 2111 754 2191 μεγαλοόοξοτάτου
784 2117 973 2194 πράκτορας
1005 2115 1193 2195 Παλατίων,
1226 2118 1326 2194 κυροῡ

30 2235 181 2294 Ἰωάννου
204 2241 259 2294 τοῦ
280 2233 533 2312 Εὐόαιμονίτζη,
557 2241 619 2294 τῶν
643 2235 914 2310 θεοσεβεοτάτων
936 2235 1056 2316 ἱερέων
1079 2235 1134 2296 καὶ
1156 2234 1326 2316 κληρικιῖιν

31 2363 83 2430 τῆς
115 2357 188 2416 καθ’
216 2358 303 2430 ἡμᾶς
338 2355 525 2434 ἁγιωτάτης
560 2357 802 2436 μητροπόλεως
832 2359 998 2434 Μιλήτου,
1035 2361 1090 2417 τοῦ
1123 2362 1328 2438 πρωτοπαπά

31 2482 124 2556 κυροῡ
141 2479 286 2555 Μιχαὴλ
300 2483 355 2538 τοῦ
373 2477 466 2555 Νίκη,
483 2482 536 2538 τοῦ
560 2477 815 2558 όευτερείνοντος
837 2483 936 2558 κυροῡ
952 2479 1106 2538 Ἰωάννου
1127 2483 1182 2538 τοῦ
1206 2478 1326 2558 ίόβρά,

32 2603 81 2658 τοῦ
104 2600 313 2678 Καραντινοῦ
341 2603 438 2680 κυρου
462 2597 723 2678 Κωνοταντίνου,
750 2604 805 2660 τοῦ
834 2599 1083 2679 ἐκκλησιάρχου
1105 2603 1205 2680 κυροίν
1228 2600 1327 2659 Βασι-

31 2718 121 2780 λείου
151 2725 207 2780 τοῦ
234 2721 401 2800 Πιοοίτου,
431 2725 486 2782 τοῦ
517 2720 661 2801 ἐξάρχου
691 2727 788 2802 κυροῦ
817 2723 970 2781 Ἰωάννου
999 2725 1054 2780 τοῦ
1077 2721 1240 2802 Μαρουλά
1272 2719 1328 2782 καὶ

32 2847 88 2900 τῶν
103 2842 234 2902 λοιπῶν
257 2843 374 2920 ἱερέων
397 2841 453 2902 καὶ
476 2841 639 2902 διακόνων
661 2840 716 2902 καί
741 2839 803 2902 ἀπό
825 2850 889 2902 τῶν
913 2841 1158 2903 οἰκοδεσποτῶν
1180 2847 1238 2918 τῆς
1259 2845 1327 2920 χώ-

33 2983 87 3040 ρας
117 2967 180 3022 τῶν
210 2963 389 3024 Παλατίων
419 2967 474 3024 τοῦ
496 2965 676 3040 Κουκουμά
698 2964 838 3044 Νικητα,
868 2968 923 3023 τοῦ
947 2965 1124 3039 Κουκουμά
1151 2963 1327 3044 Γεωργίου,

33 3089 81 3142 τοῦ
97 3085 335 3146 Κωνατωνίταυ
352 3085 611 3165 Κωνοταντίνου,
635 3091 690 3146 τοῦ
706 3086 933 3165 Μαιανόρινοῦ
949 3085 1105 3163 Λέοντος,
1128 3089 1183 3144 τοῦ
1198 3084 1328 3164 Βλεροϋ

34 3203 291 3287 Κωνοτοιντίνου,
311 3212 365 3268 τοῦ
381 3208 571 3282 Λάμπωνος
587 3209 740 3288 Λέοντος,
756 3212 810 3268 τοῦ
827 3205 980 3267 διακόνου
997 3205 1181 3286 Νικολάου,
1197 3205 1328 3280 Νικήτα

35 3333 83 3388 τοῦ
105 3329 268 3406 Κουλίκη.
292 3330 312 3408 †

133 3453 153 3528 †
177 3448 347 3530 Ἀμριμαχία
371 3451 487 3510 ἐπέπεσέ
510 3471 550 3522 τις
573 3452 656 3525 μεόον
678 3456 728 3524 τῆς
751 3449 903 3525 οεβαομίας
926 3455 1011 3525 μονῆς
1033 3453 1079 3509 τοῦ
1104 3449 1180 3528 άγίου
1202 3449 1329 3510 Ἰωάννου

36 3579 80 3646 της
97 3572 123 3632 ἐν
139 3573 220 3651 Βάτῳ
240 3573 400 3651 λεγομένης
422 3569 470 3632 καὶ
491 3577 544 3630 τῶν
567 3573 730 3632 Παλατινών
754 3571 880 3652 ἐποίκων,
903 3577 956 3630 τῶν
976 3571 1138 3650 λεγομένων
1154 3573 1328 3652 Λαμπώνων,

37 3695 91 3773 περὶ
116 3693 254 3776 χωραρίου
277 3696 348 3766 τινος
375 3697 485 3773 γονικοῦ
514 3699 568 3752 τῶν
599 3695 685 3753 αὐτῶν
708 3695 874 3769 Λαμπωνων
905 3693 1105 3772 έπιλεγομένου
1131 3699 1180 3768 τῆς
1207 3694 1329 3772 Σταυρο-

38 3823 132 3896 πηγῆς,
153 3822 207 3876 τῶν
230 3815 282 3892 μὲν
306 3820 438 3894 μοναχῶν
461 3821 510 3893 τῆς
534 3816 616 3891 αὐτῆς
639 3821 725 3891 μονῆς
748 3812 912 3902 λ[εγ]όντων
937 3816 1072 3896 διαφέρειν
1094 3823 1132 3900 τῇ
1150 3817 1211 3876 κατ’
1236 3815 1330 3887 αίντοίις

42 3937 168 4016 τεβοομίρ
194 3943 276 4019 μονῇ,
303 3943 357 3996 τῶν
384 3939 549 4013 Λαμπώνων
582 3935 613 3996 δὲ
645 3937 851 4016 ἀντιλεγόντων,
879 3939 918 3996 ότι
951 3938 1060 4014 γονικόν
1094 3939 1183 4009 αὺτοῖς
1216 3934 1332 4016 ὑπάρχει

41 4065 147 4138 πρᾶγμά
168 4057 215 4120 καὶ
239 4061 287 4119 οίικ
311 4059 400 4120 άλλου
422 4063 507 4131 τινός·
534 4059 594 4118 ὅθεν
617 4058 663 4119 καὶ
688 4061 737 4119 ουκ
759 4059 853 4136 όλίγοιι
875 4057 1010 4136 συντυχίαι
1034 4058 1167 4138 διαφόρως
1188 4059 1252 4137 παρ’
1273 4057 1330 4133 άμ-

41 4182 149 4260 ςοτέρων
170 4181 232 4261 περὶ
261 4185 308 4240 τοῦ
335 4183 415 4240 αυτοῦ
436 4180 576 4260 χωραρίου
598 4182 728 4260 γεγόνασι
750 4179 797 4240 καί
821 4180 1024 4258 έγκλητεόοεις.
1050 4175 1108 4238 ἐπεὶ
1132 4177 1233 4238 δὲκαὶ
1256 4176 1331 4252 αὖθις

42 4301 64 4358 τί
86 4301 276 4384 όιαληρθέντες
298 4303 455 4379 Λάμπωνος
481 4305 530 4378 τὴν
553 4305 676 4379 τοιαύτην
703 4303 826 4364 ὑπόθεσιν
854 4303 1054 4376 ένεκλήτευοαν
1080 4303 1147 4380 προς
1175 4303 1221 4361 τὀν
1250 4322 1330 4382 περι-

42 4424 148 4498 πόθητον
181 4427 254 4486 θεῖον
287 4429 334 4485 τοῦ
363 4429 492 4504 κραταιοῦ
526 4423 573 4484 καί
590 4421 678 4504 ’άγίου
707 4427 789 4499 ἡμῶν
820 4423 972 4504 βασιλέως,
1002 4422 1255 4503 πονυπεροέβαοτον
1285 4421 1331 4484 καὶ

44 4545 124 4620 μέγαν
146 4547 252 4627 totvm,
276 4551 350 4628 κόριν
374 4545 511 4607 Θεόδοτον
534 4547 579 4606 τόν
603 4547 718 4621 Φωκάν,
742 4545 789 4606 καί
812 4547 861 4606 οίνκ
884 4541 960 4624 εἶχεν
984 4544 1077 4606 άδειον
1100 4549 1215 4624 τηρῆσαι
1237 4544 1331 4624 πότην,

46 4665 75 4722 ἔτ’
99 4660 126 4724 τί
147 4668 321 4746 ένηοχολεῖτο
346 4668 385 4740 εἰς
409 4668 553 4743 βασιλικάς
582 4666 720 4736 δουλείας,
749 4670 816 4748 προς
843 4669 891 4744 τὴν
914 4665 993 4743 ἡμῶν
1014 4668 1113 4742 ταύτην
1137 4667 1255 4742 ἀνέθηκε
1278 4687 1331 4742 με·
