3186 5286
255 327 318 392 390

254 525 355 594 Crete,
390 529 421 580 et
451 541 551 580 eorum
582 520 772 590 consiliariis,
808 519 945 578 fidelibus
975 519 1035 577 suis
1071 518 1188 577 dilectis
1218 519 1343 577 sulutem
1376 538 1411 576 ao
1440 518 1544 576 sincere

254 626 423 686 dilectionis
446 627 594 684 affectum.
625 627 683 684 Per
705 626 862 682 honestum
884 623 984 683 virum
1006 624 1140 694 Paulum,
1169 624 1345 698 collegeram
1372 622 1428 680 loci
1452 623 1541 680 Sancti

254 731 397 790 Johunnis
425 732 462 788 do
485 729 560 788 Stilo
589 730 701 788 insulae
729 734 827 786 nostre
851 729 964 796 Cretae,
994 728 1195 804 procuratorio
1224 727 1342 785 nomine
1369 728 1492 785 flatrum
1517 733 1544 785 et

252 838 466 912 'collegerornru
496 834 569 892 dicti
600 833 657 892 loci
684 839 719 918 ‘et
748 831 920 890 monasterii
944 832 1045 891 Sancti
1067 831 1211 890 Johunnis
1238 832 1275 890 de
1302 831 1445 902 Palmum,
1468 831 1544 890 nobis

253 942 312 1000 luit
334 959 429 1017 nuper
451 939 627 1016 expositum,
652 937 727 1016 quod
752 937 888 1012 oullogeri
913 937 950 996 de
973 937 1069 994 insula
1084 937 1235 995 Pulmosue
1258 940 1404 995 tementes
1426 935 1544 993 insultus

254 1047 435 1104 Turchorum
460 1063 525 1101 suos
549 1043 672 1118 triginta
695 1062 802 1102 novem
833 1041 957 1100 villanos
980 1042 1017 1100 de
1040 1041 1135 1099 insula
1158 1041 1308 1098 Pelmusee
1331 1039 1464 1117 predicta
1485 1059 1545 1098 con·

254 1151 405 1208 duxerunt
427 1149 463 1206 ed
487 1147 599 1206 dictum
623 1167 708 1204 suum
730 1148 827 1232 locum
850 1146 951 1204 Sancti
974 1145 1118 1204 Johennis
1141 1146 1178 1203 de
1201 1144 1276 1203 Stilo
1299 1163 1337 1202 ex
1359 1145 1457 1203 insula
1479 1150 1544 1202 teur-

254 1275 323 1330 pore
339 1271 471 1328 guerrae,
496 1271 583 1329 quam
599 1251 671 1309 olim
690 1251 868 1308 habebamus
889 1270 956 1308 curu
979 1250 1156 1326 imperatore
1172 1249 1360 1320 Graecorum,
1385 1249 1443 1326 ipsi
1466 1250 1546 1308 callo·

254 1358 318 1432 geri
341 1357 439 1414 Sancti
463 1355 608 1415 Johennis
631 1357 668 1414 de
691 1355 766 1414 Stilo
793 1354 970 1413 u'cursariis
992 1353 1065 1412 alios
1089 1352 1214 1428 triginta
1237 1358 1302 1411 octo
1324 1353 1452 1412 villanos
1474 1373 1546 1411 eme-

255 1467 333 1532 runt,
366 1461 417 1540 qui
441 1459 532 1519 etiem
554 1459 691 1518 conducti
718 1459 841 1518 fuerunt
867 1460 903 1516 ed
934 1460 1032 1517 locum
1059 1457 1226 1542 predictum
1256 1463 1287 1516 et
1314 1456 1546 1535 supplicaverunt

166 1769 170 1778 “
254 1774 326 1832 alios
349 1773 559 1850 trigintaocto
692 1792 816 1850 quorum
843 1772 961 1830 nomine
988 1772 1078 1832 etiam
1100 1771 1290 1830 continentur
1312 1771 1447 1843 interius,
1477 1773 1544 1849 quod

255 1879 367 1956 possint
394 1873 438 1936 illi
467 1877 497 1935 in
521 1877 601 1936 dicto
628 1879 691 1935 loco
714 1876 815 1934 Sancti
838 1876 980 1934 Johannis
1003 1877 1041 1934 de
1063 1875 1139 1934 Stilo
1161 1895 1214 1952 pro
1237 1875 1297 1933 suis
1319 1875 1443 1953 pacifice
1466 1881 1496 1934 et
1514 1875 1545 1933 li·

253 1985 324 2042 bero
346 1982 495 2059 possidere
510 1983 649 2042 solvendo
665 1976 785 2061 [nostro]
802 1980 918 2039 comuni
934 2000 986 2057 pro
1001 1979 1133 2058 quolibet
1155 1979 1286 2056 ipsorum
1308 1979 1441 2038 omnium
1465 2000 1543 2038 unum

254 2087 434 2164 iperperum.
458 2087 518 2145 Nos
537 2065 606 2162 ergo
626 2090 788 2144 annuentes
807 2085 934 2160 benigne
957 2083 1096 2161 petitioni
1119 2083 1253 2160 predicte
1273 2083 1352 2142 dicto
1374 2084 1543 2142 monost-erio

255 2191 354 2250 Sancti
381 2191 526 2250 Johennis
555 2193 592 2248 de
620 2191 694 2248 Stilo
728 2196 759 2248 et
789 2189 940 2265 cellogeris
974 2187 1107 2248 eiusdem
1141 2189 1340 2260 concedimus,
1373 2190 1452 2266 qnod
1483 2188 1543 2265 ipris

254 2296 435 2355 solventibus
469 2295 622 2354 aunuatim
656 2299 755 2353 nostro
786 2295 903 2353 comuni
937 2313 995 2370 pro
1019 2293 1152 2372 quolibet
1185 2293 1440 2370 infrascriptorum
1469 2293 1543 2352 villa-

255 2419 368 2471 norum,
393 2401 442 2478 qui
466 2405 534 2458 sunt
561 2419 681 2457 numero
704 2399 890 2476 septuaginta
912 2403 1035 2474 septem,
1064 2417 1155 2456 unum
1182 2397 1360 2474 iperporum‚
1391 2399 1501 2475 possint
1521 2406 1547 2454 et

256 2505 382 2562 debeant
411 2504 489 2582 ipsos
519 2503 640 2580 pacifice
670 2502 828 2580 possidere.
863 2503 903 2560 Et
930 2501 997 2560 ideo
1020 2501 1103 2561 vobis
1130 2502 1285 2560 scribimus
1312 2509 1344 2561 ot
1370 2521 1494 2580 pernes
1520 2505 1548 2558 ot
1579 2525 1580 2575 i

255 2614 355 2666 nostre
376 2609 497 2667 consilia
525 2649 708 2670 ........
735 2611 904 2682 rogatorum
926 2612 956 2666 et
979 2607 1016 2664 de
1039 2605 1233 2684 quadraginta
1254 2607 1444 2684 precipiendo
1470 2625 1546 2665 men·

256 2713 358 2771 dumus
378 2714 431 2770 sub
451 2712 561 2785 debito,
586 2697 641 2789 quo
662 2711 815 2782 tenemini,
840 2711 1024 2780 sacrementi,
1049 2717 1193 2790 quatenus
1216 2711 1332 2770 faciatis
1355 2713 1430 2772 solvi
1454 2717 1548 2770 nostro

256 2817 372 2874 comuni
399 2815 479 2875 dicta
506 2817 650 2894 iperpere,
679 2817 769 2874 etde
797 2815 868 2894 ipsis
890 2815 1019 2887 villenis,
1047 2833 1100 2892 pro
1123 2814 1229 2892 quibus
1252 2816 1360 2874 solutio
1383 2817 1462 2874 lacte
1483 2816 1546 2881 erit,

256 2941 305 2980 eos
328 2941 385 2979 non
402 2921 534 2980 debeatis
557 2921 593 2978 de
616 2926 715 2980 cetero
738 2923 903 2992 molestare,
927 2939 982 2978 uec
1005 2919 1179 2996 permittere
1201 2920 1237 2977 ab
1260 2919 1328 2978 aliis
1350 2920 1459 2978 nostris
1480 2921 1546 2978 fide·

254 3026 331 3084 libus
358 3025 516 3084 molestari.
547 3025 676 3084 Nomina
697 3045 768 3086 vcro
790 3025 968 3085 villanorum
996 3024 1120 3101 triginta
1146 3043 1254 3084 novem
1281 3025 1494 3084 conductorum
1516 3027 1546 3081 dc

256 3132 388 3189 Pelmosu
410 3136 478 3190 sunt
500 3132 586 3190 haec:
611 3129 746 3188 Chiriuco
765 3137 796 3188 to
816 3130 956 3200 Geunuri,
980 3131 1040 3188 Leo
1064 3128 1223 3188 Merohilos
1245 3147 1313 3187 cum
1335 3129 1407 3187 filiis
1430 3131 1545 3194 duobus,

255 3232 453 3315 Cosle[otinus
478 3229 546 3313 ...]
570 3255 636 3293 cum
658 3234 729 3292 filiis
752 3235 872 3306 duobus,
896 3235 957 3293 Leo
980 3235 1110 3312 Otroppo
1133 3253 1200 3294 cum
1222 3233 1293 3292 ffliis
1316 3234 1440 3306 duobus,
1465 3234 1546 3293 Zouri

254 3345 285 3398 et
311 3341 417 3398 fratres
440 3339 513 3410 eius,
538 3338 668 3398 Cameris
690 3338 781 3396 Zouai
804 3340 918 3397 Pracha
945 3357 1011 3396 cum
1040 3339 1132 3396 fretre
1155 3357 1216 3409 suo,
1241 3339 1379 3396 Matheus
1402 3343 1433 3396 to
1458 3337 1545 3414 Tripi·

255 3443 355 3514 nachi,
383 3445 510 3502 Joannes
533 3444 648 3502 Getullu
674 3462 742 3501 curn
769 3443 839 3500 liliis
866 3444 991 3512 duobus,
1021 3444 1175 3500 Ocemsoso
1202 3447 1232 3500 to
1261 3442 1368 3512 Nonii,
1398 3443 1546 3502 Nichiloro

255 3551 284 3604 to
308 3547 465 3606 Cothomas
492 3568 557 3605 cum
584 3547 645 3606 filio
672 3567 746 3618 uno,
773 3547 864 3606 Zouzi
894 3589 1126 3606 ..........
1155 3548 1330 3622 Proohoros‚
1358 3547 1496 3606 Nichitus
1522 3554 1545 3604 to

255 3651 388 3722 Curohia‚
412 3651 515 3709 Politis
541 3656 572 3708 to
595 3653 752 3723 Ereuvma‚
777 3652 889 3710 Ofemis
916 3657 946 3710 to
969 3651 1102 3722 Curubis,
1126 3651 1248 3709 Joannis
1275 3656 1305 3709 to
1386 3696 1495 3712 .....
1522 3657 1545 3708 et

256 3761 340 3832 pater
366 3756 430 3814 eius
458 3751 604 3835 Ni[chit]a
631 3799 1544 3816 .............................

254 3859 355 3918 Finis
375 3859 409 3917 in
426 3860 702 3932 secundololio,
728 3861 818 3940 quod
842 3859 913 3936 legi
937 3879 1004 3918 non
1028 3865 1160 3936 potest,
1185 3861 1400 3920 solummodo
1424 3862 1460 3920 in
1478 3862 1545 3922 lire

255 3970 308 4023 est
331 3964 405 4022 dioi
428 3965 666 4040 fragmentum
693 3970 789 4042 ptum
814 4009 820 4022 .
846 4009 853 4022 .
879 4009 886 4024 .
911 3963 1124 4022 indictione.

358 4097 509 4166 Exemplar.
537 4099 630 4164 Bayet.
651 4115 698 4150 nro
720 4101 750 4160 4,
773 4115 799 4164 p.
816 4100 959 4150 itt-148.
999 4099 1098 4150 ‹Oette
1121 4097 1197 4166 pidce
1216 4115 1250 4150 ne
1269 4115 1336 4152 nous
1356 4107 1399 4152 est
1418 4116 1545 4168 parvenire

255 4202 289 4238 eu
308 4185 430 4252 original.
454 4186 489 4236 Je
508 4185 570 4234 n'en
593 4186 619 4234 ai
642 4183 736 4236 trouve
754 4186 853 4252 qu'une
877 4187 1014 4238 mauvaise
1033 4187 1109 4252 copie
1129 4186 1195 4238 fatte
1213 4185 1232 4236 il
1251 4203 1269 4254 y
1288 4203 1306 4237 a
1323 4190 1545 4255 cent-cinquauts

255 4289 290 4322 ou
308 4273 378 4322 deux
397 4277 473 4322 cents
490 4287 539 4322 uns
557 4288 602 4323 sur
619 4288 655 4322 uu
676 4273 775 4323 chiffou
794 4273 828 4324 de
846 4275 940 4339 papier
952 4271 1013 4338 dejt
1024 4273 1088 4323 bien
1100 4271 1198 4324 sverid.
1221 4273 1261 4324 Le
1274 4276 1469 4342 oanscriptour
1481 4277 1545 4327 avait

254 4373 316 4408 sous
335 4357 374 4408 les
391 4374 463 4423 yeux
482 4375 518 4408 un
537 4359 680 4410 document
699 4375 733 4410 en
751 4359 903 4422 lumbesmx,
923 4374 1025 4410 comme
1043 4359 1064 4410 il
1082 4357 1183 4412 results
1201 4361 1234 4412 de
1253 4367 1324 4412 cette
1341 4365 1465 4414 mention
1483 4363 1544 4413 deur

254 4444 306 4494 lois
329 4442 435 4510 rdpdtde
449 4463 455 4496 :
470 4447 559 4496 «Non
577 4449 606 4496 si
629 4451 751 4512 potera
773 4445 919 4512 legger.»
949 4446 990 4496 La
1012 4447 1089 4512 copie
1111 4445 1252 4500 s'dtenduit
1274 4463 1320 4500 sur
1343 4449 1414 4500 deux
1439 4450 1545 4506 feuillea

255 4529 320 4582 dont
339 4531 366 4582 la
384 4529 505 4584 derniere
524 4547 540 4581 u
558 4531 665 4596 diepam
684 4529 701 4582 ὲ
718 4531 881 4600 l'exception
899 4533 932 4584 de
950 4532 977 4583 la
995 4547 1093 4599 margo.
1113 4533 1151 4584 Id.
1171 4552 1195 4601 p.
1218 4537 1274 4586 139.
