3162 5278
1269 375 1333 440 333

48 573 139 652 Πάτμῳ
163 571 247 652 ίεροῦ,
275 569 424 648 σεβασμίου
446 591 476 631 τε
498 569 545 632 καί
569 573 803 651 σταυροπηγιακοῦ
826 568 1006 650 μοναοτηρίου
1035 573 1082 630 τοῦ
1104 567 1182 649 άγίου
1205 569 1332 628 Ἰωάννου

46 699 83 753 τοῦ
108 693 263 772 Θεσλργσυ,
298 695 337 752 ὅτι
368 691 518 774 εὑρίσκεται
549 691 588 765 είς
617 688 651 752 τά
682 693 772 754 αῦτόθι
802 694 931 770 μετὸχιον
960 695 1007 752 τοῦ
1037 690 1215 772 μουαστηρίου
1246 693 1332 751 αὐτῶν

46 817 134 896 τοῦτου,
160 816 189 875 ἐν
210 810 232 896 ᾧ
255 814 372 896 ὑπάρχει
398 813 444 874 καί
469 814 605 890 ἐκκλησία
632 815 773 890 τιμωμένη
801 813 843 874 ἐπ’
867 813 977 890 ὀνόματι
1004 818 1051 874 τοῦ
1079 813 1157 892 ἁγίου
1181 814 1331 895 Ἀντωνίου,

46 941 100 1017 ὅπερ
126 939 257 1016 μετάχιον
285 938 372 996 αίιτῶν
400 937 468 1012 ὁμοῦ
495 937 566 1012 μετά
591 941 641 1012 της
667 936 795 1018 ῥηθείσης
818 934 969 1012 ἐκκλησίας
992 931 1096 995 ἀνωθεν
1120 934 1168 996 καί
1191 933 1221 1008 ἐξ
1245 935 1332 1014 ἀρχῆς

46 1058 194 1119 διετέλεσαν
222 1059 349 1138 ἀοῦδοια,
381 1059 576 1134 ἀκαταπάτητά
602 1079 633 1119 τε
663 1057 709 1119 καί
739 1059 928 1139 ἀνεπηρέαστα
957 1053 1032 1138 παρὰ
1060 1059 1160 1132 παντὸς
1189 1063 1333 1139 προσώπου

44 1183 76 1252 ῦς
106 1181 329 1262 οτοσιροπηγιακά
365 1183 494 1258 κτήματα
526 1179 573 1241 καί
607 1181 783 1262 ἀφιερῶματα
816 1184 862 1242 τοῦ
896 1179 1039 1261 εἰρημένου
1073 1179 1252 1260 μσναστηρίου
1284 1187 1333 1258 τῆς

46 1299 147 1377 Πάτμου
169 1303 242 1363 κατὰ
264 1303 314 1378 τὴν
336 1303 482 1384 περίληψιν
504 1307 558 1362 τῶν
581 1303 811 1382 φιλοτιμηθέντων
835 1303 968 1364 ἀνέκαθεν
992 1301 1031 1380 τῷ
1054 1299 1226 1383 μοναστηρίῳ
1248 1303 1333 1382 τούτῳ

43 1429 237 1506 τατριαρχικῶν
268 1423 411 1506 σιγιλλίων
442 1424 665 1504 ἀποφαινομένων
694 1423 742 1484 καὶ
771 1423 973 1506 διοριζομένων,
1003 1425 1077 1496 ὅπως
1103 1426 1200 1505 πάντα,
1232 1426 1333 1508 ὅσαπερ

42 1549 69 1604 ἀν
97 1548 148 1628 έχη
180 1549 296 1626 μετάχια
329 1547 359 1607 ἐν
390 1547 524 1628 διαφόροις
553 1549 645 1620 τόποις
678 1545 725 1606 καί
758 1546 901 1628 ἐπαρχίαις
930 1547 961 1606 τ“σ
992 1546 1074 1626 ῥηθὲν
1105 1546 1133 1605 ἐν
1163 1552 1196 1629 τῇ,
1229 1546 1332 1628 Πάτμῳ

42 1671 225 1750 μσνασιηριον,
253 1669 408 1749 ὑπάρχωσιν
439 1667 571 1748 ἐλεύθερα
602 1666 649 1728 καί
680 1667 807 1730 ἀσῦδοτα.
837 1667 871 1727 τὰ
897 1671 943 1726 νῦν
974 1665 1005 1727 δὲ
1036 1668 1085 1727 οῦκ
1114 1667 1229 1743 οίδαμεν
1260 1671 1333 1741 ὅπως

41 1789 155 1864 τολμῶσί
176 1809 249 1861 τινες
277 1789 403 1868 ἐνοχλεῖν
430 1787 477 1850 καί
506 1790 666 1868 ἐπηρεάζειν
692 1791 723 1849 το
751 1788 791 1861 είς
816 1785 851 1848 τά
879 1790 968 1850 αὐτάθι
992 1790 1181 1868 εὑρισκόμενον
1205 1791 1334 1870 μετάχισν

41 1919 108 1972 τοῦτο
135 1921 186 1990 τῆς
209 1913 322 1987 Πάτμου
350 1911 420 1988 μετὰ
446 1919 495 1987 τῆς
523 1911 650 1992 ῥηθείσης
680 1911 707 1969 ἐν
735 1912 806 1990 αὐτῷ
836 1911 986 1987 ἐκκλησίας
1011 1914 1058 1970 τοῦ
1085 1911 1163 1989 ἁγίου
1187 1911 1334 1974 Ἀντωνίου

40 2032 80 2092 καί
102 2037 191 2110 ζητεῖν
213 2035 279 2114 παρ’
304 2034 382 2094 αἰτοῦ
409 2033 483 2094 δάσιν
505 2036 655 2114 χρημάτων
681 2033 727 2093 ἀπ’
752 2033 874 2104 ἐναντίας
897 2035 1040 2112 φερόμενοι
1067 2035 1124 2104 τοῖς
1145 2035 1333 2112 προεκδοθεῖσι

40 2159 239 2236 τατριαρχικοῖς
272 2154 418 2235 οιγιλλίοις
450 2153 497 2214 καί
531 2161 564 2236 τῇ
598 2152 805 2235 φιλοτιμηθείοη
840 2153 972 2214 ἀνέκαθεν
1003 2161 1225 2236 σταυροπηγιακῇ
1260 2153 1332 2240 ἀξίᾳ,

41 2276 178 2360 ἐλευθερίᾳ
200 2299 231 2337 τε
261 2275 309 2338 καὶ
336 2275 464 2358 ἀουάοσίᾳ
493 2273 532 2354 τῷ
560 2277 665 2356 ῥηθέντι
696 2276 867 2356 μοναστηρίῳ
896 2281 945 2350 τῆς
975 2276 1096 2350 Πάτμου.
1130 2279 1223 2338 τοῦτου
1252 2282 1333 2358 χάριν

39 2401 182 2477 γράφοντες
213 2399 418 2478 ἀποφαινόμεθα
447 2399 597 2470 συνοδικῶς
627 2397 698 2474 μετά
725 2403 780 2457 τῶν
809 2395 872 2476 περὶ
898 2399 973 2473 ἡμᾶς
1003 2397 1156 2479 ίερωτάτων
1184 2400 1333 2481 ἀρχιερέων

39 2519 81 2578 καί
102 2520 265 2600 ῦπερτίμων,
288 2525 342 2578 τῶν
367 2519 395 2578 ἐν
419 2519 489 2596 ἀγίῳ
512 2519 643 2594 πνεύματι
667 2519 814 2596 ἀγαπητῶν
833 2521 914 2596 ἡμῶν
936 2519 1063 2598 ἀδελφῶν
1085 2520 1132 2580 καί
1154 2520 1333 2604 συλλειτουρ-

38 2647 100 2720 γῶν,
123 2642 167 2700 ῖνα
189 2642 220 2700 τά
245 2641 296 2715 μὲν
320 2639 401 2720 ῥηθέν
425 2638 465 2710 εἰς
486 2635 520 2700 τά
544 2639 634 2700 αυτρθι
657 2641 785 2718 μετάχιον
808 2645 854 2700 τοῦ
877 2641 954 2719 ἀγίου
975 2641 1102 2703 ’ίωάννου
1124 2647 1171 2703 τοῦ
1191 2641 1334 2722 Θεολόγου

38 2767 80 2822 τοῦ
102 2763 130 2821 ἐν
152 2769 185 2843 τῇ
210 2765 286 2842 νήσῳ
310 2762 415 2840 Πάτμῳ
438 2763 506 2838 ὁμσῦ
529 2761 598 2836 μετὰ
620 2767 670 2836 τῆς
693 2761 721 2820 ἐν
745 2761 817 2840 αάτῷ
840 2762 992 2837 ἐκκλησίας
1013 2768 1059 2824 τοῦ
1083 2765 1161 2844 ἁγίου
1182 2765 1333 2845 Ἀντωνίου,

39 2885 74 2954 ὡς
99 2885 277 2964 ἀφιερῶματα
303 2881 351 2944 καί
377 2887 504 2960 κτήματα
526 2885 681 2962 ὑπάρχοντα
703 2885 750 2942 τοῦ
773 2883 902 2962 ῥηθέντος
925 2891 1159 2964 σταυροπηγιακσῦ
1181 2886 1228 2946 καί
1251 2888 1332 2962 βασι-

39 3004 112 3064 λικοῦ
141 3005 322 3087 μεναστηρίου
348 3013 398 3082 τῆς
422 3005 533 3081 Πάτμου
559 3005 607 3066 καί
630 3005 697 3065 αῦτά
719 3004 820 3081 ὁμοίως
843 3013 1065 3088 σταυρσιτηγιακῇ
1089 3005 1154 3089 ἀξίᾳ
1179 3007 1226 3067 καί
1251 3008 1333 3068 ἐλευ-

39 3126 111 3210 θερία
133 3129 303 3203 τετιμημένα
325 3127 396 3188 κατὰ
418 3127 467 3202 τὴν
488 3127 634 3206 περίληψιν
656 3133 710 3188 τῶν
732 3126 952 3208 προεκδοθέντων
975 3136 1217 3210 σταυροπηγιοσιῶν
1241 3130 1333 3209 σιγιλ-

38 3248 101 3308 λίων
135 3248 291 3330 ὑπάρχωσιν
325 3249 454 3327 ἀσῦδοτα,
489 3245 680 3326 ἀκαταζήτητά
712 3269 742 3309 τε
775 3248 823 3310 καί
857 3249 1046 3330 ἀνεπηρέαστα
1079 3248 1126 3310 καὶ
1160 3250 1333 3329 ἀνενόχλητα

37 3371 106 3450 παρὰ
127 3371 232 3442 παντὸς
253 3373 409 3452 προσώπου,
436 3369 483 3430 καί
506 3373 576 3448 μήτε
598 3373 615 3446 ί,
639 3371 824 3454 ἀρχιερωσύνη
847 3393 904 3449 σου,
933 3373 948 3430 ά
974 3373 1046 3432 κατὰ
1072 3374 1152 3434 τόπον
1176 3373 1332 3455 ἀρχιερεὺς,

38 3493 103 3566 μήτε
131 3492 223 3564 ἀλλος
245 3513 284 3563 τις
310 3494 341 3552 τίν
362 3494 491 3572 παράπαν
519 3493 571 3575 ἔχη
599 3495 687 3568 ζητεῖν
709 3515 734 3553 τι
756 3495 821 3574 παρ’
844 3495 932 3554 αῦτῶν
959 3501 1012 3554 τῶν
1036 3496 1240 3577 σταυροπηγίων
1261 3498 1333 3558 πολὺ

37 3617 52 3686 ἢ
78 3614 184 3694 ὀλίγον.
221 3609 267 3700 [εἰ]
296 3615 346 3691 ὀψέ
365 3635 431 3675 ποτε
460 3615 491 3674 δὲ
518 3616 624 3698 θελὴση
650 3637 690 3690 τις
722 3617 871 3694 ἐνοχλῆσαι
901 3615 948 3676 καί
977 3616 1122 3698 ἐπερεάσαι
1149 3623 1167 3694 ἢ
1194 3623 1224 3679 τ“ο
1253 3619 1333 3701 ῥηθὲν

38 3739 163 3815 μετέχιον
186 3739 205 3810 ἢ
229 3736 279 3814 τὴν
306 3735 336 3796 ἐν
364 3735 435 3813 αὐτῷ
465 3735 614 3813 ἐκκλησίαν
641 3741 687 3797 τοῦ
714 3737 791 3817 ἁγίου
815 3737 957 3799 Ἀντωνίου
983 3738 1030 3800 καί
1056 3747 1258 3822 καταφρονῆσαι
1284 3749 1334 3818 τῆς

38 3863 273 3939 σταυρσττηγιακῆς
303 3853 396 3938 ἀξίας,
428 3853 586 3940 ἐλευθερίας
614 3879 644 3918 τε
673 3859 720 3920 καί
750 3860 894 3932 ἀσυάοσίας
922 3865 969 3922 τοῦ
1000 3863 1128 3942 ῥηθέντος
1155 3862 1333 3942 μσναοτηρίου

37 3987 80 4055 της
109 3982 233 4061 Πάτμου,
263 3979 277 4038 ὁ
303 3983 422 4064 τοιοῦτος
451 3983 497 4039 τοῦ
527 3981 577 4056 μέν
608 3979 743 4061 ἱερατικοῦ
772 3984 931 4062 καταλόγου
962 3987 1000 4042 ῶν
1032 3983 1115 4064 ἀργὸς
1146 3985 1213 4045 ἐστω
1242 3987 1333 4062 πάσης

37 4099 209 4182 ἱερσπραξίας
246 4099 294 4162 καί
331 4101 513 4184 ἐστερημένος
545 4105 644 4176 παντὸς
679 4103 905 4181 ἐκκλησιαστικοῦ
939 4103 1133 4186 εἰσοθηματος,
1170 4107 1268 4178 λαϊκθς
1302 4106 1333 4166 δέ

37 4222 221 4304 ἀφωρισμένος
248 4223 291 4300 είη
319 4223 371 4283 ἀπο
398 4226 461 4284 θεοῦ
487 4219 579 4305 κυρίου
605 4227 824 4305 παντοκράτορος
850 4225 896 4286 καί
919 4229 1111 4308 κατηραμένος
1132 4227 1179 4288 καί
1202 4227 1333 4307 ἀσυγχώ-

37 4364 114 4422 ρητος
138 4344 185 4405 καὶ
209 4345 280 4422 μετὰ
302 4346 417 4406 θάνατον
442 4346 541 4418 ἀλυτσς
567 4344 613 4406 καί
635 4349 735 4420 πάσαις
756 4350 816 4419 ταῖς
837 4351 981 4428 πατρικαῖς
1007 4347 1053 4408 καί
1076 4351 1228 4422 συνοδικαῖς
1255 4351 1334 4431 ἀραῖς

36 4464 161 4539 ὑπόδικος
188 4465 235 4526 καὶ
264 4463 318 4540 ἔξω
344 4473 394 4542 τῆς
420 4469 466 4528 ’τοῦ
490 4469 606 4548 Χριστοῦ
634 4469 784 4546 ἐκκλησίας
811 4468 857 4530 καί
880 4477 930 4546 τῆς
956 4475 1010 4530 τῶν
1037 4478 1198 4552 χριστιανῶν
1225 4474 1331 4552 δμηγίν-

35 4607 110 4664 ρεως.
137 4588 207 4648 οῦτω
229 4589 351 4668 γενέσθω
373 4587 420 4649 καὶ
444 4590 481 4664 μὴ
506 4589 613 4671 ἄλλως,
638 4587 669 4664 ἐξ
692 4591 862 4671 ἀποφάσεως.
887 4593 908 4670 †

137 4713 158 4790 †
182 4709 235 4770 Ἐν
257 4709 336 4786 μηνί
359 4707 480 4791 ίσυνίῳ,
506 4709 716 4784 ίνῦικτιῶνος
738 4709 772 4774 δ’.
797 4715 818 4792 †
