3162 5278
276 545 379 612 CXL.
405 545 630 632 7223-1715,
653 569 764 613 mense
786 547 871 631 iulio,
894 547 959 612 ind.
977 547 1068 612 VIH.

38 693 187 747 Ραιιάατοίια
218 697 327 748 Cosmus
351 695 394 749 ΙΙ.
429 701 453 749 εί
487 697 604 766 synodus
636 697 779 750 decernunt
809 714 893 749 unum
923 697 1048 750 abbatem
1081 697 1240 750 monasterii
1267 713 1322 750 εσσε

336 800 480 854 αταττίιαπι
500 800 714 869 patriarchalem
737 802 766 854 εἰι
788 801 880 856 imula
900 802 1005 854 Patmo.

126 965 322 1042 ήΚοσμάς,
370 966 456 1045 ἐλέῳ
500 968 576 1027 θεοῦ
618 961 883 1047 ἀρχιειτίσκοπος
922 967 1320 1048 Κωνσταντινουπύλεως,

35 1087 113 1158 Νέας
135 1087 282 1166 Ῥώμης,
305 1085 361 1146 καὶ
385 1086 618 1164 οἰκουμενικδς
640 1093 861 1170 πατριάρχης.
886 1091 907 1168 †

126 1280 147 1358 †
171 1275 256 1351 Τάξις
279 1279 388 1356 συνέχει
409 1279 444 1338 τά
466 1281 576 1359 ούράνια
598 1278 644 1340 καί
668 1279 775 1359 ἐπίγεια
796 1278 844 1340 καὶ
867 1279 901 1340 δι’
926 1283 1008 1354 αύιής
1030 1281 1193 1359 κυβερνᾶται
1215 1281 1246 1340 τδ
1268 1284 1321 1338 πάν

34 1401 73 1456 οὐν
98 1399 175 1478 λύγῳ
200 1398 248 1458 καὶ
275 1397 442 1482 διεξάγεται,
473 1403 506 1460 ἐκ
537 1402 682 1481 διαμέτρου
713 1400 737 1460 δ’
761 1397 794 1460 αύ
826 1397 924 1474 ἀταξία
954 1403 1055 1482 ρθσρᾶς
1085 1401 1152 1462 σύσα
1181 1400 1322 1482 παραίτιος

34 1522 137 1595 ςευκτέα
169 1521 220 1596 μέν
251 1522 348 1592 άπλιῦς
380 1520 424 1581 ἐπὶ
452 1525 570 1602 πάντων,
600 1521 701 1600 πολλῷ
730 1521 761 1583 δὲ
793 1524 903 1598 μᾶλλον
935 1523 979 1582 ἐπὶ
1005 1529 1059 1582 τῶν
1087 1523 1321 1598 έκκλησιαστικιῦν

32 1641 187 1722 ύποθέσεων,
216 1637 254 1702 ύιν
278 1642 365 1716 εἴτις
388 1643 485 1722 άρέλοι
507 1647 537 1704 τδ
562 1643 698 1722 εὔτακτον,
723 1646 786 1705 αύτδ
808 1647 917 1717 πάντως
938 1648 1109 1726 παραιρεῖται
1135 1647 1166 1704 τδ
1190 1639 1260 1704 είναι
1283 1641 1322 1713 εἰς

33 1764 91 1822 αύτα
112 1764 146 1822 τὰ
168 1765 260 1842 καίρια
282 1763 493 1840 λυμαινόμενος.
519 1765 613 1840 ἐπειδὴ
636 1771 778 1846 τοιγαροῦν
802 1767 939 1844 ἀνηνέχθη
959 1767 1024 1840 ήμῑν
1044 1766 1098 1841 ήδη
1123 1766 1167 1826 διὰ
1186 1767 1321 1845 γράμμα-

30 1906 70 1956 τος
91 1887 260 1964 πεμρθέντσς
281 1889 356 1966 παρά
371 1907 402 1946 τε
424 1892 469 1947 τοῦ
492 1889 638 1947 ἑσιωτάτσυ
661 1889 869 1965 καθηγουμένου
890 1894 941 1964 τῆς
962 1889 1100 1968 ἡμετέρας
1121 1893 1322 1967 πατριαρχικῆς

31 2005 72 2065 καί
102 2013 340 2086 σταυροτιηγιακῆς
370 2015 457 2084 μονῆς
482 2014 528 2068 τοῦ
555 2009 643 2088 ἁγίου,
675 2005 786 2080 ἐνδόξου
815 2007 862 2068 καὶ
889 2013 1065 2088 πανευρήμσυ
1096 2009 1249 2069 ἀποστόλου
1275 2006 1322 2066 καί

32 2130 220 2207 εὐαγγελιστοῦ
244 2130 373 2190 Ἰωάννου
398 2135 444 2190 τοῦ
468 2130 612 2210 Θεολύγου
639 2137 688 2207 τῆς
715 2132 743 2190 ἐν
771 2138 803 2214 τῇ
831 2135 907 2212 νήσῳ
932 2131 1035 2210 Πάτμῳ
1063 2129 1109 2191 καὶ
1135 2136 1189 2189 τῶν
1216 2130 1321 2190 λοιπῶν

32 2251 230 2326 έναακουμένων
258 2253 325 2334 σύτῇ
353 2255 487 2332 πατέρων,
515 2253 555 2311 ὅτι
582 2253 710 2328 συνήθεια
739 2253 922 2333 ἐπεκράτησεν
947 2254 1036 2312 αύτθθι
1057 2251 1166 2312 παλαιά
1187 2252 1236 2326 τήν
1260 2251 1322 2310 έπι-

31 2373 123 2449 τροπὴν
149 2379 200 2449 τῆς
225 2381 425 2455 πατριαρχικής
453 2372 584 2454 ἐξαρχίας
611 2381 659 2451 τῆς
683 2375 810 2456 βηθείσης
831 2379 914 2450 νήσου
938 2375 1050 2449 Πάτμσυ
1072 2373 1226 2449 λαμβάνειν
1248 2374 1322 2454 παρὰ

28 2500 72 2568 τῆς
94 2496 155 2554 καθ’
176 2497 252 2570 ήμάς
273 2499 320 2555 τοῦ
343 2495 458 2574 Χριστοῦ
481 2495 611 2574 μεγάλης
635 2496 787 2572 ἐκκλησίας
809 2498 854 2555 τὀν
876 2497 947 2556 κατὰ
969 2497 1080 2578 καιρούς
1101 2497 1253 2574 ήγούμενον
1276 2499 1322 2554 τοῦ

31 2616 221 2696 διαληφθέντος
245 2616 434 2698 μοναστηρίου,
463 2619 501 2690 ὡς
523 2620 719 2696 προϊστάμενον
742 2625 795 2678 τῶν
819 2619 915 2678 ἀλλων
938 2617 984 2677 καὶ
1009 2619 1109 2696 ἔχοντα
1130 2619 1179 2694 τὴν
1201 2638 1321 2697 προστα-

30 2739 81 2797 σίαν
112 2739 158 2800 καί
190 2739 331 2818 ἐπίσκεψιν
363 2741 393 2800 ού
423 2743 505 2816 ράνον
535 2743 580 2799 τοῦ
612 2741 800 2820 μοναστηρίου,
832 2740 908 2800 ἀλλὰ
938 2738 986 2800 καὶ
1015 2742 1122 2799 πάντων
1149 2745 1204 2798 τῶν
1233 2739 1262 2798 ἐν
1288 2744 1321 2820 τῇ

29 2864 96 2941 νήοῳ
122 2864 205 2944 ταύτη
235 2861 378 2923 οἰκούντων
404 2868 565 2940 χριστιανιῦν
593 2860 641 2922 καὶ
667 2861 775 2922 διδόντα
803 2863 885 2938 μένον
912 2863 942 2920 τδ
971 2862 1184 2938 διατεταγμένον
1216 2861 1322 2934 ἐτήσιον

28 2990 56 3064 τῇ
82 2985 197 3066 μεγάλῃ
226 2983 362 3064 ἐκκλησία
384 2985 445 3044 κατ’
464 2985 534 3065 ἔτος,
562 2985 640 3044 αύτδν
664 2979 732 3044 εἶναι
758 2982 805 3044 καί
828 2983 987 3062 λογίζεσθαι
1010 2983 1153 3062 ἐπίτροπον
1174 2987 1225 3059 τῆς
1246 2982 1321 3056 ήμε-

29 3107 102 3182 τέρας
129 3107 230 3180 ταύτης
255 3109 455 3186 πατριαρχικής
484 3103 615 3185 ἐξαρχίας
644 3105 690 3165 καί
718 3109 786 3180 μήτε
815 3100 905 3164 ἄλλον
934 3104 993 3163 τινὰ
1019 3105 1176 3179 πέμπεσθαι
1203 3100 1321 3184 ἔξαρχον

30 3228 121 3309 πὐτέθι,
154 3225 217 3288 σύτε
248 3225 369 3287 δίδοσθαι
399 3228 484 3307 ἑτέρῳ
514 3226 565 3287 τινὶ
593 3229 624 3287 τδ
654 3234 702 3304 τῆς
733 3225 864 3308 ἐξαρχίας
890 3223 1016 3309 γράμμα,
1047 3223 1155 3300 ἀλλ’ἢ
1183 3223 1221 3304 τῷ
1250 3225 1322 3285 κατὰ

28 3349 131 3426 καιρούς
160 3351 321 3430 ἡγουμένῳ,
358 3351 388 3409 ού
422 3349 476 3424 μὴν
510 3347 588 3408 ἀλλὰ
621 3347 667 3408 καὶ
702 3347 790 3408 ἱκανοί
823 3347 971 3429 χριστιανοὶ
1004 3354 1057 3407 τῶν
1092 3348 1125 3407 ἐκ
1157 3353 1206 3423 τῆς
1239 3347 1321 3422 νήσου

28 3472 117 3547 ταύτης
147 3471 292 3550 χρησίμων
320 3477 534 3549 πραγματευτιῦν
564 3468 610 3529 καὶ
638 3469 843 3550 καραβοκυρίων
872 3472 1059 3550 παραστάντες
1091 3470 1241 3550 ἔμπροσθεν
1273 3475 1322 3544 τῆς

28 3594 97 3666 ἡμῶν
125 3593 304 3672 μετριότητος
327 3591 473 3663 συνοδικιῦς
499 3593 711 3670 προκαθημένης
734 3592 904 3669 ἀνήγγειλάν
927 3593 1011 3664 σύτως
1036 3593 1110 3670 ἔχειν
1132 3593 1166 3652 τὰ
1190 3591 1322 3672 περὶτῆς

30 3715 179 3785 ’,ποθέσεως
201 3714 300 3789 ταύτης
321 3715 494 3794 προσθέντες,
518 3714 558 3772 δτι
580 3712 627 3772 καί
652 3713 756 3773 άλλοτέ
772 3734 837 3773 ποτε
862 3715 973 3788 ἐκινήθη
996 3715 1060 3793 παρ’
1078 3716 1164 3774 αύτῶν
1184 3715 1202 3788 ή
1224 3715 1322 3792 ἀγωγή

31 3837 86 3912 αῦτη
111 3831 156 3894 ἐπὶ
179 3841 233 3894 τῶν
255 3835 307 3915 πρδ
329 3835 409 3908 ἡμῶν
431 3837 703 3913 πατριαρχευσάντων
726 3829 773 3894 καί
796 3835 935 3914 άπεράνθη
959 3833 1006 3894 καί1
1027 3837 1089 3894 τάτε
1108 3839 1154 3895 τὸν
1170 3836 1322 3912 ἡγούμενον

30 3961 102 4028 μένον
131 3959 208 4035 ἔχειν
236 3957 391 4032 λαμβάνειν
417 3957 466 4030 τὴν
495 3957 639 4036 ἐπιτροπὴν
666 3964 715 4034 της
744 3955 875 4036 ἐξαρχίας
896 3958 995 4033 ταύτης
1022 3956 1070 4016 καὶ
1093 3957 1198 4032 μηδένα
1223 3957 1319 4017 ἀλλον.

28 4081 93 4137 ταῦτ’
117 4077 164 4139 σύν
192 4077 315 4149 είπάντες
346 4077 499 4152 ἐδεήθησαν
531 4079 600 4152 μετὰ
632 4080 735 4158 θερμῆς
764 4080 968 4159 παρακλήσεως
999 4077 1229 4154 ἐπιβεβαιωθῆναι
1257 4080 1322 4157 παρ’

28 4203 98 4274 Ιἡμῶν
126 4201 163 4260 δι’
186 4201 323 4280 ἡμετέρου
349 4204 548 4280 πατριαρχικοῦ
580 4200 718 4260 συνσδυιοῦ
745 4202 909 4280 γράμματος
940 4201 988 4278 τὴν
1020 4201 1165 4280 ἐπιτροπήν
1193 4205 1243 4275 τῆς
1274 4197 1322 4272 ἐξ·

29 4324 119 4400 αρχίας
153 4323 256 4397 ταύτης
289 4325 336 4381 τοῦ
365 4320 436 4380 κατὰ
466 4321 576 4402 καιρούς
606 4321 800 4400 ήγσυμενεύειν
830 4322 967 4399 λαχόντος
999 4320 1042 4380 ἐπὶ
1070 4321 1109 4399 τῷ
1140 4322 1323 4401 ουντηρεῖσθαι

28 4443 68 4501 καί
94 4445 236 4520 διαμένειν
264 4431 405 4518 διηνεκῶς
426 4443 594 4518 ἀμετάθετον
620 4444 669 4518 τὴν
696 4441 820 4516 εύταξίαν
852 4443 937 4503 αύτάν
965 4443 1062 4518 ταύτην
1089 4443 1161 4503 κατὰ
1187 4444 1236 4518 τήν
1261 4443 1322 4504 έπι-

28 4570 197 4643 κρατήσασαν
222 4567 340 4646 ἀρχαίαν
362 4569 408 4626 τοῦ
430 4567 512 4626 τύπου
536 4565 677 4640 συνήθειαν
704 4564 752 4626 καί
775 4568 858 4642 μόνον
880 4565 1057 4646 γνωρίζεσθαι
1082 4565 1110 4624 ἐν
1133 4566 1223 4638 αύτσῐς
1244 4569 1322 4644 πριῦ-

28 4707 67 4746 τον
100 4689 149 4748 καὶ
179 4690 378 4768 προϊστάμενον
409 4691 517 4748 πάντων
547 4694 600 4747 τῶν
630 4688 728 4748 ἀλλων
763 4690 809 4748 τδν
838 4693 885 4748 τοῦ
917 4688 1112 4768 διαληρθέντος
1143 4687 1324 4769 μοναστηρίου
