3184 5288
249 357 312 422 126

248 550 334 610 πίστει
357 548 404 610 καὶ
430 548 545 630 ούδεμιᾷ
572 550 682 628 ἀνάγκη
701 551 719 622 ή
739 545 955 627 καταδυναστείᾳ
981 546 1015 604 τὰ
1041 551 1151 606 τοιαῦτα
1171 546 1217 606 δύο
1237 548 1404 626 σμικρότατα
1426 548 1542 622 τεμάχια

250 671 384 750 ἀμπέλια,
408 671 446 742 ὡς
469 672 502 728 ἂν
525 666 651 742 καθέξεις
679 667 747 728 αἰπὰ
769 668 822 728 ἀπό
848 671 894 728 τοῦ
921 670 1054 748 παρόντος
1081 667 1151 744 μετὰ
1178 669 1278 740 παντός
1304 671 1349 727 τοῦ
1377 669 1479 748 μέρους
1501 687 1541 725 σου

251 791 290 864 εἰς
311 791 374 864 τούς
401 787 467 866 ἑξῆς
495 788 542 850 καὶ
572 789 708 863 διηνεκεῖς
737 791 853 868 χρόνους
884 788 1067 870 ἀπερικόπως,
1098 788 1327 868 ἀπαρασπάττως,
1357 787 1542 860 ἀδιασείστως,

251 914 456 992 ἀνεναχλήτως,
482 912 663 988 ἀνεγκλήτως
684 908 732 970 καὶ
754 911 974 992 ἀνεπιφωνήτως,
1000 909 1099 990 κυρίως
1121 908 1167 970 καὶ
1191 909 1364 990 αύθεντικῶς,
1388 909 1431 970 ἐπὶ
1453 911 1544 991 τελείᾳ

249 1035 296 1096 καὶ
320 1035 489 1115 ἀναφαιρέτῳ
512 1031 657 1116 δεσποτεία
683 1031 730 1093 καί
757 1033 900 1112 κυριότητι,
925 1031 1020 1104 ἀδείας
1039 1053 1082 1091 σοι
1103 1030 1208 1110 καὶτῷ
1232 1033 1309 1113 μέρει
1325 1053 1371 1093 σου
1396 1032 1439 1092 ἐπ’
1460 1033 1543 1102 αὺτοῖς

250 1159 314 1239 παρ’
334 1159 412 1233 ήμῶν
437 1155 583 1232 διδομένης
605 1155 732 1235 κτάσθαι,
754 1155 882 1236 χρᾶσθαι,
904 1155 1043 1236 νέμεσθαι,
1065 1155 1171 1216 πωλεῖν
1194 1155 1261 1216 αύτόι
1283 1157 1301 1230 ῆ
1324 1153 1370 1214 καὶ
1394 1153 1543 1234 δωρεῖσθαι,

248 1280 394 1360 προικίζειν
421 1277 468 1338 καί
495 1278 665 1358 λεγατεύειν,
694 1276 818 1352 βελτιοῦν
841 1276 887 1336 καὶ
911 1277 1028 1358 ἐρημοῦν
1055 1275 1102 1338 καὶ
1129 1278 1226 1350 ἁπλῶς
1252 1279 1341 1337 πάντα
1367 1279 1495 1357 πράττειν
1516 1297 1544 1335 σε

223 1421 224 1424 ’
251 1399 293 1461 ἐπ’
323 1402 414 1472 αύτοῖς
444 1400 603 1480 ἀκωλύτως,
635 1393 684 1459 ὅσα
711 1419 752 1458 σοι
784 1399 817 1459 έκ
846 1405 899 1458 τῶν
932 1398 1102 1478 φιλευσεβῶν
1135 1403 1228 1474 νόμων
1263 1399 1479 1478 ἐκκεχῶρηνται,
1510 1400 1545 1469 ὡς

249 1525 339 1602 κύριος
361 1521 407 1582 καὶ
430 1522 537 1593 τέλειος
562 1519 609 1580 καὶ
634 1521 742 1596 ἀληθὴς
765 1520 898 1594 δεσπότης
925 1521 1035 1600 τούτων,
1064 1521 1103 1596 μὴ
1130 1523 1205 1601 παρά
1231 1541 1304 1592 τινος
1330 1521 1508 1596 κωλυόμενος
1529 1523 1544 1592 ί,

249 1643 521 1725 παρεμποδιζόμενος
549 1645 567 1716 ή
599 1642 770 1721 όχλούμενος
802 1643 832 1702 τό
863 1641 992 1723 σύνολον,
1027 1645 1057 1702 ού
1085 1644 1150 1722 παρ’
1177 1637 1256 1720 ήμῶν
1288 1644 1390 1725 αῦτῶν,
1422 1643 1452 1702 ού
1482 1643 1543 1718 παρ’

251 1767 343 1848 ἑτέρου
372 1769 516 1847 προσώπου
545 1763 592 1824 καὶ
622 1765 721 1845 μέρους
748 1766 819 1835 τινός
849 1768 1008 1844 συγγενικοῦ
1034 1765 1125 1844 ήμῶν,
1156 1763 1211 1824 εἴτε
1240 1762 1287 1824 καὶ
1315 1762 1440 1836 ἀλλοίου,
1468 1763 1545 1838 ήμῶν

250 1888 338 1948 αὐτῶν
361 1887 570 1966 συμφωνούντων
592 1884 717 1946 ἵστασθαι
743 1883 790 1943 καὶ
818 1885 964 1945 διεκδικεῖν
991 1883 1037 1946 καὶ
1060 1885 1226 1963 δεφεντεύειν
1248 1887 1280 1944 σέ
1301 1906 1332 1944 τε
1355 1883 1402 1944 καὶ
1425 1887 1497 1945 όταν
1519 1886 1546 1942 τ“ο

251 2011 336 2090 μέρος
359 2029 405 2069 σου
433 2005 542 2079 οἰκείοις
570 2003 677 2079 ἐξόδοις
705 2007 785 2082 ήμῶν
813 2005 867 2066 ἀπό
892 2007 993 2066 τούτων
1021 2007 1157 2086 ἁπάντων,
1184 2003 1232 2066 καὶ
1259 2005 1417 2066 ἀποδιδόναι
1440 2027 1482 2066 σοι
1504 2004 1547 2065 καὶ

250 2133 295 2192 τόν
318 2131 389 2190 κατὰ
415 2132 515 2204 νόμους
541 2128 690 2188 καθολικδν
712 2133 762 2203 τῆς
785 2125 952 2202 ἐκδικήσεως
975 2127 1151 2207 δεφενσίωνα,
1174 2129 1213 2200 ῶς
1235 2126 1282 2188 καί
1304 2131 1352 2188 σοῦ
1376 2127 1455 2186 αὺτοῦ
1480 2149 1547 2201 συμ-

251 2256 401 2332 φωνοῦντος
428 2249 499 2326 μετά
527 2250 628 2320 παντδς
649 2252 696 2308 τοῦ
718 2249 817 2329 μέρους
839 2269 897 2327 σου,
919 2251 950 2308 τό
972 2249 1063 2308 τελεῖν
1086 2249 1133 2308 ἀπ’
1157 2249 1246 2329 ἀρχῆς
1267 2255 1317 2324 τἧς
1341 2293 1547 2310 .........

250 2373 298 2436 καὶ
326 2371 365 2445 εἰς
390 2373 422 2432 τό
449 2369 515 2446 ἑξῆς
541 2373 571 2430 τό
599 2369 699 2445 ἀνῆκον
727 2366 911 2450 ἀναγραφικδν
941 2371 1024 2439 τέλος
1055 2370 1158 2430 αύτῶν·
1184 2369 1229 2430 διδ
1255 2369 1309 2450 γὰρ
1340 2375 1416 2430 τοῦτο
1446 2368 1494 2430 καί
1520 2371 1548 2428 τό

251 2496 337 2574 παρδν
364 2495 511 2574 πρατήριον
535 2492 670 2572 ἔγγραφον
693 2493 772 2566 ήμῶν
802 2492 869 2570 πρδς
892 2489 922 2550 σὲ
951 2488 1112 2570 έξεθέμεθα,
1141 2491 1176 2551 δι’
1200 2485 1231 2552 ού
1259 2490 1306 2552 καὶ
1333 2491 1548 2571 ἀσφαλιζόμεθα,

252 2615 368 2694 ῶσείπερ
396 2615 450 2676 ἀπδ
481 2617 527 2674 τοῦ
553 2605 687 2694 παρόντος
715 2612 912 2687 ἐναντιούμενοι
939 2615 1010 2672 κατά
1033 2633 1056 2671 τι
1084 2612 1264 2691 ἀναφανῶμεν
1288 2610 1360 2690 αύτῷ
1390 2615 1548 2692 μερικῶςῇ

251 2737 372 2798 καθόλου
406 2735 451 2796 διά
479 2735 581 2814 πλέον,
615 2736 710 2814 τυχόν,
742 2733 848 2809 τίμημα
874 2737 892 2808 ή
925 2733 959 2793 δι’
987 2733 1230 2814 ύπερθεματισμόν,
1264 2735 1310 2793 τδν
1345 2735 1475 2794 ἐπέκεινα
1506 2738 1549 2792 τοῦ

253 2860 453 2935 διπλασιασμοῦ
489 2856 536 2918 καὶ
569 2861 587 2932 ῆ
615 2855 697 2935 φόβον
727 2859 745 2930 ή
778 2855 861 2915 δόλον
892 2859 910 2930 ή
943 2854 1004 2930 βίαν
1030 2858 1048 2930 ή
1075 2856 1305 2932 καταδυναστείαγ
1336 2859 1355 2930 ή
1388 2855 1549 2935 ἀρχοντικην

253 2980 407 3062 ἐπικουρίαν
434 2983 453 3056 ή
482 2979 567 3054 νόμον
596 2981 614 3053 ἢ
643 2980 743 3056 φάκτου
769 2977 882 3055 ἄγνοιαν
911 2980 930 3052 ή
961 2976 1123 3057 ἀναργυρίαν
1152 2980 1170 3051 ῆ
1204 2975 1355 3052 διατίμησιν
1389 2979 1407 3051 ἢ
1445 2977 1550 3054 χλεύην

252 3105 270 3178 ή
299 3103 407 3178 πλάνην
437 3104 455 3174 ή
486 3100 591 3174 ἀπάτην
622 3101 640 3173 ἢ
671 3097 843 3180 ῥᾳδιουργίαν
870 3101 888 3172 ή
916 3097 1048 3178 ἀναρχίαν
1077 3101 1095 3173 ή
1129 3097 1298 3179 περιγραφὴν
1325 3101 1344 3172 ῆ
1371 3099 1550 3178 παραγραφὴν

252 3227 271 3298 ῆ
298 3225 442 3302 ὑπόσχεσιν
469 3225 487 3296 ῆ
516 3223 607 3300 ἕτερόν
630 3241 654 3280 τι
680 3221 794 3296 νόμιμον
821 3217 1045 3300 πρόβλημαγκαὶ
1071 3217 1222 3298 κεφάλαιον
1248 3220 1279 3280 τδ
1306 3219 1358 3280 ἐπιδ
1386 3222 1444 3292 τοῖς
1471 3219 1550 3288 θείοις

253 3345 347 3420 νόμοις
375 3347 584 3424 προσεπαρῆγον
613 3343 679 3420 ἡμῖν
715 3339 755 3412 είς
784 3341 938 3422 ἀνατροπὴν
972 3345 1019 3400 τοῦ
1045 3343 1178 3422 παρόντας
1209 3341 1346 3421 ἐγγράφου
1372 3343 1452 3417 ήμῶν
1483 3362 1550 3418 προ-

254 3465 431 3544 βαλούμεθα,
468 3460 516 3523 καὶ
549 3462 593 3522 διὰ
626 3465 709 3522 ταῦτα
741 3462 843 3539 κίνησίν
873 3483 932 3524 τινα
965 3467 983 3537 ή
1014 3463 1128 3542 ἀγωγήν
1157 3463 1187 3522 ἐν
1218 3462 1354 3542 οίιρδήτινι
1388 3462 1550 3542 δικαστηρίῳ

253 3586 320 3647 ποτὲ
349 3590 403 3645 τῶν
432 3589 534 3664 καιρῶν
565 3582 745 3660 βουληθῶμεν
772 3586 855 3644 κινεῖν
882 3584 953 3644 κατὰ
975 3589 1021 3645 σοῦ
1044 3588 1062 3658 ῆ
1084 3590 1130 3646 τοῦ
1153 3588 1253 3666 μέρους
1275 3588 1323 3646 σοῦ
1346 3583 1481 3666 περὶτῆς
1505 3585 1550 3644 δε-

255 3707 382 3779 σποτείας
404 3704 452 3765 καὶ
473 3711 596 3783 κατοχῆς
618 3705 727 3784 τούτων,
750 3707 818 3766 αῦτά
836 3726 866 3765 τε
890 3705 971 3782 δῆθεν
995 3706 1215 3782 ἀνακαλούμενοι
1238 3713 1359 3788 μερικῶς
1380 3709 1398 3779 ἢ
1421 3705 1550 3766 καθόλου.

254 3828 302 3888 καὶ
328 3829 358 3888 τδ
384 3828 471 3906 παρόν
497 3825 577 3901 ήμῶν
600 3827 736 3906 ἔγγραφον
760 3827 903 3902 διαβαλεῖν
926 3831 944 3903 ή
968 3827 1108 3907 ἀργεῖσθαι
1130 3829 1326 3908 πειρασόμεθα,
1351 3826 1419 3888 ἀλλ’
1438 3827 1550 3905 ύχληοιν

254 3954 273 4026 ῆ
296 3949 395 4025 ζημίαν
419 3968 460 4008 σοι
486 3949 587 4008 τούτων
611 3949 693 4008 ἕνεκα
720 3950 750 4008 τδ
778 3943 889 4010 σύνολον
912 3945 1126 4030 προξενήσομεν,
1150 3951 1180 4009 ού
1203 3951 1286 4026 μόνον
1308 3950 1407 4024 ταύτην
1431 3950 1480 4024 τὴν
1503 3951 1549 4024 ζη-

256 4071 330 4148 μίαν,
367 4071 428 4145 ήτις
458 4071 490 4128 ἂν
519 4068 567 4130 καί
598 4069 682 4148 ἐστίν,
713 4068 886 4146 ἀποδίδωμέν
916 4091 967 4148 σοι,
999 4070 1075 4130 ἀλλά
1104 4069 1151 4130 καὶ
1179 4074 1197 4130 άί
1228 4069 1369 4147 ἐλάβομεν
1401 4070 1552 4147 νομίσματα

257 4191 309 4251 ἀπδ
343 4194 389 4249 σοῦ
415 4190 486 4251 κατὰ
507 4192 537 4250 τό
561 4189 703 4250 διπλάσιον
730 4191 797 4270 πρός
820 4191 850 4250 σέ
878 4190 1052 4266 ἀποδίδωμεν
1079 4189 1126 4252 καὶ
1154 4189 1211 4252 ἀντὶ
1233 4191 1391 4272 προστίμου,
1422 4194 1491 4272 προς
1523 4190 1550 4248 δέ

255 4311 287 4370 τδ
310 4311 452 4386 βασιλικόν
476 4312 626 4394 βεστιάριον
648 4313 679 4372 τδ
701 4311 788 4392 τρίτον
811 4313 920 4394 τούτων,
943 4315 1011 4392 πρός
1029 4315 1059 4373 τό
1079 4311 1126 4374 καὶ
1149 4314 1234 4386 ούτως
1258 4313 1392 4394 ἐρρῶσθαι
1415 4315 1446 4373 τό
1468 4315 1550 4392 παρόν

258 4433 394 4514 ἔγγραφον
416 4435 505 4514 ήμῶν,
532 4434 578 4494 καὶ
605 4436 662 4504 τοῖς
688 4434 782 4510 νόμοις
805 4429 874 4494 εἶναι
897 4434 1006 4514 δεκτόν,
1031 4435 1059 4494 ἐν
1083 4430 1105 4514 ᾧ
1127 4433 1175 4494 καὶ
1198 4434 1269 4511 μετὰ
1291 4436 1322 4495 τό
1346 4435 1551 4516 ἀναγνωσθῆναι

258 4549 344 4639 [ήμῖν]
367 4558 444 4615 τοῦτο
473 4554 520 4615 καὶ
548 4556 745 4634 έρμηνευθῆναι
766 4555 841 4636 παρὰ
862 4559 908 4615 τοῦ
929 4557 993 4636 παρ’
1009 4557 1088 4632 ήμῶν
1109 4557 1331 4635 προσκληθέντος
1353 4555 1552 4638 ταβουλλαρίου

256 4675 317 4746 τούς
336 4675 437 4748 τιμίους
457 4677 585 4755 σταυροὺς
605 4677 771 4750 ἐποιήσαμεν
792 4678 905 4754 ἀνωθεν,
925 4681 971 4736 τοῦ
990 4679 1070 4755 ύφους
1090 4679 1292 4759 γραφέντοςτῆ
1315 4679 1396 4754 ἡμῶν
1417 4685 1552 4758 προτροπῇ
