3228 5294
264 359 305 423 76

264 553 316 612 ἀπό
343 559 398 611 τῶν
427 552 554 631 ἀδελφῶν
584 554 662 628 ἡμῶν
692 555 707 611 ό
737 553 823 630 λόγος
854 553 1049 630 ἐπιμνησθείη·
1074 553 1168 628 ἐπειδὴ
1198 551 1253 635 γάρ
1280 556 1391 628 πολλὴν
1422 556 1482 632 ἔχει
1509 557 1554 628 τὴν

264 671 379 753 ἐρημίαν
414 675 430 747 ἡ
462 681 543 748 νῆσος
577 672 623 732 καί
657 675 746 744 θέσεις
779 676 869 734 τόπων
903 672 967 734 είσὶν
1001 676 1030 734 ἐν
1064 677 1130 756 αύτῇ
1163 677 1193 734 τό
1226 677 1359 756 ἠρεμαῖον
1392 679 1479 758 πάντη
1511 678 1553 736 καί

265 791 397 874 ἀθόρυβον
421 793 631 874 ένδεικνύμεναι,
655 795 747 870 οἴομαι
769 794 816 854 καί
838 797 905 876 πρός
927 797 976 870 τἠν
999 797 1109 874 ὑψηλὴν
1131 797 1228 871 ταύτην
1250 795 1298 855 καὶ
1319 800 1375 869 τοῖς
1398 797 1447 856 ύπό
1466 801 1554 856 παθῶν

265 916 447 993 όχλουμένοις
477 917 516 975 ἔτι
544 915 716 994 δυσπρόσιτον
751 917 906 996 διαγωγὴν,
940 918 984 975 ίνα
1016 917 1053 991 μὴ
1083 918 1163 996 λέγω
1192 915 1238 976 καί
1267 917 1373 990 τελέως
1407 919 1553 998 ἀνέφικτον,

264 1037 339 1108 τινάς
371 1037 493 1096 ἐντεῦθεν
525 1037 753 1117 ἐρεθισθήσεσθαι.
785 1039 867 1120 ταύτῃ
898 1059 938 1098 τοι
968 1037 1015 1098 καὶ
1047 1038 1228 1119 ἐντέλλομαι,
1260 1041 1297 1110 ῶς
1329 1039 1355 1098 εῖ
1381 1061 1440 1098 τινα
1465 1038 1516 1100 ἴδοι
1541 1044 1554 1100 ό

263 1159 470 1236 καθηγούμενος
492 1160 553 1230 ταῖς
575 1163 620 1218 τοῦ
642 1159 778 1233 κοινοβίου
800 1160 929 1241 πρότερον
953 1159 1077 1239 ἀγωγαῖς
1099 1159 1145 1220 καὶ
1167 1163 1224 1232 τοῖς
1245 1167 1295 1240 τῆς
1314 1161 1452 1240 ὑποταγῆς
1474 1162 1554 1237 ἀθλή·

263 1300 329 1354 μασι
352 1286 470 1359 στερρῶς
493 1279 755 1361 ἐνευδοκιμήσαντα,
784 1281 878 1340 ἔπειτα
906 1282 998 1356 μέντοι
1024 1280 1070 1342 καί
1097 1284 1165 1362 πρός
1191 1284 1221 1342 τό
1243 1289 1292 1357 τῆς
1314 1283 1431 1360 ἡσυχίας
1454 1285 1554 1343 στάδιον

262 1401 408 1480 προθύμως
446 1401 630 1462 ἀποδύσασθαι
667 1403 895 1482 προαιρούμενον,
936 1403 1035 1482 ἐφεῖναι
1075 1405 1126 1479 μὲν
1165 1403 1236 1482 αύτῷ
1273 1403 1320 1464 καί
1358 1405 1397 1480 μὴ
1433 1403 1553 1480 ἐμποδῶν

262 1522 389 1601 γενέσθαι
415 1523 482 1602 πρός
509 1527 603 1598 κτῆσιν
630 1523 754 1598 μείζονος
781 1524 901 1602 ἀγαθοῦ·
933 1526 1029 1603 φθόνος
1057 1523 1111 1605 γὰρ
1141 1510 1230 1596 ούδείς
1260 1525 1333 1605 παρὰ
1363 1527 1465 1606 πατρός
1494 1527 1554 1596 υἱοῖς

263 1651 400 1720 νουνεχῶς
421 1641 460 1715 εἰς
480 1643 576 1724 νοερδιν
593 1645 781 1722 ἐπειγομένοις
804 1644 946 1725 ἀνάβασιν,
970 1645 1070 1724 ἐφεῖναι
1094 1646 1125 1706 δέ
1148 1648 1199 1725 σύχ
1221 1647 1327 1727 ἁπλῶς,
1344 1645 1400 1706 οῦδ
1423 1649 1493 1706 ῶστε
1514 1653 1555 1706 τοῦ

263 1765 359 1824 λοιποῦ
380 1763 442 1837 τούς
464 1766 611 1843 ἡσυχάζειν
633 1767 837 1842 προελομένους
861 1767 1025 1848 αὐθαιρέτως
1053 1765 1126 1840 βιοῦν
1148 1761 1196 1827 καί
1219 1771 1344 1846 γνώμαις
1365 1771 1425 1841 ταῖς
1448 1767 1554 1839 οἰκείαις

264 1889 396 1966 στοιχεῖν,
420 1887 459 1958 ῶς
485 1886 539 1963 ἤδη
562 1887 608 1946 τόν
627 1892 676 1962 τῆς
699 1888 821 1963 ὑπακοῆς
843 1888 923 1966 ζυγόν
950 1887 994 1966 ἀφ’
1018 1888 1120 1947 ἑαυτῶν
1143 1887 1343 1969 ἀπορρίψαντας
1369 1888 1415 1949 καί
1441 1895 1490 1964 τῆς
1513 1895 1555 1950 τοῦ

262 2012 432 2087 προεστῶτος
460 2007 580 2086 ζεύγλης
608 2007 670 2080 τούς
700 2006 783 2080 ἰδίους
815 2009 933 2085 αἰιχένας
961 2008 1214 2089 ἐλευθερώσαντας·
1243 2011 1282 2085 μὴ
1313 2009 1356 2086 εἴη
1385 2014 1463 2070 τοῦτο
1494 2011 1555 2086 μηδ’

263 2130 304 2208 ἐφ’
339 2129 393 2208 ένί,
433 2129 498 2206 μηδ’
533 2130 645 2190 ἀνεκτόν
679 2130 774 2209 φανείη
808 2133 864 2202 τοῖς
895 2131 957 2205 μεθ’
987 2133 1062 2205 ἡμᾶς
1093 2135 1141 2206 τῆς
1172 2131 1235 2189 καθ’
1272 2132 1348 2206 ἡμᾶς
1379 2133 1555 2210 εύαγεοτάτης

263 2249 387 2332 μάνδρας
413 2253 643 2332 προστησαμένοις
670 2250 717 2311 καί
744 2255 799 2322 τοῖς
826 2252 870 2311 ἀπ’
898 2254 985 2312 αῦτῶν
1012 2251 1094 2323 όσίως
1120 2255 1341 2328 ποιμαινομένοις
1369 2253 1494 2332 λογικοῖς
1514 2257 1555 2311 τοῦ

263 2373 378 2451 Χριστοῦ
404 2372 551 2452 προβάτοις
579 2371 626 2432 καὶ
657 2374 810 2452 ἀγαπητοῖς
841 2373 869 2432 ἐν
899 2373 982 2453 κυρίῳ
1010 2375 1115 2445 τέκνοις
1142 2395 1210 2450 μου.
1239 2373 1306 2433 ἀλλ’
1339 2375 1408 2434 έστω
1438 2375 1489 2450 μέν
1514 2373 1557 2433 καί

266 2491 340 2564 αὖθις
364 2493 378 2551 ό
406 2493 521 2568 μέλλων
548 2497 698 2573 ἡσυχάσαι,
727 2497 799 2566 ὅστις
826 2498 858 2554 ἀν
885 2495 932 2555 καὶ
956 2495 1009 2574 εἴη,
1031 2497 1149 2571 ποιμένα
1173 2497 1245 2573 έχων
1267 2495 1315 2555 καί
1338 2503 1496 2574 προεστῶτα
1516 2497 1556 2554 τόν

264 2615 472 2692 καθηγούμενον
508 2613 554 2674 καὶ
581 2615 629 2690 τὴν
657 2617 794 2694 ὑποταγὴν
825 2615 897 2695 αύτῷ
927 2613 973 2676 καί
1002 2617 1051 2691 τὴν
1081 2617 1202 2692 ὑπακοὴν
1238 2615 1351 2696 τηρείτω
1386 2617 1432 2676 διά
1462 2619 1556 2686 παντός

264 2735 502 2815 ἀπαράθραυστον·
526 2737 555 2795 έν
578 2737 712 2816 ἀπωτάτω
736 2736 766 2797 δέ
793 2743 843 2812 τῆς
870 2743 956 2814 μονῆς
984 2735 1023 2809 είς
1051 2737 1200 2818 ἀπορρῶγα
1221 2739 1321 2818 πέτραν
1343 2741 1362 2812 ἢ
1385 2739 1555 2814 οπηλαιονί,

263 2854 378 2918 κελλίον
411 2859 493 2931 μόνος
523 2859 681 2933 καθήμενος
706 2855 753 2918 καί
780 2858 829 2931 τὰς
855 2857 1060 2933 ύποθημοσύνας
1092 2859 1125 2918 ἐκ
1159 2863 1205 2919 τοῦ
1238 2860 1367 2934 ποιμένος
1400 2859 1555 2936 δεχόμενος,

262 2979 355 3054 ύμνοις
378 2977 425 3038 καί
447 2983 612 3060 προσευχαῖς
637 2978 684 3040 καί
710 2984 818 3059 νσεραῖς
845 2981 947 3052 ἐνθέοις
975 2976 1114 3060 ἐργασίαις
1141 2979 1394 3062 προοασχσλείσθω,
1417 2983 1556 3060 παρεχέτω

263 3099 293 3160 δὲ
318 3101 390 3179 αύτῷ
413 3100 452 3172 εἰς
475 3101 610 3182 φίμωτρον
634 3101 749 3178 ἀκηδίας
771 3102 817 3161 καί
839 3123 898 3162 τινα
917 3103 986 3178 ύλην
1008 3101 1167 3182 ἐργοχείρου
1189 3103 1204 3159 ό
1226 3103 1444 3182 καθηγούμενος,
1469 3103 1507 3174 ῶς
1528 3105 1556 3159 ἀν

263 3223 416 3302 ἀπαρτίζων
443 3225 474 3282 τό
500 3224 685 3300 κελευόμενον
716 3221 864 3298 είσκομῖζοι
894 3223 933 3302 τῷ
963 3229 1126 3304 προεστῶτι,
1157 3225 1187 3282 όν
1217 3225 1314 3304 τρόπον
1343 3222 1390 3283 καί
1418 3225 1444 3282 οῖ
1470 3221 1556 3284 λοιποί

262 3349 315 3403 τῶν
338 3344 466 3422 ἀδελφῶν
490 3343 514 3404 οἱ
537 3345 747 3425 ἐργοχειράριοι,
770 3347 809 3416 ῶς
831 3345 959 3425 ἀνωτέρω
982 3346 1132 3423 φθάσαντες
1155 3345 1352 3420 ἐδηλώσαμεν.

365 3463 419 3528 κδ’.
442 3467 478 3525 Ἥ
511 3487 546 3544 γε
581 3467 634 3540 μἠν
670 3465 758 3526 δίαιτα
791 3463 830 3544 τῷ
863 3467 1003 3547 ἠσυχαοτῇ
1034 3466 1106 3526 κατὰ
1135 3466 1184 3537 τάς
1213 3467 1294 3526 πέντε
1324 3473 1374 3540 τῆς
1406 3465 1556 3542 ἑβδομάδος

262 3587 370 3666 ἡμέρας
401 3587 500 3666 ἄπυρος
529 3587 603 3647 ἔσται
630 3587 751 3647 καθόλου
780 3587 826 3646 καὶ
857 3587 1068 3667 ἀμαγείρευτος,
1098 3589 1261 3667 τραφήσεται
1293 3587 1324 3647 δέ
1354 3588 1416 3646 καθ’
1446 3589 1555 3662 ἑκάστην

263 3708 368 3787 ἡμέραν
390 3705 462 3779 ἅπαξ
486 3708 556 3782 μετά
578 3709 626 3782 τὴν
651 3708 762 3782 ἐννάιην
785 3711 858 3788 ῶραν
883 3708 1054 3789 ξηροφαγῶν,
1079 3707 1230 3783 διδομένων
1253 3707 1325 3787 αύτῷ
1349 3707 1495 3788 προστάξει
1517 3711 1555 3767 τού

263 3829 338 3904 ἀββά
361 3830 394 3889 ἐκ
415 3834 461 3889 τοῦ
483 3829 619 3904 κοινοβῖου
641 3837 695 3890 τῶν
717 3831 784 3908 πρός
811 3824 951 3912 διοίκησιν,
978 3831 1050 3890 κατὰ
1077 3829 1107 3890 δέ
1133 3831 1182 3904 τὴν
1204 3835 1250 3890 τοῦ
1273 3830 1411 3905 σαββάτου
1434 3831 1554 3908 λειτουρ-

262 3951 325 4027 γίαν
350 3950 490 4011 ἐλεύσεται
514 3951 542 4010 ἐν
564 3959 597 4034 τῇ
621 3959 701 4033 μονῇ,
724 3949 772 4010 καί
795 3953 1029 4027 συνεστιαθήσεται
1051 3959 1084 4034 τῇ
1109 3952 1283 4032 ἀδελφότητι,
1305 3951 1352 4012 καί
1375 3949 1510 4024 συνδιάξει
1531 3951 1555 4009 ἐι

263 4093 293 4131 τε
312 4071 350 4152 τῷ
373 4073 496 4152 λυχνικῷ
518 4071 565 4133 καί
585 4079 618 4154 τῇ
639 4073 781 4155 ἀγρυπνίᾳ,
804 4077 957 4154 παραμενεῖ
976 4093 1005 4132 τε
1025 4081 1057 4155 τῇ
1078 4071 1139 4156 θείᾳ
1159 4073 1337 4155 μυσταγωγίᾳ
1359 4079 1408 4148 τῆς
1431 4077 1555 4152 κυριακῆς

263 4195 493 4270 μεταληψόμενος
515 4199 569 4254 τῶν
593 4194 676 4272 ἁγίων
704 4199 750 4255 τοῦ
771 4197 888 4275 Χριστοῦ
916 4195 1079 4275 μυστηρίων,
1108 4193 1130 4254 εί
1160 4195 1296 4275 ἐπιτρέψει
1319 4195 1333 4254 ό
1356 4196 1555 4274 καθηγούμενος

263 4313 341 4398 (ἀτερ
369 4310 422 4395 γάρ
446 4322 495 4392 τῆς
520 4315 663 4395 ἐπιτραπῖγς
687 4315 792 4376 ἐκείνου
815 4317 878 4377 ούδέ
904 4323 958 4376 τῶν
987 4317 1176 4396 ἀγιαομιίτων,
1205 4319 1295 4395 ῶσπερ
1323 4315 1386 4375 ούδέ
1407 4337 1448 4386 τις
1472 4316 1555 4383 ἀλλος

263 4441 316 4492 τῶν
353 4435 490 4518 ἀδελφῶν,
520 4435 782 4520 καταξιωθήσεται),
813 4434 888 4509 αὖθίς
917 4459 947 4496 τε
975 4438 1124 4498 ἀπολαύσει
1151 4443 1200 4512 τῆς
1227 4443 1320 4512 κοινῆς
1346 4439 1483 4518 τραπέζης
1510 4442 1555 4496 τῶν

266 4555 409 4636 ἀδελφῶν,
442 4555 489 4617 καί
520 4559 591 4618 κατά
621 4559 669 4633 τὴν
698 4565 748 4636 τῆς
782 4559 864 4634 αύτῆς
896 4561 1018 4640 ἡμέρας,
1050 4559 1134 4637 ἤγουν
1167 4565 1216 4634 τῆς
1249 4565 1395 4640 κυριακῆς,
1430 4559 1555 4640 ἑσπέραν,

262 4680 359 4754 λαβὼν
382 4681 416 4740 τά
440 4679 479 4750 είς
502 4681 549 4754 τὴν
572 4681 697 4740 ἐπιοῦσαν
726 4679 870 4755 ἑβδομάδα
897 4685 914 4754 ἡ
939 4681 1050 4756 μᾶλλον
1079 4679 1118 4751 είς
1145 4683 1175 4740 τό
1202 4687 1252 4756 τῆς
1280 4680 1436 4755 ἑβδομάδος
1458 4681 1555 4752 πενθή-
