3184 5288
1260 324 1319 389 121

128 519 394 600 ’ρίίοιτεστρῶθη
418 519 451 578 ἐν
473 519 516 598 τῷ
539 520 685 600 σεκρέτῳ
707 525 766 595 τῆς
788 519 970 598 θαλάσσης,
999 517 1077 594 μηνὶ
1099 511 1320 599 ρεβρουαρίιρ,

41 641 232 712 ἰνδικτιῶνος
256 637 291 720 δ’,
315 640 369 702 διὰ
391 645 446 702 τοῦ
468 641 643 722 Μελίγνου
667 642 829 701 Ἰωάννου.
853 641 874 721 †

126 771 164 824 Ει
188 771 237 823 ubi
250 770 324 838 folia
344 770 447 842 ρίαιίαε
466 771 560 826 iuncta
578 777 658 824 eunt:
682 766 702 844 †
725 765 790 824 Τοῡ
812 763 974 838 σεβαστοῡ
997 761 1053 824 καὶ
1077 761 1129 822 ἐπὶ
1151 765 1206 822 τοῦ
1227 783 1321 822 κονι-

40 883 139 944 ιλείου
161 885 353 964 Δημητρίου
375 889 430 944 τοῦ
452 885 605 964 Τορνίκη.
628 887 648 965 †

128 1012 221 1068 cmm-t.
246 1013 321 1066 Hor.
343 1029 393 1066 τινα
410 1013 459 1066 20.
484 1011 542 1082 Νηο
559 1013 596 1067 21
623 1013 738 1068 alterum
761 1013 898 1084 σααιαρίιιι·
919 1013 1005 1070 chart.
1021 1014 1220 1083 τυθεονάρίιιπισ
1242 1005 1263 1082 †
1286 1004 1321 1063 Ὀ

39 1128 116 1207 νρπης
142 1131 189 1186 τοῦ
216 1127 305 1202 βηλου
332 1127 488 1208 Δημήτριος
516 1125 784 1208 πρωτονοβελίσιμος
812 1129 827 1188 ό
854 1127 956 1210 Δριμθς
986 1128 1017 1187 τό
1044 1129 1130 1208 παρόν
1158 1121 1216 1186 ἴσον
1246 1125 1321 1186 ἀντι-

39 1249 120 1322 βολῶν
144 1248 184 1328 τῷ
210 1251 377 1330 πρωτοτθπῳ
403 1249 579 1330 προσκυνητῷ
605 1249 806 1330 χρυσοβοόλλῳ
832 1251 911 1330 λόγῳ
939 1250 1093 1331 ὑπέγραψα.
1117 1251 1138 1328 †
1166 1255 1212 1310 13oe
1238 1272 1322 1310 exem-

35 1378 100 1445 ρίιιινΙ
119 1378 257 1448 descripta
278 1385 350 1447 σαντί,
383 1397 452 1448 quae
478 1379 636 1450 ίσρσθαιιίιιτ
663 1397 695 1433 ατ
725 1397 822 1434 aversa
848 1385 932 1449 parte
962 1378 1116 1448 archetypi:
1147 1370 1321 1450 κατεστρώθη

37 1493 97 1572 κτλ,
119 1517 188 1570 quae
206 1507 322 1570 propter
348 1501 469 1555 chartam
498 1501 698 1572 aqqlutiuatam
725 1501 779 1571 ίαρι·
804 1517 857 1554 non
879 1507 1003 1570 ροααυιιό.
1037 1498 1158 1553 Tertium
1184 1497 1323 1568 exemplar

37 1639 75 1674 πο
94 1623 143 1690 22,
166 1623 363 1692 πιόνοηρίυιπν
387 1615 408 1694 †
432 1614 467 1674 ‘O
490 1615 585 1696 κριτὴς
607 1617 653 1674 τοῦ
675 1613 763 1690 βήλου
785 1613 832 1674 καὶ
856 1613 899 1674 ἐπὶ
921 1617 968 1675 τοῦ
990 1613 1168 1696 ἱπποδρόμου,
1192 1613 1323 1689 Ἰωάννης

37 1737 46 1793 ἒ
75 1737 260 1817 Μελισσηνός,
297 1737 328 1796 τό
360 1738 447 1816 παρὀν
479 1735 536 1796 ἴσον
569 1735 608 1814 τῷ
643 1735 832 1816 ἐμφανισθέντι
865 1758 911 1813 μοι
948 1736 1113 1819 πρωτοτίιπῳ
1146 1733 1321 1816 προσκυνητῷ

34 1859 219 1940 γρυσοβοίιλλιρ
242 1857 396 1934 ἀντιβολῶν
419 1859 572 1940 ὑπέγραψα.
596 1859 616 1938 †

239 2203 383 2268 XXXII.
408 2201 635 2288 6694-1186,
659 2225 770 2268 mense
794 2185 933 2290 augusti,
956 2202 1021 2268 ind.
1046 2203 1103 2268 IV.

37 2369 175 2438 Imperator
199 2369 328 2425 Ιοαυσίαι
350 2369 470 2442 Δαρείου
492 2369 583 2423 nimie
606 2386 625 2422 a
647 2370 756 2424 ίνίόαίάε
781 2387 829 2424 m
850 2369 955 2424 οοίοκοε
977 2369 1135 2424 monasterii
1157 2369 1186 2424 S.
1207 2369 1321 2424 Mariae

62 2475 231 2544 ,ίίθαιίσιιτόη
256 2475 359 2530 conditi
380 2494 399 2530 a
421 2473 549 2530 monacho
572 2475 712 2528 Ιοαααόσίο
735 2475 764 2528 in
787 2475 900 2529 themate
922 2475 1052 2546 Μρόιιεαα
1074 2481 1099 2529 et
1123 2474 1287 2529 Μαίααυιίάό.

126 2711 230 2790 ’ρΟθκ
258 2712 316 2772 ἔδει
342 2711 391 2786 τὴν
421 2711 454 2772 ἐκ
482 2709 664 2792 πολυχρονίου
690 2717 770 2790 σιγῆς
797 2711 843 2772 καὶ
871 2718 980 2792 μακρᾶς
1007 2711 1192 2788 βεβιασμένης
1219 2717 1321 2787 σιωπῆς

34 2835 72 2890 τοῦ
96 2838 217 2912 μονσχοῶ
245 2833 410 2894 Ἰωαννικίου
438 2833 582 2914 δεητηριον
609 2833 699 2912 φωνὴν
727 2835 773 2909 τὴν
797 2833 939 2909 βασιλείαν
963 2855 1015 2909 μου
1042 2833 1211 2913 ἀποπέμψαι,
1243 2833 1321 2894 ἀλλὰ

35 2952 72 3011 διὰ
96 2956 141 3030 τὴν
171 2954 282 3036 μακρὰν
310 2957 389 3015 αὑτοῦ
419 2954 523 3030 σιωπὴν
553 2955 602 3030 τὴν
633 2953 804 3034 βραχυτάτην
837 2953 994 3030 αἰδεσθῆναι
1024 2955 1114 3034 φωνην
1143 2953 1190 3014 καὶ
1217 2955 1248 3014 τδ
1275 2954 1321 3013 διὰ

34 3075 119 3152 τσότης
148 3075 258 3154 αἰτηθὲν
290 3077 484 3158 ἐκπληρῶσαι·
512 3077 543 3136 τό
571 3075 612 3156 δέ,
641 3077 671 3135 οθ
697 3077 768 3136 κατὰ
796 3076 963 3158 ἀνθρωπίνην
992 3077 1115 3156 θέλησιν,
1143 3075 1221 3136 άλλόι
1249 3075 1320 3134 κατὰ

34 3195 86 3256 θεοῦ
113 3199 297 3279 εὐοιρέστησιν.
325 3197 445 3278 ᾐτήσατο
472 3200 536 3276 γοῦν
564 3197 578 3256 ό
606 3201 725 3269 τοιοῦτος
756 3199 916 3272 τιμιιθτατος
946 3198 1069 3276 μονοχθς
1097 3197 1146 3272 τἠν
1176 3185 1319 3270 βασιλείαν

36 3337 78 3388 μου
106 3318 261 3400 δωρηθῆναι
289 3325 323 3402 τῇ
353 3319 417 3398 παρ’
441 3319 521 3378 αὺτοῦ
551 3319 727 3400 ἀνεγερθείσῃ
757 3325 828 3401 μονῇ
858 3319 887 3378 ἐν
914 3317 953 3397 τῷ
983 3319 1078 3394 θέματι
1108 3318 1244 3394 Μυλάοης
1272 3315 1320 3376 καὶ

35 3438 223 3522 θίελοινουδίου,
252 3442 281 3501 ἐν
307 3447 341 3524 τῇ
368 3439 511 3522 τοποθεοίᾳ
537 3445 584 3501 τοῦ
612 3441 691 3522 ἁγίου
714 3442 842 3501 Ἰωάννου
868 3445 914 3501 τοῦ
940 3441 1040 3522 Βάτου,
1068 3440 1110 3500 ἐπ’
1134 3441 1245 3515 όνόμοιτι
1270 3444 1320 3514 τῆς

36 3558 170 3640 Ιἰτερσιγίας
194 3563 339 3640 δεσποίνης
366 3563 494 3623 θεοτόκου
521 3568 571 3638 τῆς
595 3562 623 3622 ἐν
647 3563 770 3638 Ἀθήναις
791 3563 958 3642 τιμωμένης,
988 3560 1161 3637 ἐξκουσσείαν
1183 3561 1321 3643 παροίκων

36 3679 61 3754 ἐξ
79 3683 252 3764 προσασθίσαι
280 3684 454 3764 ὀφειλόντων,
483 3683 548 3744 ἔνθα
574 3687 606 3743 ἂν
629 3685 769 3764 εθρεθῶσι,
796 3681 844 3744 καὶ
871 3684 1033 3764 ἐργάζεσθαι
1062 3682 1230 3757 δεσποτικῶς
1257 3682 1320 3744 δια-

38 3807 151 3884 ρέρουσοιν
174 3812 227 3886 γῆν
249 3813 284 3888 τῇ
306 3807 370 3886 παρ’
395 3807 474 3866 σούτοό
496 3804 674 3887 άνεγερθείοῃ
698 3811 777 3887 μονῇ,
800 3803 847 3865 καὶ
871 3803 1052 3881 αἰτησάμενος
1075 3806 1170 3885 ἔτυχε·
1194 3805 1320 3886 δωρεῖται

37 3927 81 4005 γὰρ
106 3929 123 4001 ἡ
148 3927 278 4002 βασιλεία
306 3947 357 4003 μου
392 3925 436 3986 διὰ
467 3930 513 3987 τοῦ
546 3929 679 4007 παρόντος
711 3927 919 4007 χρυσοβοίιλλου
953 3927 1039 4006 λόγου
1069 3933 1102 4009 τῇ
1133 3924 1319 4009 διαλειρθείσρ

39 4055 98 4130 μονῇ
124 4047 294 4122 ἐξκουσσείαν
316 4049 453 4129 παροίκων
476 4045 508 4122 ἓξ
531 4048 683 4130 ἐλευθέρων
705 4047 752 4108 καὶ
775 4047 814 4127 τῷ
845 4048 967 4128 δημοσίῳ
998 4049 1204 4128 άνεπιγνῶστων
1232 4067 1319 4126 προσ-

38 4169 134 4230 καθίσσι
164 4171 337 4251 δρειλόντων,
367 4171 431 4232 ἔνθα
465 4173 497 4230 άν
530 4171 669 4252 εθρεθῶσι,
704 4168 750 4230 καὶ
783 4177 836 4249 γῆν
871 4171 1036 4242 δεσποτικῶς
1065 4175 1099 4252 τῇ
1134 4168 1319 4250 διαλειρθείσρ

39 4299 99 4372 μονῇ,
132 4291 304 4374 διαφέρουσαν
338 4293 510 4373 ἐργάζεσθαι.
541 4289 588 4352 καὶ
623 4291 765 4372 διορίζεται
801 4291 844 4351 διὰ
874 4295 921 4351 τοῦ
949 4293 1082 4372 παρόντος
1111 4289 1319 4370 χρυσοβοίιλλου

38 4412 122 4492 λόγου,
147 4411 364 4487 ἑξκουσσεθεσθαι
391 4413 453 4486 τοὺς
474 4413 608 4486 τοιούτους
629 4411 776 4494 παροίκους
798 4412 851 4472 ἀπό
874 4414 963 4489 πάσης
986 4411 1147 4492 ότηγοιρείας,
1169 4431 1320 4492 παραγγα-

40 4531 116 4613 ρείας,
146 4535 332 4616 ψωριοζημίοις,
365 4534 488 4611 ἑννομίου
512 4581 715 4598 .......
726 4582 734 4616 ,
763 4534 914 4616 συνδοσίας,
943 4533 1157 4616 καστροκτισίοις,
1187 4539 1318 4610 συνωνῆς,

38 4657 225 4742 κερολασικίου,
245 4659 388 4738 κατέργων
404 4659 527 4740 κτίσεως,
543 4652 677 4736 πλωΐμων
701 4657 832 4738 ἐκβολῆς,
857 4655 1093 4739 όικτημονητικίου,
1116 4660 1320 4738 παροικιατικοθ
