3162 5278
238 296 303 360 280

238 488 285 549 καὶ
319 490 461 566 σεβάσμιοι
494 493 625 573 πατέρες,
661 490 858 566 βεβαιῶνοντες
891 491 962 566 μετὰ
995 493 1084 568 πάσης
1119 486 1292 575 [προθυμίας]
1326 490 1373 550 καὶ
1409 489 1440 564 ἐξ
1469 492 1530 567 ὅλης

239 618 328 690 ψυχῆς
355 611 401 672 καὶ
429 613 543 694 καρδίας
570 615 599 674 ιδ
626 614 769 693 κσινέβιον,
799 615 986 672 συντεινόντων
1015 614 1045 673 δὲ
1072 612 1118 672 καί
1145 617 1191 672 τοῦ
1215 614 1293 673 τὺπου
1321 615 1360 688 μή
1385 613 1529 693 ἀποπηςεῑν,

239 737 290 795 ὅσα
313 733 451 795 διατάσσει
474 742 523 812 τής
545 743 638 811 κοινῆς
662 736 780 815 διαίτης,
809 736 870 794 ἕστε
897 737 1105 816 συγγωρημένοι
1133 734 1178 795 καὶ
1208 735 1391 814 εὑλογημένσι
1413 756 1473 795 πα.
1497 783 1529 798 ..

240 906 245 918 .
272 903 279 917 .
305 905 311 918 .
343 861 395 916 τῶν
418 863 553 936 σαρκικῶν
581 854 699 936 ὀρέξεων
727 855 773 916 καὶ
806 857 961 936 ἐπιθυμιῶν,
995 858 1073 936 ιὺφου
1103 855 1151 916 καί
1180 855 1353 937 κενοδοξίας,
1383 864 1529 938 παρακοῆς,

238 977 410 1060 ἀντιλογίας,
433 978 546 1058 κακίας,
570 978 771 1060 κατακρίσεως,
795 977 984 1057 καταλαλιάς,
1008 978 1136 1059 ψεὺδους,
1165 979 1342 1058 συκοφαντίας
1366 1026 1528 1042 ......

240 1147 735 1163 ................
763 1100 922 1159 ταπείνωσιν
949 1098 995 1160 καὶ
1023 1101 1172 1180 ὑποταγήν,
1204 1101 1376 1180 ἐγκράτειαν,
1404 1103 1529 1178 νηστείαν,

238 1222 370 1296 ἀλήθειαν
404 1222 548 1300 γλώσσης,
584 1223 754 1302 σωφροσύνην
789 1225 929 1302 σώματος,
965 1221 1112 1301 δφθαλμῶν
1146 1223 1357 1303 χαλιναγωγίαν
1391 1223 1439 1284 καί
1472 1227 1529 1303 προς

238 1342 382 1417 ἀλλήλους
413 1344 426 1401 ὑ
444 1389 644 1406 .......
675 1342 834 1422 προεστῶτα
867 1341 915 1402 καί
944 1343 1130 1420 έλεημσσὺνην
1157 1345 1204 1404 καὶ
1232 1345 1377 1421 μετάδοσιν
1410 1343 1450 1418 είς
1475 1347 1529 1417 τοὺς
1565 1365 1566 1374 ’

237 1467 366 1542 πένητας,
390 1464 539 1545 προθυμίαν
560 1463 599 1538 είς
618 1467 648 1526 τδ
671 1466 829 1546 ἐργέχειρον
852 1467 899 1526 καὶ
923 1464 962 1538 είς
983 1472 1074 1527 πᾶσαν
1097 1463 1190 1542 ἀλλην
1213 1466 1351 1546 ὑποταγὴν
1374 1471 1422 1528 τοὺ
1444 1489 1528 1528 κοινο-

237 1586 310 1661 βίου·
347 1588 407 1648 ἔστε
438 1589 498 1663 ὑμῖν
530 1586 567 1660 είς
598 1587 742 1662 ἀλλήλους
771 1587 895 1668 χρηστοί,
932 1586 1100 1668 εὑπλαγγνοι
1132 1635 1301 1652 ......
1314 1611 1332 1666 η
1363 1591 1451 1650 κακδν
1481 1589 1530 1650 ἀντὶ

236 1713 332 1788 κακοῦ,
364 1710 441 1770 ἀλλά
468 1715 561 1770 νικᾶτε
588 1713 617 1770 ιδ
642 1694 729 1770 κακον
758 1711 807 1770 ὑπδ
829 1714 875 1770 τοῦ
899 1709 1011 1790 ἀγαθοῦ,
1038 1711 1148 1770 ποθεῖτε
1175 1710 1331 1793 ἀγρυπνίαν,
1359 1710 1530 1791 ψαλμῳδίαν,

236 1837 400 1914 προσευχήν,
422 1833 596 1912 γονυκλιοίαν
616 1835 645 1894 τ“ο
661 1835 732 1893 κατὰ
748 1833 868 1913 δίναμιν,
893 1833 1085 1911 δουλαγωγίαν
1108 1836 1244 1914 σώματος,
1268 1835 1343 1893 κάτω
1366 1834 1398 1893 τδ
1422 1833 1530 1910 βλέμμα

238 1956 322 2035 ἔχειν,
352 1957 409 2016 ἀνω
437 1953 468 2014 δὲ
491 1957 536 2014 τδν
559 1960 628 2018 νοῶν.
659 1957 711 2036 πρδ
740 1955 771 2016 δὲ
798 1959 906 2016 πάντων
933 1956 988 2036 χρὴ
1019 1957 1064 2034 τὀν
1093 1956 1215 2032 μοναχδν
1245 1955 1457 2036 έγκρατεὺεσθαι
1485 1955 1531 2014 ἀπο

236 2076 378 2155 συντυχίας
400 2083 537 2156 γυναικῶν
565 2076 611 2137 καί
635 2079 687 2136 ἀπδ
710 2077 873 2159 σίνοποσίας,
897 2079 936 2138 ὅτι
959 2073 1033 2149 οἶνος
1055 2075 1101 2136 καὶ
1124 2079 1253 2154 γυναῖκες
1275 2076 1322 2136 καί
1344 2075 1443 2138 παιδία
1465 2079 1530 2137 ἀτο-

236 2203 361 2274 στήσσυσι
384 2201 522 2280 συνετούς,
549 2199 595 2260 καί
617 2203 648 2259 τδ
674 2204 793 2278 κρεῖττον
822 2203 852 2260 τδ
880 2201 918 2275 μή
947 2199 1183 2274 ἀπολιμπάνεσθαι
1209 2204 1262 2258 τῶν
1290 2197 1371 2278 ἱερῶν
1403 2196 1532 2271 συνάξεων

235 2327 285 2396 πής
313 2321 464 2396 ἐκκλησίας
491 2319 537 2382 καὶ
567 2323 764 2401 κατορθοῦντας
790 2321 860 2382 κατά
888 2322 917 2378 τδ
946 2321 1058 2380 δυνατδν
1086 2320 1134 2392 τάς
1162 2325 1208 2379 τοῦΙ
1235 2319 1326 2400 κυρίου
1356 2320 1471 2392 έντολάς
1497 2321 1531 2395 μὴ

236 2441 351 2518 ἀκηδιοῖν
378 2440 425 2501 καί
452 2442 578 2524 ἀμελεῖν,
606 2442 682 2502 ἀλλά
708 2444 755 2502 τδν
782 2445 875 2518 μισθδν
902 2441 948 2502 καὶ
976 2443 1022 2501 τδν
1051 2442 1158 2502 ἔπαινον
1181 2442 1246 2520 παρ’
1271 2443 1351 2502 αὑτοῦ
1375 2441 1532 2519 ἐκδέχεσθαι

236 2561 283 2622 καὶ
305 2568 355 2637 πής
379 2561 485 2624 αἰωνίου
508 2565 581 2638 ζωής
602 2565 695 2624 ποθεῖν
715 2566 763 2638 τήν
784 2564 943 2644 ἀπόλαυσιν,
968 2563 1070 2643 ἀφειλει
1094 2563 1125 2623 δὲ
1150 2560 1194 2622 ἐπὶ
1213 2563 1403 2643 πρεσβυτέρων
1425 2567 1531 2640 σιωπᾶν,

238 2682 281 2744 έπί
297 2685 454 2764 σοφωτέρων
471 2685 629 2764 ἀκροᾶσθαι,
649 2685 765 2746 πλείονα
780 2687 862 2766 νοεῖν,
886 2685 968 2764 δλίγα
983 2685 1158 2764 φθέγγεσθαι,
1183 2685 1363 2760 μνημονεύειν
1379 2691 1433 2744 τῶν
1451 2685 1530 2762 ἐσχέ-

236 2825 299 2882 των,
322 2808 438 2866 πάντοτε
454 2808 505 2886 πρδ
521 2806 669 2886 ὀφθαλμῶν
687 2808 762 2885 ἔχειν
778 2808 822 2867 τδν
839 2807 964 2889 θάνατον,
987 2810 1054 2887 πρδς
1076 2809 1180 2878 πάντας
1203 2807 1329 2866 ταπεινδν
1346 2802 1426 2882 εἶναι,
1450 2809 1531 2882 μισεῖν

236 2927 285 3002 τήν
308 2928 499 3008 ὑπερηφανίαν,
526 2931 618 3007 νήφειν
641 2927 688 2988 καί
711 2931 801 3008 τηρεῖν
823 2929 873 2998 τὰς
896 2928 1010 3008 καρδίας
1033 2928 1085 2986 ἀπδ
1108 2933 1266 3007 πειρασμῶν
1289 2934 1425 3009 πονηρῶν,
1453 2929 1531 2996 οὑτως

237 3046 281 3106 οὑν
311 3052 463 3128 ποιοῦντες,
495 3049 640 3127 ἀγαπητοί,
672 3048 719 3108 καί
749 3051 788 3122 ῶς
816 3048 959 3126 ίοάγγελοι
986 3055 1039 3108 τῶν
1070 3049 1198 3130 οὑρανίων
1221 3055 1311 3128 γερῶν
1339 3049 1386 3110 καὶ
1414 3047 1530 3126 ἀμοιρῶν

238 3167 420 3242 ἐπιπεὺξοισθε
452 3169 498 3230 καὶ
534 3177 582 3246 τής
615 3177 667 3230 τῶν
702 3173 821 3251 οὑρανῶν
856 3169 1008 3244 βασιλείας.
1043 3173 1116 3246 πλὴν
1150 3169 1197 3231 καὶ
1232 3178 1308 3231 τοῦτο
1340 3174 1358 3246 ἡ
1394 3173 1531 3253 μετριότης
1565 3245 1566 3250 ¹

236 3293 315 3366 ήμῶν
339 3292 499 3352 ἐντέλλεται
526 3298 559 3374 τῇ
589 3294 707 3376 ὑμετέρα
730 3294 823 3374 ἀγάπη
853 3292 961 3366 βέλτιον
991 3295 1059 3372 ὑπὲρ
1089 3289 1126 3353 ὧν
1157 3297 1371 3376 προειρήκαμεν,
1401 3297 1441 3356 ὅτι
1465 3295 1531 3354 κατὰ

237 3413 298 3484 τοὺς
314 3415 392 3493 ὅρους
413 3419 467 3472 τῶν
484 3412 569 3490 ἁγίων
584 3417 709 3494 πατέρων
732 3417 761 3475 οὑ
783 3417 838 3495 χρὴ
864 3415 1036 3474 διδάσκονται
1052 3421 1113 3490 (sic)
1135 3415 1264 3496 παιδάρια
1287 3417 1409 3492 κσσμικά
1431 3417 1484 3476 έσω
1507 3418 1531 3475 ἐν
1565 3451 1566 3454 =

238 3535 294 3604 τοῖς
321 3534 509 3614 μοναστηρίοις
536 3536 606 3594 κατά
632 3537 677 3595 τὀν
702 3537 740 3612 ις’
763 3537 865 3596 κανάνα
892 3542 937 3596 τοὺ
956 3537 1043 3615 -ἀγίου
1066 3537 1231 3618 Νικηφόρον,
1260 3541 1430 3619 πατριάρχου
1452 3538 1529 3598 Κων-

238 3655 495 3726 οταντινονπάλεως.
523 3657 600 3732 ὑμεῖς
628 3655 682 3736 οὑν,
711 3658 748 3728 ῶς
771 3659 937 3736 ήκοὺσαμεν,
965 3659 1148 3738 παραβαίνετε
1175 3661 1236 3732 τοὺς
1265 3661 1342 3741 δρους
1370 3667 1424 3720 τῶν
1451 3660 1529 3738 ἁγίων

237 3779 361 3856 πατέρων
388 3775 435 3836 καί
462 3777 604 3838 διδάσκετε
631 3778 727 3839 παιδία
756 3780 830 3852 ἐντὀς
857 3785 902 3839 τοῦ
926 3781 1114 3860 μονκστηρίσυ.
1144 3782 1185 3842 δίο
1209 3782 1262 3842 ἀπδ
1285 3787 1332 3843 τοῖν
1353 3788 1399 3844 νῶν
1421 3786 1530 3845 παίσετε
1565 3827 1566 3830 ¹

237 3899 362 3974 τοιαὺπης
389 3899 500 3971 ἀτοπίας
527 3899 573 3961 καίΙ
596 3901 682 3961 πλέον
710 3903 749 3978 μὴ
778 3900 893 3974 δέξασθε
921 3903 974 3962 ἀπδ
1002 3909 1051 3978 τής
1073 3905 1161 3978 πὺλης
1188 3905 1236 3964 καὶ
1265 3901 1319 3976 ἔξω
1342 3927 1366 3966 τι
1389 3905 1443 3967 τῶν
1467 3907 1528 3986 ἀγε-
1565 3965 1566 3972 ,

239 4020 316 4078 νείων
339 4020 442 4080 παίδων
466 4021 555 4082 ἐλθεῖν
579 4023 690 4102 ἔσωθεν,
713 4026 837 4102 καθάπερ
860 4024 907 4084 καί
929 4025 977 4096 τάς
1000 4029 1139 4103 γυναῖκας.
1165 4023 1187 4085 εί
1212 4026 1244 4086 δέ
1266 4048 1306 4098 τις
1331 4026 1361 4100 ἐξ
1386 4030 1461 4104 ὑμῶν
1481 4037 1528 4088 τῶν
1565 4071 1566 4074 =

239 4140 427 4219 ἱερομονοίχων
449 4147 467 4216 ἢ
490 4150 542 4204 τῶν
571 4153 700 4223 μοναχῶν
729 4145 837 4219 δέξεται
864 4150 963 4208 σπανδν
990 4149 1066 4208 παιδί
1095 4150 1171 4220 ἐντος
1197 4155 1243 4210 τοὺ
1272 4152 1463 4232 μονασιηρίου,
1485 4155 1528 4210 κάν
1565 4229 1566 4234 ¹

239 4261 286 4320 καί
312 4263 383 4321 κατά
409 4267 497 4342 σάρκα
525 4268 603 4326 αὑτοῦ
631 4268 701 4327 ἐστιν
729 4268 784 4340 υίδς
812 4273 978 4350 μονογενής,
1008 4272 1075 4330 ’έστω
1104 4273 1283 4352 ἀφορισμένος
1311 4275 1350 4346 ῶς
1376 4275 1528 4354 παραβάτης
1565 4295 1566 4344 ξ

239 4387 284 4442 τοὺ
304 4386 386 4458 νόμου
407 4384 453 4444 καί
468 4389 608 4468 παρήκσος
623 4392 679 4460 τοῖς
701 4390 784 4458 θείοις
805 4391 977 4465 ἐντάλμασιν.
1003 4392 1048 4452 διά
1070 4397 1147 4453 τοῦτο
1169 4397 1311 4474 ποιήσατε,
1332 4397 1371 4467 ῶς
1387 4399 1527 4475 γράφομεν,
1565 4453 1566 4458 ,

240 4503 287 4566 καί
316 4507 354 4580 μή
385 4505 495 4585 ἄλλως,
529 4509 563 4566 νά
596 4509 771 4569 πολιτεὺεσθε
807 4518 911 4586 σεμνῶς
945 4512 991 4572 καί
1021 4514 1158 4592 κοσμίως,
1190 4515 1310 4594 ἀσπιλοι,
1343 4517 1456 4592 ἀμωμοι
1485 4518 1527 4575 ἀπὶ
1565 4527 1566 4588 ᾗ

240 4627 339 4695 παντός
366 4625 506 4701 μολυσμοῦ
527 4629 638 4708 1σαρκδς
671 4629 717 4690 καί
747 4637 833 4691 κακοὺ
863 4634 1035 4712 θελήματος,
1070 4637 1163 4707 καθὼς
1193 4636 1295 4714 ἐφίεται
1322 4636 1369 4696 καί
1401 4641 1479 4699 ποθεῖ
1504 4640 1526 4696 τὲ
