3162 5278
255 303 320 368 350

256 497 339 576 †‘0
373 496 594 574 Χαλκηδόνος
633 497 826 578 Ιίαρθένιος.
855 499 876 576 †
931 496 1531 580 ήὈΓάνουκαὶΧώραςΠροκύπιος.ή

254 620 275 698 †
303 618 338 677 ‘0
371 663 522 680 .....
550 653 559 664 -
587 665 594 678 .
624 664 630 677 .
660 664 667 679 .
699 619 720 698 †
929 620 1008 698 †‘0
1034 620 1172 680 Ἰκονίου
1194 617 1457 700 Σίλβεστρσςή

255 739 276 818 γ’
300 739 335 798 ’0
357 737 569 820 Σιλημβρίας
591 739 773 820 Κύριλλος.
798 740 819 816 †

357 867 501 938 Ατσίιιίμρ.
526 868 602 923 Flor.
621 868 663 923 ΙΙ.
686 885 736 923 τινα
756 870 803 936 77,
839 870 888 940 qui
916 869 1037 925 tabulam
1067 871 1198 924 nescimus
1229 887 1284 941 φυα
1317 869 1423 924 ratione
1456 871 1532 923 ίτιθυιί

250 972 430 1044 patriarchae
446 972 557 1028 Μείείίο
573 973 614 1028 II.

446 1311 561 1377 CLIV.
588 1310 813 1395 7277-1Ί69,
837 1311 888 1375 die
912 1311 955 1376 20
977 1312 1095 1376 mensis
1118 1313 1204 1394 iunii,
1227 1310 1293 1375 ind.
1317 1311 1359 1376 Π.

254 1459 434 1514 Ραίτίατσίισε
462 1459 604 1514 Τίιεοιίοείί
625 1460 666 1513 ΙΙ.
695 1460 809 1513 edictum
839 1460 871 1513 de
897 1459 988 1514 schola
1016 1460 1167 1513 ίίίίινιιικιιιι
1194 1477 1356 1530 φναεσσιτιιιι
1383 1460 1531 1514 ιιιοιισιιίστίῖ.

339 1643 375 1701 ‘0
398 1639 609 1723 πατριάρχης
632 1643 1021 1716 Κωνστανπινσυπέλεως
1044 1643 1196 1720 βεβαιοῖ,
1220 1644 1268 1703 δτι
1291 1642 1361 1703 ἴσον
1385 1643 1460 1703 ἐστί.

297 1814 388 1876 Ἴσον
422 1816 687 1898 ἀπαράλλακτον
720 1820 776 1877 τού
808 1817 1020 1898 πρωτοτύπου
1054 1816 1228 1878 συνοδικοῦ
1261 1816 1501 1897 σιγιλλιώδους

797 1939 1005 2020 γράμματος.

356 2143 596 2226 ήθεοδέσιος,
629 2145 714 2226 ἐλέῳ
745 2147 822 2205 θεοῦ
849 2145 1112 2226 θρχιετίσκοπος
1140 2148 1531 2217 Κωνσταντινουπέλεως,

253 2267 342 2340 Νέας
365 2269 510 2348 Ῥώμης,
533 2265 588 2326 καὶ
611 2265 846 2344 οίκουμενικδς
867 2270 1086 2348 πατριάρχης.
1111 2271 1132 2344 †

354 2441 472 2524 ήΤῶγ,
489 2438 529 2512 είς
555 2441 649 2516 κοινὴν
676 2441 813 2520 ώφέλειαν
839 2443 886 2500 τού
907 2441 1044 2522 ἡμετέρου
1065 2443 1162 2520 γένους
1188 2440 1348 2521 ἀφορώντων
1375 2441 1422 2502 καί
1448 2444 1533 2502 τούτων

253 2562 383 2640 μάλιστα,
416 2563 467 2622 ὅσα
496 2561 564 2644 πρθς
594 2563 657 2632 νσθς
686 2563 761 2642 φέρει
790 2561 962 2640 τελειότητα,
996 2565 1055 2638 ἥτις
1089 2560 1159 2622 ἐστὶν
1192 2563 1208 2622 ὁ
1238 2563 1345 2639 ἀληθής
1378 2569 1428 2642 τῆς
1456 2568 1534 2640 ψυχῆς

251 2683 368 2762 κόσμος,
396 2685 479 2759 μέσον
507 2682 679 2758 εὐδαιμονίας
705 2680 752 2744 καί
779 2684 979 2764 μακαριάτητος
1004 2685 1189 2759 καθιστάμενα
1215 2687 1272 2756 τοῖς
1294 2685 1381 2765 ύρθῶς
1407 2684 1534 2744 καὶκατὰ
1562 2701 1563 2728 ι

252 2805 338 2883 λύγον
365 2807 414 2881 ζῆν
441 2803 625 2886 αἱρουμένοις,
651 2810 705 2866 τῶν
733 2806 858 2866 τοιούτων
882 2805 1014 2882 δήπουθεν
1036 2805 1054 2880 ἡ
1077 2807 1189 2885 πρόνοια
1211 2803 1257 2866 καὶ
1280 2805 1386 2887 φροντὶς
1407 2827 1533 2888 προηγου-

253 2928 343 3002 μένοις
369 2925 507 3006 ὀφείλεται
533 2929 590 3000 τοῖς
616 2929 809 3004 πνευματικοῖς
835 2933 885 3004 τής
907 2925 1059 3004 ἐκκλησίας
1080 2929 1243 3007 προστάταις
1264 2925 1311 2987 καὶ
1333 2931 1532 3007 πσιμενάρηαις·

252 3049 307 3120 τοῖς
329 3048 383 3129 γὰρ
409 3053 462 3108 τῶν
488 3056 586 3110 κοινῶν
613 3053 790 3130 προστατούσι
816 3051 985 3130 πραγμάτων
1007 3049 1227 3129 προύργιαίτατον
1253 3050 1424 3126 καθέστηκεν
1446 3051 1463 3126 ή
1484 3045 1533 3126 περὶ

250 3173 335 3230 ταῦτα
362 3170 479 3248 συνεχὴς
505 3168 552 3230 καὶ
578 3172 715 3246 τεταμένη
742 3169 862 3251 φροντίς,
894 3173 1088 3250 συντονώτερον
1116 3169 1147 3228 δὲ
1171 3168 1226 3246 ήδη
1253 3167 1315 3248 περὶ
1342 3170 1376 3228 τὰ
1402 3173 1533 3246 τιμιώτερα
1562 3203 1563 3222 ;

250 3291 350 3352 τούτων
379 3292 454 3370 ἔχειν
481 3290 616 3370 ὀφείλουσι
645 3289 692 3352 καὶ
715 3291 749 3352 τὰ
770 3296 821 3368 τῆς
844 3291 1042 3363 έπισυστάσεως
1064 3293 1154 3363 αυτοῖς
1182 3291 1337 3361 ἐκπαντὸς
1359 3293 1458 3370 τρέπου
1483 3292 1534 3348 ἑτι·
1562 3301 1563 3378 j

252 3412 455 3488 μνηστεύεσθαι.
488 3409 621 3487 μσυσείων
644 3410 695 3484 μὲν
718 3409 763 3472 σύν
785 3411 833 3472 καὶ
855 3411 1068 3492 φρονιιστηρίων,
1091 3409 1194 3472 καὶτὰ
1217 3411 1338 3486 μάλιστα
1360 3412 1533 3490 κοινωφελῶν,

252 3533 295 3594 άεί
313 3554 380 3595 ποτε
406 3535 539 3594 ποιεῖσθαι
565 3535 691 3614 πρόνοιαν
720 3533 767 3594 καὶ
792 3540 846 3594 τῶν
873 3533 999 3606 παιδείας
1024 3533 1159 3614 τροφίμων
1186 3531 1317 3608 κήδεσθαι
1347 3531 1395 3592 κούΙ
1421 3533 1454 3592 τά
1479 3531 1534 3608 πρὶς

250 3655 374 3716 σύστασιν
394 3657 499 3736 αύτῶν,
516 3652 624 3732 αὔξησίν
639 3675 669 3716 τε
691 3653 738 3715 καὶ
761 3655 892 3731 διαμονὴν
916 3656 1049 3731 ἐπιζητεῖν
1071 3653 1118 3715 καὶ
1139 3653 1279 3735 κρατύνειν
1302 3653 1347 3714 διὰ
1366 3659 1417 3728 τῆς
1439 3653 1533 3724 έκκλη-
1562 3633 1563 3680 3

251 3783 390 3854 σιαστικής
420 3775 513 3855 ἰσχύος
545 3776 592 3836 καὶ
621 3773 748 3857 χάριτος,
782 3776 926 3858 γράμμασί
952 3797 982 3838 τε
1011 3775 1057 3836 καὶ
1087 3777 1276 3853 ὑπομνήμασιν
1311 3775 1534 3851 ἐκκλησιαστικαῖς

251 3898 473 3974 έναποταμιεύειν
501 3893 535 3958 τά
556 3895 617 3978 περὶ
639 3903 689 3974 τῆς
711 3900 798 3958 αθτῶν
822 3897 1047 3979 ἐξηκριβωμένης
1068 3897 1122 3973 ήδη
1145 3899 1354 3976 καταστάσεως,
1381 3903 1435 3957 τῶν
1458 3898 1534 3972 ἀνοιγ-

250 4023 400 4081 καιοιάτων
427 4019 661 4096 ὁμολογουμένως
687 4021 865 4095 καθέστηκεν.
897 4019 992 4095 ἐπειδὴ
1019 4023 1161 4098 τοιγαροῦν
1183 4019 1213 4078 τύ
1237 4016 1265 4076 ἐν
1287 4023 1321 4098 τῇ
1343 4019 1419 4098 νήσῳ
1443 4015 1533 4092 Πάτμῳ

250 4143 448 4223 φροντιστήριον
470 4145 523 4200 τῶν
548 4139 704 4215 έλληνικῶν
727 4141 897 4217 μαθημάτων
919 4141 1033 4218 ἀμελῶς
1056 4139 1141 4211 οθτως
1162 4137 1217 4216 ήδη
1240 4137 1367 4218 διέκειτο,
1391 4139 1461 4199 ώστε
1476 4135 1532 4198 κατὰ

251 4263 346 4342 μικρδν
375 4259 414 4334 είς
440 4261 540 4342 φθορὰν
568 4263 692 4344 ὑπορρεῖν
718 4261 765 4324 καὶ
789 4265 887 4340 μηκέτι
910 4262 1053 4322 ἀκούεσθαι
1081 4259 1234 4320 καὶταῦτα
1256 4261 1346 4321 κοινθν
1369 4262 1400 4318 δν
1422 4257 1532 4324 παιδείας

250 4387 425 4464 καταγώγιον
454 4385 511 4456 τοῖς
542 4385 621 4464 έρωτι
650 4385 749 4460 ταύτης
777 4388 938 4464 προσφοιτᾶν
969 4381 1094 4442 ἐθέλουσι
1125 4388 1179 4442 τῶν
1211 4385 1257 4440 τού
1286 4381 1423 4461 ἡμετέρου
1450 4383 1532 4460 γένους

251 4503 414 4586 δρθοδύξων,
438 4505 467 4564 έν
482 4501 505 4585 ᾧ
519 4505 642 4566 πλεῖστοί
657 4525 709 4586 περ
725 4507 783 4566 ύσοι
804 4505 875 4565 κατὰ
889 4505 950 4576 τοὺς
965 4505 1153 4584 παρελθόντας
1175 4505 1290 4584 χρόνους
1313 4503 1531 4582 ἐγγυμνασθέντες
1562 4491 1563 4560 ί

1562 4583 1563 4612 ί

250 4631 304 4686 τῶν
326 4631 375 4700 τής
397 4625 523 4697 παιδείας
544 4623 641 4684 καλῶν
665 4625 860 4704 ἐπεθρέψαντο,
885 4623 934 4685 εἰσὶ
955 4626 986 4684 δὲ
1011 4623 1035 4685 οἱ
1059 4625 1105 4686 καὶ
1131 4625 1253 4704 ἀφθόνως
1276 4624 1377 4684 τούτων
1401 4624 1530 4702 ἐγεύσαντο

1562 4785 1563 4828 ί
