3160 5292
1229 355 1291 420 237

24 554 79 628 νήσῳ
99 548 149 628 Κῷ
178 549 220 610 ἐπ’
244 547 357 626 δνόματι
383 551 537 626 τιμώμενον
563 553 612 624 τῆς
639 551 844 628 πανυπερόγνου
867 569 919 624 μου
946 547 1090 625 δεσποίνης
1114 547 1162 609 καὶ
1187 550 1294 626 θεομή-

23 693 83 750 τορος
102 671 146 730 καί
165 671 383 748 ἐπικεκλημένον
405 677 459 730 τῶν
475 671 603 730 Σπονδῶν
626 670 695 746 μετὰ
718 676 772 730 τῶν
795 673 948 750 προσόντων
971 669 1043 749 αύτῷ
1066 670 1186 752 δικαίων,
1208 671 1293 750 ἤγουν

23 801 60 850 τῶν
82 791 225 873 χωραρίων
253 799 306 854 τῶν
335 793 363 852 ἐν
389 797 446 866 τοῖς
469 791 644 874 Περιποίτοις,
674 797 731 865 τοῖς
755 793 934 872 Πετρωρείοις
963 791 1010 852 καὶ
1039 795 1094 864 τοῖς
1124 800 1172 870 τῆς
1200 793 1293 854 Ἀντι-

23 915 118 992 μαγίας,
145 917 185 976 ἔτι
209 916 240 976 δέ
262 915 309 976 καὶ
331 920 378 976 τού
401 917 527 991 μύλωνος
549 920 595 976 τού
616 913 808 996 περιελθόντος
834 921 867 996 τῇ
890 921 961 996 μονῇ
985 914 1018 974 ἐκ
1038 912 1225 994 προσενέξεως
1247 917 1294 974 τού

22 1038 146 1114 ίιογένους
174 1036 221 1096 καὶ
248 1039 420 1113 διακειμένου
445 1039 474 1097 ἐν
497 1042 554 1110 τοῖς
576 1043 622 1098 τού
646 1037 832 1116 ίθύδρομαρίου
854 1035 977 1096 καὶτῶν
1002 1036 1090 1114 ἐντῷ
1113 1036 1185 1116 αύτῷ
1208 1055 1292 1112 μετο-

20 1158 59 1235 γίω
77 1161 308 1238 προσκαθημένων
331 1159 416 1232 ξένων
439 1157 546 1238 καὶτῷ
570 1159 691 1240 δημοσίῳ
714 1159 930 1238 ἀνεπιγνύιστων.
955 1157 983 1216 ἐν
1005 1165 1038 1240 τῇ
1062 1161 1128 1242 αύτῄ
1150 1161 1224 1238 νήσῳ
1244 1157 1294 1238 Κῷ

22 1281 92 1358 ἕτερον
125 1283 255 1358 μετόγιον
288 1281 443 1360 λεγόμενον
480 1285 526 1342 τού
553 1278 675 1370 Ἀλσους
706 1281 775 1356 μετὰ
805 1286 857 1339 τῶν
886 1282 1039 1360 προσόντων
1069 1279 1140 1360 αύτῷ
1172 1275 1293 1358 δικαίων,

20 1421 69 1480 περ
97 1399 128 1478 ἦν
161 1403 212 1477 μὲν
242 1401 329 1462 παλαι
358 1405 425 1462 ποτὲ
455 1411 504 1478 τῆς
534 1409 633 1480 μονῆς,
664 1403 857 1482 προσεκυρώθη
889 1402 920 1462 δέ
951 1401 1048 1482 ἀρτίως
1079 1405 1144 1484 αὐτῇ
1175 1401 1222 1462 καὶ
1249 1401 1295 1462 διὰ

19 1526 162 1598 γράμματος
193 1530 239 1583 τού
269 1527 420 1604 σίγιωτοὶτου
451 1547 506 1604 μου,
537 1525 667 1584 δεσπότου
696 1529 743 1584 τού
772 1523 958 1599 οίκουμενικσύ
991 1529 1166 1605 πατρινίρχου.
1203 1527 1294 1605 ἕτερον

20 1647 126 1722 μπὲχιον
156 1647 201 1705 ἐπ’
224 1646 335 1722 ὀνόματι
362 1650 515 1722 τιμώμενον
542 1651 587 1706 τού
615 1647 745 1706 δεσπότου
769 1668 820 1720 μου
844 1647 973 1727 Σωτῆρος
996 1648 1109 1726 Χριστοῦ
1135 1649 1234 1728 προσόν
1260 1653 1294 1730 τῇ

20 1774 74 1845 μονῇ
99 1767 141 1826 δνόι
164 1771 328 1848 γράμματος
354 1773 401 1828 τού
428 1771 579 1847 ἁγιωτάτου
605 1771 772 1848 πατριάρχου
796 1767 910 1848 ἐκείνου,
934 1771 1014 1848 κυρού
1037 1769 1185 1847 Ἀρσενίου.
1209 1771 1243 1828 τδι
1266 1769 1294 1828 ἐν

19 1893 126 1968 ηνήσῳ
149 1893 247 1970 Λέρνῳ
271 1891 318 1951 δύο.
341 1893 458 1968 μετόχια
480 1897 530 1966 τῆς
558 1893 640 1966 αὐτῆς
668 1890 821 1966 σεβασμίας
848 1895 947 1968 μονῆς,
976 1885 1012 1950 ὢν
1040 1891 1070 1949 τό
1098 1892 1127 1949 ἐν
1155 1893 1293 1966 ἐπονομά-

20 2011 76 2077 ζπαι
99 2013 258 2092 Παρθένιον,
286 2014 316 2071 τό
346 2011 377 2072 δέ
406 2015 497 2090 ἕτερον
520 2012 667 2090 Τεμένεια,
699 2013 768 2086 μετὰ
795 2017 848 2070 τῶν
874 2013 1028 2091 προσόντων
1052 2012 1140 2084 αύτοῖς
1163 2013 1295 2072 ἀνέκαθεν

21 2129 112 2190 ἐνναίων
138 2131 186 2192 καὶ
213 2139 266 2192 τῶν
294 2133 323 2192 ἐν
351 2135 440 2202 αύτοῑς
465 2134 697 2213 προσκαθημένων
720 2131 857 2212 παροίκων
879 2131 925 2192 καί
950 2131 1110 2192 δουλευτῶν.
1134 2131 1180 2192 καὶ
1203 2133 1243 2207 είς
1265 2135 1295 2194 τό

20 2252 151 2330 Φίγελλον
191 2257 320 2332 μετόχιον
359 2255 401 2314 ἐπ’
432 2255 543 2329 όνόματι
579 2258 732 2330 τιμώμενον
759 2259 815 2320 ,τοῦ
853 2253 1099 2334 μεγαλομοίρτυρος
1135 2253 1212 2333 ἁγίου
1244 2277 1295 2332 μου

21 2373 145 2452 ίεωργίου.
170 2381 253 2436 ταῦτα
275 2375 362 2436 τοίνυν
384 2380 472 2436 πόντοι
494 2374 605 2448 καθέξει
627 2375 674 2436 καί
697 2379 888 2456 νεμηθήσεται,
910 2377 948 2448 ὡς
968 2376 1134 2452 δεδήλωται,
1150 2379 1167 2452 ἡ
1185 2379 1295 2458 ρηθεῖσα

21 2497 136 2572 σεβασμία
168 2500 238 2573 μονὴ
269 2499 392 2577 ἀνώτερα
421 2502 508 2573 πάσης
544 2497 673 2578 ἐπηρείας
706 2497 752 2558 καὶ
793 2499 968 2576 διοχλήσεως
1004 2497 1050 2557 καὶ
1084 2500 1136 2577 ούχ
1169 2497 1225 2571 έξει
1257 2521 1297 2572 τις

21 2617 52 2674 ἐπ’
73 2620 162 2691 ἀδείας
192 2621 264 2680 πόδα
296 2622 323 2678 ἐν
354 2621 443 2690 αύτοῐς
470 2620 673 2701 παραβάλλειν,
704 2622 766 2680 ὥστ’
796 2621 907 2697 ἐπάγειν
939 2622 1026 2692 αύτοῐς
1054 2620 1163 2696 βλάβην
1190 2643 1219 2681 τε
1249 2622 1296 2682 καὶ

20 2739 93 2814 λύμην
120 2743 322 2824 όποιανδήτινα,
354 2742 420 2802 ἀλλ’
445 2745 516 2814 όυτις
547 2745 578 2802 ἂν
609 2743 624 2800 ό
651 2747 733 2800 ταῦτα
765 2747 890 2824 πράττειν
921 2741 963 2817 εἴη
995 2744 1194 2823 σκοπούμενος,
1225 2745 1295 2804 ἀπο-

19 2865 187 2940 πεμρθήσεται
221 2865 317 2925 τέλεον
351 2865 398 2924 καὶ
433 2866 668 2942 ἀποσοβηθησεται
701 2872 734 2947 τῇ
766 2865 877 2940 δυνάμει
910 2863 956 2924 καί
988 2863 1058 2942 ἰσχύι
1087 2871 1134 2925 τού
1163 2870 1297 2947 παρόντος

20 2987 210 3060 γριστβούλλου
237 2989 323 3066 λόγου
349 2993 399 3063 τῆς
427 2988 569 3062 βασιλείας
593 3007 657 3062 μου·
691 2988 818 3062 βούλεται
849 2987 903 3067 γὰρ
934 2987 999 3062 αύτη
1029 2990 1119 3063 πάσης
1149 2988 1296 3048 ἀπολαύειν

21 3105 205 3184 ίνενοχλησίας
228 3129 258 3168 τε
285 3108 332 3168 νιαί
354 3110 476 3182 ἀνέσεως
502 3111 536 3169 τὰ
558 3117 592 3190 τῇ
614 3111 722 3191 τοιαύτη
746 3109 881 3191 σεβασμίᾳ
902 3111 1034 3188 προσόντα
1057 3116 1126 3192 μονῇ
1153 3109 1200 3169 καὶ
1227 3113 1296 3185 μήτε

22 3225 133 3307 ἐπήρειαν
171 3232 260 3304 αὺτοῖς
291 3233 451 3312 ἐπάγεσθαι,
484 3235 523 3304 ὡς
554 3231 718 3312 δεδήλωται,
750 3235 819 3307 μήτε
849 3231 941 3307 ἀλλην
969 3231 1028 3291 τινὰ
1057 3225 1221 3312 κατατριβὴν
1249 3231 1296 3291 καί

22 3347 130 3414 ἐπίθεσιν.
163 3353 210 3412 καὶ
236 3355 267 3426 ός
294 3358 326 3413 δν
353 3359 408 3425 τοῖς
435 3356 548 3414 ἐνταῦθα
578 3355 816 3430 ἐνσημαινομένοις
838 3375 868 3412 τε
894 3351 941 3411 καὶ
965 3353 1180 3428 διαταττομένοις
1204 3355 1296 3414 ἐντεύ-

24 3469 88 3546 ξοπο,
120 3474 174 3534 εἴτε
205 3481 258 3534 τῶν
288 3481 333 3536 τού
364 3477 493 3552 δημοσίου
522 3475 578 3554 εἴη,
610 3477 665 3536 είτε
696 3476 730 3550 δή
754 3497 794 3546 τις
823 3475 869 3534 καὶ
897 3471 1002 3556 ἄλλος,
1030 3475 1108 3536 ούδὲν
1135 3479 1224 3547 αὺτοῖς
1251 3478 1297 3536 ἀπ’

24 3593 126 3668 ἐναντίας
153 3600 278 3676 πράττειν
307 3597 418 3677 ἰσγύσει,
447 3598 524 3658 ἀλλὰ
552 3594 655 3678 στέρξει
681 3599 784 3670 τούτοις
808 3596 854 3658 καὶ
878 3597 991 3674 ἐμμανεῖ
1013 3596 1059 3657 καὶ
1080 3599 1298 3680 παραδραμεῑται

23 3715 169 3779 τὰτοιαῦτα
195 3724 321 3796 κτήματα
348 3722 518 3782 θδιέσειστα·
547 3721 590 3780 ἐπὶ
618 3722 702 3799 τούτῳ
729 3722 782 3800 γὰρ
809 3720 856 3780 καὶ
885 3721 1007 3800 ἐγεγόνει
1036 3722 1051 3780 ό
1076 3724 1169 3802 παρὼν
1196 3727 1297 3802 χρυσό-

25 3837 125 3912 ’μνλλας
153 3843 238 3922 λόγος
265 3851 314 3919 τῆς
341 3844 483 3918 βασιλείας
507 3863 558 3918 μου
585 3849 618 3924 τῇ
647 3843 824 3925 διαληρθείση
850 3844 933 3926 ταύτη
956 3842 1091 3926 σεβασμίᾳ
1114 3851 1194 3927 μονῇ,
1219 3845 1298 3904 ἐκτε-

25 3959 67 4030 θείς
91 3963 135 4022 καί
168 3965 311 4036 ἀπολυθείς
344 3967 427 4025 κατὰ
458 3973 544 4041 μῆνα
575 3967 752 4046 νοέμβριον
779 3973 836 4041 τῆς
864 3967 1082 4042 ἐνισταμένης
1106 3967 1204 4042 ἕκτης
1228 3967 1297 4025 ἐπι-

25 4088 180 4158 νεμήσεως
207 4093 262 4146 τού
290 4085 583 4166 ἐξακτσχιλιοστού
617 4089 877 4149 όκτακοσιοστού
913 4083 1041 4168 πρώτου
1082 4089 1188 4166 ἔτους,
1221 4083 1298 4166 ἐνῷ

26 4205 61 4261 καί
81 4209 108 4266 τό
129 4211 261 4290 ἡμέτερον
286 4211 396 4284 εύσεβὲς
418 4211 465 4270 καί
487 4212 690 4290 θεοπρόβλητον
713 4212 904 4284 ύπεσημήνατο
927 4213 1035 4290 κράτος.
1060 4211 1081 4290 †

113 4331 383 4411 γἈνθρόνικος,
416 4333 448 4392 ἐν
476 4333 607 4412 Χριστῷ
637 4333 681 4412 τῷ
707 4331 771 4408 θεῷ
798 4334 911 4403 πιστός
940 4333 1099 4406 βασιλεύς
1125 4332 1181 4391 καὶ
1204 4334 1298 4391 αύτο-

27 4453 137 4532 νρίτωρ
170 4454 353 4533 Ῥωμαίων,
382 4456 510 4526 Δούκας
542 4455 712 4532 Ἀγγελος
746 4454 921 4529 Κσμνηνός
953 4457 967 4513 ό
1000 4455 1249 4533 Παλαιολόγος.
1278 4457 1299 4534 †

115 4599 290 4670 Archetypum
317 4601 545 4656 membranaceum
573 4602 649 4654 initio
675 4601 807 4653 mutilum.
836 4601 928 4654 Aurea
947 4601 1022 4653 θυίία
1045 4601 1192 4670 deperdita.
1222 4599 1297 4654 Flor.

29 4715 66 4752 ννυ
84 4705 130 4756 32.
165 4703 236 4766 Quae
266 4706 454 4760 ιίσιύίετανιίυσ
484 4708 512 4758 in
543 4706 687 4776 archetypo
721 4705 828 4774 expleta
857 4711 919 4758 ουνιί
950 4722 982 4758 αα
1011 4706 1160 4774 mpla&
1188 4707 1300 4776 antiquo
