3184 5288
256 375 299 442 82

256 593 314 651 μοι,
342 570 413 647 μετὰ
439 576 492 630 τῶν
521 566 671 650 εἰρημένων
701 565 810 646 νησίων,
840 566 885 626 τδν
917 565 1040 643 μοναχδν
1064 563 1203 645 Ἀρσένισν
1233 563 1278 622 τόν
1306 560 1478 642 Σκηνοίιρισν,
1505 561 1543 621 τόν
1581 539 1582 592 Ῑ

256 693 319 753 ’όντα
347 690 388 764 εἰς
413 693 447 752 τὰ
481 692 675 773 Ἱεροσόλυμα,
710 690 871 749 καταλιπεῖν
898 688 978 747 αίιτόν
1006 687 1063 746 ἀντ’
1096 687 1162 762 ἐμοῦ
1190 687 1280 765 κόριον
1307 682 1353 744 καί
1381 681 1544 758 ἐξουσιασιίην

256 815 296 888 είς
317 817 348 875 τό
364 813 476 884 είιτελὲς
499 813 677 892 μοναστηριον
700 815 746 870 τοῦ
768 809 855 886 τιμίου
874 807 921 869 καί
941 809 1121 888 ἠγαπημένον
1137 805 1281 884 Θεολόγου
1303 811 1348 866 τοῦ
1372 807 1401 866 έν
1423 812 1457 888 τῇ
1479 810 1544 885 νήσῳ

256 938 362 1016 Πάτμῳ
390 935 460 1011 μετὰ
486 937 593 994 πάντων
621 939 673 992 τῶν
702 933 881 1012 διαφερόντων
913 930 999 1011 αὐτῷ,
1022 929 1115 1002 καθὼς
1141 931 1172 988 τό
1200 931 1273 989 θεῖον
1299 927 1346 988 καί
1372 929 1544 1008 προσκυνητόν

256 1057 465 1136 χρυσόβουλλον
495 1059 541 1115 τοῦ
570 1057 700 1135 κραταιοῦ
729 1051 776 1113 καί
811 1053 889 1131 ἁγίου
918 1055 997 1127 ἡμῶν
1029 1051 1168 1126 βασιλέως
1199 1047 1395 1126 διαλαμβάνει.
1427 1049 1545 1119 ῶσαίιτως

256 1180 459 1254 καταλιμπάνω
481 1175 522 1248 εἰς
544 1177 593 1251 τὴν
616 1177 697 1250 αυτὴν
722 1173 807 1250 μονὴν
829 1172 876 1234 καὶ
904 1173 937 1232 τά
963 1175 1080 1252 τέσσαρα
1102 1173 1197 1250 πλοῖα,
1219 1173 1251 1230 τδ
1274 1170 1324 1247 μέν
1347 1172 1377 1230 ἓν
1399 1171 1544 1251 κουτροόβιν

254 1300 474 1376 πιστικευόμενον
497 1298 572 1379 παρὰ
587 1297 713 1358 Ἰωάννου
736 1301 782 1356 τοῦ
804 1297 914 1377 Παγκὰ,
940 1295 1005 1372 ἔχον
1028 1295 1180 1370 νομίσματα
1205 1337 1405 1356 .......
1431 1291 1544 1353 διακόσια

191 1401 192 1404 ¹
255 1425 348 1500 χιάτα.
377 1423 469 1502 ἕτερον
492 1419 589 1479 πλοῖον
611 1417 753 1478 πλατίδιον
776 1417 936 1498 δικὰταρτον
962 1419 1183 1491 τιστικευόμενον
1210 1416 1284 1496 παρὰ
1306 1415 1453 1476 Βασιλείου
1476 1415 1544 1492 Είιρι-

254 1546 355 1604 πιῶτου
382 1546 427 1602 τοῦ
456 1543 657 1618 Μονοϊωάννου,
688 1535 877 1619 ἀπερχομένου
908 1542 952 1597 νῦν
978 1582 1145 1599 ......
1170 1538 1324 1614 νομίσματα
1353 1541 1545 1618 τεσσαράκοντα

259 1664 306 1726 δύο
329 1659 500 1749 ὑπέρ[τυρα].
529 1666 621 1744 ἕτερον
643 1661 740 1722 πλοῖον
763 1659 904 1721 πλατίδιον
933 1661 1037 1740 μικρόν,
1066 1662 1132 1740 ὅπερ
1156 1657 1301 1736 ἀπεστάλη
1324 1659 1398 1740 παρὰ
1419 1659 1474 1719 τῶν
1495 1655 1546 1743 [ευ-

257 1786 354 1862 λαβῶν
379 1780 442 1871 μου]
466 1783 595 1863 ἀδελφῶν
620 1783 648 1843 ἐν
670 1788 704 1865 τῇ
726 1783 823 1864 Κρήτη
846 1782 899 1841 ἀπό
922 1788 971 1857 τῆς
995 1783 1117 1862 Πάτμσυ,
1139 1783 1208 1862 πρός
1230 1781 1376 1862 ὑπηρεσίαν
1397 1786 1448 1857 τῆς
1470 1786 1547 1855 μονῆς

256 1951 494 1970 ........
518 1901 1545 1982 Ι........,.Πύρίκουμετδικαὶ.............

254 2027 285 2102 ἐξ
308 2030 358 2110 ἁρτ
371 2073 605 2091 ........
611 2009 638 2086 ⁴.
665 2073 670 2086 .
696 2074 703 2086 .
729 2071 735 2084 .
759 2031 813 2085 τῶν
840 2027 978 2104 τεσσάρων
1004 2024 1119 2105 πλοίων,
1148 2024 1217 2100 μετὰ
1243 2023 1291 2084 καί
1318 2023 1371 2084 τῶν
1395 2026 1472 2095 ζώων
1496 2026 1546 2082 ἁτ.

255 2193 780 2212 .................
805 2145 917 2225 ἀλόγων
943 2143 990 2204 καί
1016 2145 1120 2205 λοιπῶν
1149 2142 1218 2220 μετὰ
1244 2145 1291 2206 καί
1313 2153 1362 2221 τῆς
1384 2149 1456 2206 κατά
1479 2191 1486 2205 .
1510 2193 1515 2205 .
1540 2193 1545 2202 .

256 2315 684 2333 ..............
709 2268 899 2347 ὑπαρχόντων,
931 2261 968 2326 ὧν
999 2269 1043 2325 νόν
1074 2267 1245 2346 ἐκτησάμην,
1274 2274 1306 2348 τῇ
1337 2263 1482 2344 ἀντιλήψει
1506 2271 1548 2324 τοῦ

255 2374 384 2472 κραταιοῦ
406 2388 453 2450 καί
476 2389 553 2466 ἁγίου
575 2390 655 2465 ἡμῶν
678 2387 828 2468 βασιλέως,
854 2387 938 2466 ἤγουν
959 2389 993 2447 τὰ
1015 2407 1046 2446 τε
1070 2387 1098 2446 ἐν
1121 2394 1154 2469 τῇ
1176 2391 1250 2468 νήσῳ
1273 2388 1379 2467 Πάτμῳ
1401 2387 1449 2448 καὶ
1468 2388 1500 2447 τά
1522 2387 1547 2446 ἐν

252 2514 310 2583 τοῖς
338 2509 395 2570 δυσὶ
423 2509 602 2589 προαστείοις,
630 2512 675 2568 τοῦ
703 2528 733 2567 τε
760 2507 910 2589 Παρθενίου
941 2506 994 2568 καί
1018 2513 1064 2568 τοῦ
1090 2505 1238 2588 Τεμενίου,
1268 2515 1322 2568 τῶν
1354 2509 1382 2566 έν
1411 2514 1446 2590 τῇ
1473 2509 1548 2588 Λέρῳ

253 2631 301 2692 καὶ
327 2637 377 2706 τῆς
404 2632 510 2707 Λειψῶ.
545 2627 593 2688 καί
622 2626 644 2688 εί
672 2629 723 2706 μέν
751 2629 827 2688 ὲλθοι
849 2629 864 2687 6
886 2627 1136 2708 προμνημονευθεὶς
1163 2632 1286 2708 μοναχδς
1312 2634 1387 2710 κῡρις
1415 2630 1548 2710 Ἀροένιος

254 2751 456 2832 ὁΣκηνοόριος
484 2751 513 2811 ἐν
539 2757 572 2832 τῇ
596 2751 704 2832 τοιαίτη
732 2757 817 2834 μονῇ,
844 2750 888 2810 ἵνα
916 2751 970 2834 ἔχη
997 2752 1044 2825 τὴν
1068 2747 1190 2823 ἐξουσίαν
1213 2750 1259 2812 καὶ
1286 2755 1431 2832 κυριότητα
1457 2753 1548 2826 ταύτης

252 2872 375 2934 καὶτῶν
398 2874 465 2955 αθτῇ
489 2872 667 2953 διαφερόντων
697 2873 805 2932 πάντων
833 2869 864 2944 ἐξ
886 2872 1053 2952 ὁλοκλήρου,
1076 2873 1115 2944 ὡς
1138 2873 1265 2954 ἀνωτέρῳ
1289 2874 1457 2952 δεδήλωται,
1480 2871 1547 2932 κατόι

254 2997 303 3071 τὴν
329 2998 376 3055 τοῦ
402 2995 576 3074 πορισθέντος
604 3013 652 3068 μοι
673 2992 746 3052 θείου
768 2991 816 3052 καί
842 2997 1024 3072 προσκυνητοό
1050 2995 1256 3073 χρυσοβοόλλου
1283 2990 1440 3074 περίληψιν.
1470 2992 1492 3053 εί
1519 2993 1548 3052 δὲ

257 3119 287 3177 οῐι
309 3114 494 3192 καταδέξηται
516 3117 563 3190 τἠν
587 3116 711 3190 τοιαύτην
733 3113 910 3194 ἡγουμενίαν,
933 3115 962 3192 ἥ,
986 3116 1024 3188 ὡς
1048 3116 1260 3196 μεμαθήκαμεν,
1283 3117 1350 3196 τρδς
1373 3117 1464 3196 κόριον
1488 3113 1546 3188 ἐξε-

255 3238 389 3317 δήμησεν,
413 3237 517 3316 ἐπαφιῶ
540 3238 570 3296 τό
592 3237 771 3311 πνευματικόν
787 3256 839 3311 μου
860 3235 977 3316 παιδίον,
1001 3238 1046 3296 τόν
1068 3237 1265 3317 χαρτουλὰριον
1288 3235 1334 3297 καὶ
1356 3238 1547 3318 πατριαρχικδν

254 3361 375 3439 νοτὰριον
397 3362 471 3438 κόριν
495 3356 653 3437 Θεοδόσιον,
676 3358 721 3416 τὀν
745 3357 854 3433 ἀνεψιόν
877 3362 923 3416 τοῦ
946 3359 1129 3434 ἀποιχομένου
1155 3363 1235 3438 κυροῦ
1258 3359 1414 3439 Βασιλείου,
1438 3361 1482 3418 τόν
1504 3363 1547 3416 τοῦ

253 3479 430 3558 Καστριοίου,
458 3479 496 3550 ὡς
524 3478 555 3538 ἁν
583 3477 711 3537 ἀπελθὼν
740 3477 769 3536 έν
796 3483 829 3559 τῆ
857 3475 989 3560 εἰρημένῃ
1016 3478 1077 3560 θείᾳ
1103 3485 1173 3562 μονῇ
1200 3479 1247 3539 καὶ
1274 3479 1491 3560 ἀποκειράμενος
1521 3479 1547 3536 ἐν

253 3600 320 3681 αότῇ
351 3594 509 3680 προΐσταται
536 3596 583 3658 καὶ
609 3599 803 3679 ἡγουμενεὺει,
826 3599 969 3692 πρωτείων
992 3605 1045 3660 τῶν
1070 3599 1195 3680 ἀδελφῶν
1222 3603 1344 3681 πάντων,
1372 3603 1411 3677 μὴ
1439 3602 1548 3679 ἔχοντος

254 3722 335 3780 αὺτοῦ
362 3721 410 3795 τὴν
439 3715 534 3779 ἀδειαν
561 3723 607 3779 τοῦ
633 3719 693 3778 τινὰ
719 3725 773 3779 τῶν
801 3725 939 3800 συγγενῶν
967 3721 1046 3780 αυτοῦ
1074 3719 1194 3800 εἰσάγειν
1218 3723 1247 3782 έν
1274 3729 1307 3806 τῇ
1334 3724 1443 3806 τσισιόιη
1470 3727 1546 3802 μονῇ,

253 3839 300 3901 καί
329 3838 352 3900 εἰ
381 3841 431 3916 μέν
459 3839 544 3923 έλθη,
575 3842 613 3910 ὡς
636 3843 804 3920 προέφημεν,
835 3841 849 3898 6
876 3845 951 3920 κόρις
978 3842 1133 3922 Ἀρσένιος,
1160 3843 1207 3902 καί
1234 3843 1362 3918 βσίιλεται
1389 3843 1437 3904 καί
1463 3845 1547 3921 θέλει,

254 3963 299 4021 ἵνα
324 3955 482 4042 προίοταται
510 3963 592 4038 σίντης
617 4007 821 4022 .......
845 3963 928 4040 μέχρι
955 3965 1069 4022 θανάτου
1093 3966 1182 4044 αὺτοῦ,
1207 3965 1276 4024 έστω
1304 3967 1397 4036 οότως.
1426 3965 1549 4045 δεύτερος

255 4081 286 4142 δὲ
309 4078 430 4161 ἀδελφός
453 4076 521 4142 εἶναι
543 4083 558 4141 ό
581 4079 777 4158 μνημονευθεὶς
803 4085 877 4162 κΰρις
901 4081 1049 4155 Θεοδόσιος
1078 4083 1116 4156 είς
1142 4085 1191 4161 τὴν
1215 4087 1301 4160 μονὴν
1328 4087 1398 4162 μετὰ
1427 4089 1457 4146 τό
1479 4086 1550 4145 ἀπο-

254 4209 371 4283 καρῆναι
394 4205 482 4264 αὐτόν.
507 4201 530 4264 εί
554 4203 595 4282 δέ,
619 4205 657 4276 ὡς
678 4205 849 4283 προέφημεν,
873 4205 922 4264 οθκ
945 4205 1014 4287 έλθῃ
1039 4207 1053 4263 6
1076 4208 1199 4284 μοναχδς
1223 4205 1370 4286 Ἀρσένιος,
1397 4209 1440 4266 ἵνα
1463 4207 1550 4288 διοικῄ
1581 4221 1582 4224 ’

254 4326 343 4384 πάντα
369 4320 403 4383 τά
424 4329 474 4400 τῆς
497 4331 584 4400 μονῆς
606 4326 620 4383 ό
641 4327 823 4399 πνευματικός
846 4325 966 4404 ἀδελφός
992 4327 1072 4402 ἡμῶν
1096 4325 1254 4408 Θεοδόσιος,
1281 4327 1328 4388 καί
1354 4329 1431 4412 λάβῃ
1458 4328 1550 4409 κυρίαν

255 4443 301 4504 καί
335 4443 506 4517 αθτεξοὺσιον
538 4447 588 4520 τὴν
622 4445 727 4525 δωρεάν
762 4467 823 4524 μου,
858 4447 950 4518 καθὼς
986 4446 1088 4521 ἔλαβον
1124 4449 1181 4526 ἐγὼ
1211 4451 1225 4508 6
1258 4448 1396 4523 δηλωθείς
1430 4451 1550 4528 μοναχδς

257 4566 458 4647 Χριστόδσυλος
479 4566 554 4647 παρὰ
576 4571 622 4626 τοῦ
644 4570 772 4646 κραταιοῦ
794 4565 841 4626 καί
863 4568 941 4645 ἁγίου
962 4569 1042 4644 ἡμῶν
1066 4568 1217 4653 βασιλέως,
1241 4575 1317 4630 τοῦτο
1341 4573 1425 4646 μόνον
1447 4572 1550 4651 φυλάτ-

254 4707 310 4746 τειν
335 4689 413 4747 αὐτδν
437 4691 482 4746 τοῦ
505 4689 544 4762 μὴ
566 4689 725 4768 προσφέρειν
747 4687 821 4759 τινὰς
842 4688 870 4747 ἐν
894 4695 927 4770 τῇ
948 4697 1018 4774 μονῇ
1041 4697 1094 4750 τῶν
1117 4697 1256 4770 συγγενῶν
1280 4693 1369 4772 αίιτσῦ,
1391 4693 1426 4751 τά
1449 4693 1552 4752 δ’ἁλλσ
