3228 5294
1306 355 1348 422 63

53 543 164 626 ράραγξί
186 567 238 607 τισι
261 547 308 608 καί
332 549 494 624 αὐτομάτοις
521 549 661 624 κοιλότησι
683 549 746 608 καθ’
763 549 828 608 αὑτό
850 555 904 610 τῶν
925 548 1003 630 πέριξ
1030 549 1273 628 διαστελλόμενον,
1300 551 1348 610 καὶ

54 669 129 728 οἱονεί
149 691 176 730 τι
199 669 321 750 ρροίνριον
343 672 531 751 νομιζόμενον,
554 671 640 746 ήσθην
662 689 693 730 τε
716 670 814 730 αθτίκα
835 675 869 752 τῇ
891 674 938 730 τοῦ
959 673 1042 732 τόπου
1063 673 1137 732 θέσει
1151 671 1198 731 καὶ
1221 674 1347 748 οεμνεῖσν
1377 663 1379 668 ’

55 792 138 852 ἐκεῖσε
160 790 307 866 δείμασθαι
332 793 552 872 προτεθῦμημαι·
588 786 667 872 ᾤμην
689 792 744 871 γάρ
768 792 797 850 ἐν
821 791 894 870 αἰετῷ
916 791 955 872 τῷ
978 792 1035 874 όρει
1057 792 1151 869 οτήναί
1173 813 1219 869 μοι
1241 793 1276 853 τίι
1296 799 1347 870 τῆς

54 913 118 988 ἀλης
139 911 188 974 καί
209 911 364 974 ἀπολοῦσαι
391 913 442 988 μὲν
470 912 510 988 εἰς
531 915 615 988 τέλος
641 919 690 990 τῆς
711 913 842 994 ήσυχίας,
871 907 929 974 εἶτα
957 913 1004 974 καί
1026 915 1075 990 τήν
1103 914 1173 990 ἐμὴν
1195 915 1347 996 πηλδντῷ

55 1034 145 1114 Πηλίῳ
159 1036 247 1114 τοῦτιρ
262 1034 505 1118 ἐγκεκληρῶσθαι,
520 1035 589 1096 ἀλλ’
601 1034 663 1114 οἰιχὶ
679 1033 726 1096 καί
741 1037 815 1117 θεός,
832 1037 869 1108 ῶς
886 1037 985 1116 ἔοικεν,
1002 1020 1183 1115 ἐπεψηφίζετο
1197 1043 1230 1120 πή
1247 1037 1345 1120 βουλῇ.

147 1154 182 1227 ζ’.
207 1153 362 1216 Κάντεῦθεν
385 1157 443 1236 ἐγὼ
477 1159 537 1236 μέν,
575 1158 662 1218 καίτοι
694 1157 818 1230 πολλοὺς
847 1155 895 1218 καὶ
921 1158 1135 1238 ἀνεκδιηγήτους
1161 1159 1284 1231 ἀνατλὰς
1318 1161 1347 1219 ἐν

53 1279 86 1356 τῷ
109 1279 207 1358 Πηλίῳ
230 1279 343 1358 κόπους,
368 1280 411 1338 ἐπ’
428 1281 553 1357 ἐσχάτων
576 1281 698 1360 ήμαρτον
721 1284 767 1340 τοῦ
793 1284 903 1340 σκοποῦ.
934 1279 1024 1340 ἐδόκει
1052 1279 1083 1340 δέ
1111 1279 1165 1360 ἀρα
1185 1277 1225 1358 τῷ
1251 1277 1345 1361 κρείτ-

52 1421 100 1459 τονι
128 1403 177 1475 τὴν
210 1401 323 1476 [Ιάτμσν
355 1401 425 1476 μετὰ
454 1404 558 1478 πότμον
588 1397 659 1474 ἕξειν
690 1421 726 1476 με
755 1402 822 1480 προς
852 1403 951 1481 ταρήν·
986 1403 1045 1474 ταῖς
1072 1401 1126 1481 γάρ
1148 1405 1195 1462 τοῦ
1217 1402 1346 1482 ῥηθέντος

52 1521 174 1601 ἀδελφοῦ,
198 1525 281 1602 κυροῦ
295 1521 446 1604 Ἀροενίου,
467 1521 588 1594 πεισθείς
611 1523 825 1598 θποθημοσῦναις
848 1520 895 1582 καί
917 1523 1107 1604 παρακλήσεσι
1138 1520 1346 1607 (παραχωρήοω

52 1645 99 1724 γ’τρ
120 1643 158 1722 τῷ
180 1645 261 1724 λόγῳ
284 1646 380 1722 μικρόν
404 1644 571 1724 ἐνδιατρίψαι
593 1649 648 1718 τοῖς
670 1643 732 1724 περὶ
754 1645 785 1704 τό
809 1644 915 1720 Πηλίον
931 1651 984 1704 τῶν
999 1645 1063 1705 καθ’
1078 1647 1153 1720 ήμάς
1169 1643 1344 1732 διηγήμασι),

51 1769 104 1836 ταῖς
119 1765 280 1842 οἰκοδομαῖς
296 1764 430 1838 ἐνέβαλον
447 1765 575 1844 ἐμαυτόν,
591 1767 755 1846 συνάρασθαι
779 1765 830 1841 μέν
852 1761 981 1827 κάκείνου
1002 1765 1049 1826 καί
1072 1768 1127 1850 όλη
1148 1765 1221 1848 χειρὶ
1243 1788 1345 1844 συμπο·

52 1895 136 1967 νήοαι,
169 1889 200 1948 τέ
219 1891 327 1969 πρῶτον
346 1887 573 1966 ἰνπισχνουμένου,
600 1885 660 1964 μετ’
677 1889 708 1948 οῦ
726 1887 797 1948 πολὺ
813 1887 839 1947 δ’
856 1888 886 1948 ἐν
902 1889 994 1960 στίταῖς
1009 1891 1055 1948 τοῦ
1071 1887 1152 1968 ἔργου
1171 1891 1231 1960 ταῖς
1252 1887 1344 1964 εἰσβο-

51 2008 108 2079 λαῖς
131 2009 252 2088 δρκσμδν
280 2007 504 2084 μεμελετηκότος
534 2007 581 2069 καί
604 2010 707 2090 νύκτωρ
731 2005 963 2090 ἀναχωρήσαντος
988 2007 1035 2069 καί
1059 2007 1256 2090 ἀμεταστρεπτὶ
1277 2012 1345 2091 πρός

51 2131 81 2188 τέ
108 2131 290 2210 Ἱεροσόλυμα
320 2131 570 2203 καταπλεῦσαντος.
602 2129 720 2190 πλεῖστα
749 2135 891 2210 τοιγαροῦν
923 2133 1049 2208 μογήσας
1079 2129 1137 2212 ἐγὼ
1164 2129 1210 2190 καὶ
1236 2132 1345 2212 μυρίους

51 2251 160 2332 ἱδρῶτας
180 2251 229 2312 καί
251 2253 351 2324 πόνους
377 2252 533 2332 ῦπενεγκιίνν
562 2251 591 2311 ἐν
614 2253 684 2312 οότω
706 2255 811 2330 καιροῖς
834 2252 977 2322 δυσκόλοις
1000 2249 1046 2312 καί
1071 2255 1160 2334 πάντῃ
1182 2258 1235 2313 τῶν
1258 2253 1344 2333 ἀναγ-

51 2374 130 2432 καίων
148 2373 313 2452 σπανίζουσι,
335 2380 369 2456 τῇ
392 2375 496 2434 ἀνωθεν
516 2373 659 2456 συνεργείᾳ
680 2375 745 2434 ναόν
769 2373 802 2432 ἐκ
824 2373 933 2454 βάθρων
956 2374 1109 2450 ἐδειμάμην
1131 2373 1177 2434 καὶ
1200 2373 1240 2445 εἰς
1261 2376 1345 2448 τέλος

52 2491 178 2576 ἀπήρτισα
199 2495 359 2575 περικαλλῆ
381 2517 412 2556 τε
435 2493 481 2556 καί
504 2496 683 2576 ὡραιότατον,
713 2494 756 2554 ἐπ’
782 2495 893 2571 όνόματι
923 2499 1015 2556 τοῦτον
1042 2495 1152 2574 ἱδρῦσας
1180 2503 1231 2573 τῆς
1257 2497 1345 2576 ἀγνής

51 2617 223 2696 θεομήτορος.
248 2615 295 2676 καὶ
318 2619 411 2694 μέντοι
433 2581 480 2677 καί
502 2615 623 2697 θριγκίον
650 2615 698 2676 καί
717 2617 827 2688 κέλλας
848 2615 895 2676 καὶ
917 2613 1010 2676 τάλλα
1034 2617 1215 2696 ἐποιησάμην,
1238 2619 1290 2678 όσα
1313 2621 1343 2679 τδ

53 2737 190 2810 ἀποτελές
219 2738 267 2799 καί
298 2739 495 2819 ἀπηρτισμένου
529 2737 758 2819 χαρακτηρίζουσι
788 2741 999 2820 φροντιστήριον,
1030 2731 1113 2820 οὗπερ
1140 2739 1275 2819 ἀγάμενοι
1295 2742 1344 2816 τὴν

53 2861 204 2940 εἰκτρέπειαν
241 2859 289 2920 καί
324 2860 424 2941 ἀρετῆς
451 2861 576 2938 ἀτεχνῶς
603 2863 666 2920 πίιτδ
695 2861 874 2940 λογισάμενοι
904 2861 1079 2942 ἐργαστήριον
1111 2867 1164 2922 τῶν
1194 2861 1343 2942 οἰκητόρων

54 2988 98 3056 τῆς
119 2983 243 3062 βηθείσης
259 2984 342 3058 νήσου
358 2982 384 3043 οἰ
400 2983 585 3062 εῦσεβέστερσι
600 2981 647 3042 καὶ
662 2983 840 3063 ριλόχριστσι,
859 2980 1044 3063 προσενέξεις,
1066 2985 1105 3054 ὡς
1119 2981 1211 3062 ἰσχῦος
1227 2984 1343 3057 ἕκαστος

53 3097 107 3178 εἶχε
130 3103 176 3164 καέ
202 3106 399 3186 προαιρέσεως,
430 3104 459 3164 ἐν
486 3103 558 3184 αὐτῷ
586 3107 776 3182 πεποιήκασιν,
804 3105 853 3164 οῦκ
880 3103 910 3164 ἐν
936 3107 1055 3181 κτνητοῖς
1078 3107 1171 3184 μόνον,
1195 3103 1273 3164 ἀλλά
1294 3105 1342 3165 καί

54 3223 79 3281 ἐν
97 3221 229 3301 ἀκινήτοίς
248 3227 449 3307 θεωρουμένας.
475 3225 516 3306 ἐρ’
533 3217 574 3296 οἷς
589 3225 624 3301 δὴ
639 3231 715 3306 πᾶσι,
731 3229 787 3297 τοῖς
801 3245 832 3286 τε
848 3226 975 3302 δηλονότι
990 3229 1036 3286 τοῦ
1051 3226 1214 3308 Σκηνουρίσυ
1229 3247 1341 3304 κτήσει-

54 3345 112 3420 δέοις
132 3347 178 3408 καί
200 3349 258 3420 τοῖς
281 3348 553 3428 διενεγκοῦσινήμίν
574 3347 627 3408 ἀπδ
647 3345 843 3429 προσενέξεων,
866 3349 913 3408 καί
934 3347 1142 3428 χρυσόβουλλον
1164 3347 1251 3428 λόγον
1273 3349 1341 3410 ἐπυ-

55 3472 158 3546 ρισάμην
179 3473 227 3530 τοῦ
249 3473 397 3546 τηνικαῦτα
420 3475 474 3530 τῶν
497 3469 645 3550 ρωμαῖκῶν
674 3472 817 3550 σκήπτρων
845 3469 1050 3546 ἐπειλημμένου
1079 3473 1161 3552 κυροῦ
1187 3469 1342 3552 Νικηφόρον

52 3595 92 3646 τοῦ
111 3591 305 3671 Βστανειάτου,
328 3592 379 3666 τὴν
402 3592 488 3652 αἰντῶν
510 3591 576 3668 ήμίν
598 3593 723 3670 κατοχὴν
747 3589 895 3672 ἐδράζοντα
917 3588 965 3650 καὶ
987 3591 1152 3672 στηρίζοντα.

142 3713 179 3790 η’.
206 3711 262 3774 Καὶ
284 3715 359 3792 τάχα
381 3714 450 3794 πρές
473 3713 562 3794 βρκχίυ
585 3711 721 3790 ἐδόξαμεν
743 3713 867 3794 ήρεμεῖν.
898 3711 966 3773 ἀλλ’
983 3683 1022 3773 ότι
1045 3711 1148 3790 μεταξὺ
1170 3714 1225 3775 τῶν
1247 3713 1340 3776 οἰκου-

56 3833 131 3905 μένων
152 3833 224 3914 ήμεν
249 3835 400 3916 διάγοντες,
423 3835 469 3896 καί
493 3837 551 3909 τοῖς
572 3837 638 3913 ήμῖν
661 3835 851 3912 ἀνακειμένοις
881 3836 1124 3916 ἀγχιτερμονσῦσαι
1147 3841 1201 3896 τῶν
1224 3837 1341 3898 ἐποίκων

54 3959 94 4028 τῆς
116 3959 240 4034 τοιαθτης
267 3959 349 4033 νήσου
376 3959 487 4033 κτήσεις
516 3957 677 4038 ἐτόγχανον,
704 3960 853 4038 πράγματα
884 3952 961 4036 εἰχον
993 3955 1018 4017 οί
1047 3957 1093 4016 οῦν
1123 3955 1185 4032 ἐμοί
1215 3955 1340 4038 ἀδελφοί,

56 4075 93 4134 κιί
112 4078 233 4160 διαροραί
257 4079 348 4152 αἰετοῖς
369 4081 437 4159 πρός
458 4077 522 4151 τοὺς
543 4079 744 4154 πλησιάζοντας
767 4077 950 4159 ἀπετίκτοντο,
969 4077 1114 4138 κάντεῦθεν
1137 4077 1254 4156 όχλησις
1275 4081 1341 4155 ήμῖν

59 4193 191 4276 ἐπεγίνετο,
218 4205 273 4262 τῶν
304 4199 424 4260 ἀστικῶν
448 4199 570 4280 θσρῦβων
596 4199 675 4261 οθδέν
702 4199 897 4262 διαλάττουσα.
929 4199 1092 4280 ὑπέθραττεν
1120 4198 1167 4262 οὖν
1190 4221 1225 4275 με
1259 4199 1342 4273 «δέος
1392 4269 1396 4276 ,

58 4318 100 4377 σῦκ
119 4319 226 4402 ἀδεές»,
250 4325 328 4382 τοῦτο
352 4321 386 4398 δὴ
409 4324 440 4382 τό
466 4322 661 4404 παροιμιῶδες,
688 4323 795 4398 μήποτε
823 4317 876 4402 ἄρα
901 4326 955 4381 τῶν
983 4320 1058 4397 ἐμῶν
1085 4320 1228 4402 ἀδελφῶν,
1259 4322 1273 4382 ἐ
1328 4355 1340 4369 -

58 4434 223 4518 λινδυυμένων
248 4443 322 4504 κατὰ
351 4449 441 4505 πᾶσαν
469 4445 593 4524 ἀνάγκην
621 4443 678 4524 καί,
711 4443 746 4502 ἵν’
762 4444 847 4516 οῦτως
870 4441 947 4518 εἴπω,
971 4441 1216 4528 ίλυσπσμένωντή
1240 4467 1340 4527 συρρε,

58 4552 126 4622 τόδει
144 4565 226 4649 τῦρβῃ
249 4569 303 4627 τῶν
327 4565 458 4646 βρασμῶν
479 4571 533 4625 τῶν
556 4566 691 4640 βιωτικῶν
727 4565 774 4624 καί
800 4569 942 4640 κοσμικαῖς
969 4565 1081 4646 ἀνδράσι
1114 4570 1340 4646 συμμιγνυμένων

58 4679 99 4738 καί
121 4683 202 4758 δόσεις
227 4689 297 4770 πρός
325 4688 420 4758 αθτοίις
447 4685 495 4748 καί
521 4687 622 4764 λήψεις
650 4685 843 4766 ἐργαζομένων
880 4687 927 4748 καὶ
955 4687 1095 4766 διαμάχας
1122 4689 1161 4760 ὡς
1189 4689 1222 4748 τά
1244 4689 1340 4750 πολλὰ
